<?xml version="1.0" encoding="UTF-8"?>
<!DOCTYPE html PUBLIC "-//W3C//DTD XHTML 1.0 Transitional//EN"
    "http://www.w3.org/TR/xhtml1/DTD/xhtml1-transitional.dtd">
<html xmlns="http://www.w3.org/1999/xhtml" xml:lang="en" lang="en">
 <head>
  <title>
</title>
<meta http-equiv="Content-Type" content="text/html;charset=utf-8" />
  <meta name='ocr-system' content='tesseract 3.04.00' />
  <meta name='ocr-capabilities' content='ocr_page ocr_carea ocr_par ocr_line ocrx_word'/>
</head>
<body>
  <div class='ocr_page' id='page_1' title='image "./epigrammata02martuoft/epigrammata02martuoft_0366.png"; bbox 0 0 1978 3305; ppageno 0'>
   <div class='ocr_carea' id='block_1_1' title="bbox 470 240 564 287">
    <p class='ocr_par' dir='ltr' id='par_1_1' title="bbox 470 240 564 287">
     <span class='ocr_line' id='line_1_1' title="bbox 470 240 564 287; baseline 0 -1"><span class='ocrx_word' id='word_1_1' title='bbox 470 240 564 287; x_wconf 76' lang='lat'>352</span> 
     </span>
    </p>
   </div>
   <div class='ocr_carea' id='block_1_2' title="bbox 842 244 1500 287">
    <p class='ocr_par' dir='ltr' id='par_1_2' title="bbox 842 244 1500 287">
     <span class='ocr_line' id='line_1_2' title="bbox 842 244 1500 287; baseline 0.002 -1"><span class='ocrx_word' id='word_1_2' title='bbox 842 245 904 286; x_wconf 91' lang='lat' dir='ltr'>M.</span> <span class='ocrx_word' id='word_1_3' title='bbox 930 244 1072 287; x_wconf 88' lang='lat' dir='ltr'>VAL.</span> <span class='ocrx_word' id='word_1_4' title='bbox 1106 244 1500 287; x_wconf 90' lang='lat' dir='ltr'>MARTIALIS</span> 
     </span>
    </p>
   </div>
   <div class='ocr_carea' id='block_1_3' title="bbox 1059 409 1283 466">
    <p class='ocr_par' dir='ltr' id='par_1_3' title="bbox 1059 409 1283 466">
     <span class='ocr_line' id='line_1_3' title="bbox 1059 409 1283 466; baseline 0 -1"><span class='ocrx_word' id='word_1_5' title='bbox 1059 409 1283 466; x_wconf 88' lang='lat' dir='ltr'><strong>LXVI.</strong></span> 
     </span>
    </p>
   </div>
   <div class='ocr_carea' id='block_1_4' title="bbox 853 562 1494 594">
    <p class='ocr_par' dir='ltr' id='par_1_4' title="bbox 853 562 1494 594">
     <span class='ocr_line' id='line_1_4' title="bbox 853 562 1494 594; baseline -0.003 0"><span class='ocrx_word' id='word_1_6' title='bbox 853 566 922 594; x_wconf 88' lang='lat' dir='ltr'>DE</span> <span class='ocrx_word' id='word_1_7' title='bbox 960 564 1302 594; x_wconf 86' lang='lat' dir='ltr'>CONSULATU</span> <span class='ocrx_word' id='word_1_8' title='bbox 1341 562 1494 593; x_wconf 81' lang='lat' dir='ltr'><strong>SILII.</strong></span> 
     </span>
    </p>
   </div>
   <div class='ocr_carea' id='block_1_5' title="bbox 640 687 1891 1311">
    <p class='ocr_par' dir='ltr' id='par_1_5' title="bbox 640 687 1891 1311">
     <span class='ocr_line' id='line_1_5' title="bbox 678 687 1493 749; baseline -0.002 -17"><span class='ocrx_word' id='word_1_9' title='bbox 678 689 904 732; x_wconf 82' lang='lat' dir='ltr'>AUGUSTO</span> <span class='ocrx_word' id='word_1_10' title='bbox 934 689 1005 749; x_wconf 86' lang='lat' dir='ltr'>pia</span> <span class='ocrx_word' id='word_1_11' title='bbox 1034 687 1186 743; x_wconf 87' lang='lat' dir='ltr'>thura,</span> <span class='ocrx_word' id='word_1_12' title='bbox 1208 687 1493 747; x_wconf 85' lang='lat' dir='ltr'>victimasque</span> 
     </span>
     <span class='ocr_line' id='line_1_6' title="bbox 682 757 1484 811; baseline -0.002 -9"><span class='ocrx_word' id='word_1_13' title='bbox 682 760 766 802; x_wconf 89' lang='lat' dir='ltr'>Pro</span> <span class='ocrx_word' id='word_1_14' title='bbox 795 767 947 802; x_wconf 89' lang='lat' dir='ltr'>nostro</span> <span class='ocrx_word' id='word_1_15' title='bbox 973 757 1073 801; x_wconf 87' lang='lat' dir='ltr'>date</span> <span class='ocrx_word' id='word_1_16' title='bbox 1098 757 1226 811; x_wconf 84' lang='lat' dir='ltr'>Silio,</span> <span class='ocrx_word' id='word_1_17' title='bbox 1250 759 1484 802; x_wconf 83' lang='lat' dir='ltr'>Camoenae.</span> 
     </span>
     <span class='ocr_line' id='line_1_7' title="bbox 640 827 1466 888; baseline -0.001 -16"><span class='ocrx_word' id='word_1_18' title='bbox 640 868 645 872; x_wconf 93' lang='grc'><em>,</em></span> <span class='ocrx_word' id='word_1_19' title='bbox 677 829 749 872; x_wconf 86' lang='lat' dir='ltr'>Bis</span> <span class='ocrx_word' id='word_1_20' title='bbox 779 845 906 872; x_wconf 90' lang='lat' dir='ltr'>senos</span> <span class='ocrx_word' id='word_1_21' title='bbox 927 828 1054 888; x_wconf 88' lang='lat' dir='ltr'>jubet</span> <span class='ocrx_word' id='word_1_22' title='bbox 1081 844 1135 871; x_wconf 92' lang='lat' dir='ltr'>en</span> <span class='ocrx_word' id='word_1_23' title='bbox 1161 827 1303 872; x_wconf 85' lang='lat' dir='ltr'>redire.</span> <span class='ocrx_word' id='word_1_24' title='bbox 1329 827 1466 872; x_wconf 87' lang='lat' dir='ltr'>fasces</span> 
     </span>
     <span class='ocr_line' id='line_1_8' title="bbox 681 897 1420 958; baseline -0.004 -15"><span class='ocrx_word' id='word_1_25' title='bbox 681 900 798 943; x_wconf 90' lang='lat' dir='ltr'>Nato</span> <span class='ocrx_word' id='word_1_26' title='bbox 823 898 1001 943; x_wconf 89' lang='lat' dir='ltr'>consule</span> <span class='ocrx_word' id='word_1_27' title='bbox 1016 934 1027 955; x_wconf 84' lang='lat'>,</span> <span class='ocrx_word' id='word_1_28' title='bbox 1049 897 1271 958; x_wconf 82' lang='lat' dir='ltr'>nobilique</span> <span class='ocrx_word' id='word_1_29' title='bbox 1296 898 1420 958; x_wconf 86' lang='lat' dir='ltr'>virga</span> 
     </span>
     <span class='ocr_line' id='line_1_9' title="bbox 683 968 1891 1014; baseline 0 -1"><span class='ocrx_word' id='word_1_30' title='bbox 683 970 808 1014; x_wconf 88' lang='lat' dir='ltr'>Vatis</span> <span class='ocrx_word' id='word_1_31' title='bbox 835 968 1070 1012; x_wconf 85' lang='lat' dir='ltr'>Castaliam</span> <span class='ocrx_word' id='word_1_32' title='bbox 1099 968 1281 1012; x_wconf 85' lang='lat' dir='ltr'>domum</span> <span class='ocrx_word' id='word_1_33' title='bbox 1307 984 1476 1012; x_wconf 90' lang='lat' dir='ltr'>sonare.</span> <span class='ocrx_word' id='word_1_34' title='bbox 1879 990 1891 1013; x_wconf 73' lang='lat' dir='ltr'>s</span> 
     </span>
     <span class='ocr_line' id='line_1_10' title="bbox 682 1036 1533 1100; baseline -0.004 -17"><span class='ocrx_word' id='word_1_35' title='bbox 682 1040 848 1083; x_wconf 81' lang='lat' dir='ltr'>Rerum</span> <span class='ocrx_word' id='word_1_36' title='bbox 878 1040 1019 1100; x_wconf 88' lang='lat' dir='ltr'>prima</span> <span class='ocrx_word' id='word_1_37' title='bbox 1046 1036 1160 1082; x_wconf 87' lang='lat' dir='ltr'>salus</span> <span class='ocrx_word' id='word_1_38' title='bbox 1187 1047 1231 1081; x_wconf 87' lang='lat' dir='ltr'>et</span> <span class='ocrx_word' id='word_1_39' title='bbox 1254 1053 1341 1081; x_wconf 88' lang='lat' dir='ltr'>una</span> <span class='ocrx_word' id='word_1_40' title='bbox 1365 1039 1533 1093; x_wconf 85' lang='lat' dir='ltr'>Caesar,</span> 
     </span>
     <span class='ocr_line' id='line_1_11' title="bbox 683 1104 1593 1170; baseline -0.003 -16"><span class='ocrx_word' id='word_1_41' title='bbox 683 1109 906 1154; x_wconf 79' lang='lat' dir='ltr'>Gaudenti</span> <span class='ocrx_word' id='word_1_42' title='bbox 931 1118 1128 1170; x_wconf 86' lang='lat' dir='ltr'>superest</span> <span class='ocrx_word' id='word_1_43' title='bbox 1154 1107 1298 1152; x_wconf 86' lang='lat' dir='ltr'>adhuc</span> <span class='ocrx_word' id='word_1_44' title='bbox 1324 1104 1442 1168; x_wconf 85' lang='lat' dir='ltr'>quod</span> <span class='ocrx_word' id='word_1_45' title='bbox 1471 1117 1593 1168; x_wconf 89' lang='lat' dir='ltr'>optet</span> 
     </span>
     <span class='ocr_line' id='line_1_12' title="bbox 685 1177 1512 1240; baseline -0.001 -17"><span class='ocrx_word' id='word_1_46' title='bbox 685 1179 800 1223; x_wconf 84' lang='lat' dir='ltr'>Felix</span> <span class='ocrx_word' id='word_1_47' title='bbox 829 1194 1053 1240; x_wconf 87' lang='lat' dir='ltr'>purpura,</span> <span class='ocrx_word' id='word_1_48' title='bbox 1076 1179 1318 1239; x_wconf 85' lang='lat' dir='ltr'>tertiusque</span> <span class='ocrx_word' id='word_1_49' title='bbox 1345 1177 1512 1222; x_wconf 88' lang='lat' dir='ltr'>consul.</span> 
     </span>
     <span class='ocr_line' id='line_1_13' title="bbox 683 1246 1436 1311; baseline -0.001 -18"><span class='ocrx_word' id='word_1_50' title='bbox 683 1250 894 1311; x_wconf 90' lang='lat' dir='ltr'>Pompeio</span> <span class='ocrx_word' id='word_1_51' title='bbox 920 1246 1090 1293; x_wconf 86' lang='lat' dir='ltr'>dederit</span> <span class='ocrx_word' id='word_1_52' title='bbox 1113 1248 1214 1294; x_wconf 86' lang='lat' dir='ltr'>licet</span> <span class='ocrx_word' id='word_1_53' title='bbox 1236 1258 1410 1293; x_wconf 90' lang='lat' dir='ltr'>senatus</span> <span class='ocrx_word' id='word_1_54' title='bbox 1424 1284 1436 1304; x_wconf 85' lang='lat'>‚</span> 
     </span>
    </p>
   </div>
   <div class='ocr_carea' id='block_1_6' title="bbox 476 1390 1171 2709">
    <p class='ocr_par' dir='ltr' id='par_1_6' title="bbox 476 1390 1159 1692">
     <span class='ocr_line' id='line_1_14' title="bbox 526 1390 1155 1438; baseline -0.003 -10"><span class='ocrx_word' id='word_1_55' title='bbox 526 1390 541 1404; x_wconf 73' lang='lat'>⁰¹</span> <span class='ocrx_word' id='word_1_56' title='bbox 569 1394 800 1428; x_wconf 84' lang='lat' dir='ltr'>Consulatum</span> <span class='ocrx_word' id='word_1_57' title='bbox 831 1392 915 1434; x_wconf 87' lang='lat' dir='ltr'>filii,</span> <span class='ocrx_word' id='word_1_58' title='bbox 947 1405 1021 1427; x_wconf 85' lang='lat' dir='ltr'>uon</span> <span class='ocrx_word' id='word_1_59' title='bbox 1048 1392 1155 1438; x_wconf 86' lang='lat' dir='ltr'>patris</span> 
     </span>
     <span class='ocr_line' id='line_1_15' title="bbox 476 1445 1158 1491; baseline -0.004 -10"><span class='ocrx_word' id='word_1_60' title='bbox 476 1446 574 1491; x_wconf 87' lang='lat' dir='ltr'>Silii,</span> <span class='ocrx_word' id='word_1_61' title='bbox 602 1455 706 1480; x_wconf 88' lang='lat' dir='ltr'>ornat</span> <span class='ocrx_word' id='word_1_62' title='bbox 726 1446 884 1480; x_wconf 86' lang='lat' dir='ltr'>carmine</span> <span class='ocrx_word' id='word_1_63' title='bbox 905 1445 1100 1487; x_wconf 85' lang='lat' dir='ltr'>Martialis;</span> <span class='ocrx_word' id='word_1_64' title='bbox 1124 1454 1158 1479; x_wconf 87' lang='lat' dir='ltr'>et</span> 
     </span>
     <span class='ocr_line' id='line_1_16' title="bbox 476 1497 1158 1546; baseline -0.001 -13"><span class='ocrx_word' id='word_1_65' title='bbox 476 1508 596 1546; x_wconf 88' lang='lat' dir='ltr'>optat,</span> <span class='ocrx_word' id='word_1_66' title='bbox 622 1508 662 1533; x_wconf 89' lang='lat' dir='ltr'>ut</span> <span class='ocrx_word' id='word_1_67' title='bbox 687 1498 866 1545; x_wconf 83' lang='lat' dir='ltr'>quondam</span> <span class='ocrx_word' id='word_1_68' title='bbox 891 1507 926 1532; x_wconf 88' lang='lat' dir='ltr'>et</span> <span class='ocrx_word' id='word_1_69' title='bbox 951 1499 1039 1532; x_wconf 84' lang='lat' dir='ltr'>alter</span> <span class='ocrx_word' id='word_1_70' title='bbox 1063 1497 1158 1532; x_wconf 84' lang='lat' dir='ltr'>filius</span> 
     </span>
     <span class='ocr_line' id='line_1_17' title="bbox 476 1551 1159 1597; baseline -0.003 -11"><span class='ocrx_word' id='word_1_71' title='bbox 476 1554 598 1586; x_wconf 86' lang='lat' dir='ltr'>consul</span> <span class='ocrx_word' id='word_1_72' title='bbox 628 1561 786 1593; x_wconf 75' lang='lat' dir='ltr'>creetur-3</span> <span class='ocrx_word' id='word_1_73' title='bbox 814 1552 934 1597; x_wconf 90' lang='lat' dir='ltr'>sicque</span> <span class='ocrx_word' id='word_1_74' title='bbox 959 1551 1159 1585; x_wconf 83' lang='lat' dir='ltr'>consulares</span> 
     </span>
     <span class='ocr_line' id='line_1_18' title="bbox 478 1602 1158 1639; baseline -0.003 0"><span class='ocrx_word' id='word_1_75' title='bbox 478 1607 584 1639; x_wconf 83' lang='lat' dir='ltr'>fasces</span> <span class='ocrx_word' id='word_1_76' title='bbox 604 1613 657 1639; x_wconf 88' lang='lat' dir='ltr'>ter</span> <span class='ocrx_word' id='word_1_77' title='bbox 675 1604 717 1639; x_wconf 90' lang='lat' dir='ltr'>ad</span> <span class='ocrx_word' id='word_1_78' title='bbox 739 1604 884 1639; x_wconf 89' lang='lat' dir='ltr'>domum</span> <span class='ocrx_word' id='word_1_79' title='bbox 904 1603 981 1638; x_wconf 88' lang='lat' dir='ltr'>Silii</span> <span class='ocrx_word' id='word_1_80' title='bbox 1000 1602 1158 1638; x_wconf 86' lang='lat' dir='ltr'>redeant.</span> 
     </span>
     <span class='ocr_line' id='line_1_19' title="bbox 476 1659 595 1692; baseline -0.008 0"><span class='ocrx_word' id='word_1_81' title='bbox 476 1659 595 1692; x_wconf 78' lang='lat' dir='ltr'>Rader.</span> 
     </span>
    </p>

    <p class='ocr_par' dir='ltr' id='par_1_7' title="bbox 477 1709 1161 1798">
     <span class='ocr_line' id='line_1_20' title="bbox 540 1709 1161 1756; baseline -0.003 -11"><span class='ocrx_word' id='word_1_82' title='bbox 540 1724 572 1745; x_wconf 88' lang='lat'>1.</span> <span class='ocrx_word' id='word_1_83' title='bbox 598 1711 757 1756; x_wconf 77' lang='lat' dir='ltr'>Augusto.</span> <span class='ocrx_word' id='word_1_84' title='bbox 790 1710 1001 1756; x_wconf 86' lang='lat' dir='ltr'>Imperatori</span> <span class='ocrx_word' id='word_1_85' title='bbox 1031 1709 1161 1744; x_wconf 89' lang='lat' dir='ltr'>scilicet</span> 
     </span>
     <span class='ocr_line' id='line_1_21' title="bbox 477 1763 693 1798; baseline 0.005 -1"><span class='ocrx_word' id='word_1_86' title='bbox 477 1763 693 1798; x_wconf 81' lang='lat' dir='ltr'>Domitiano.</span> 
     </span>
    </p>

    <p class='ocr_par' dir='ltr' id='par_1_8' title="bbox 479 1814 1168 2444">
     <span class='ocr_line' id='line_1_22' title="bbox 535 1814 1162 1857; baseline -0.002 -6"><span class='ocrx_word' id='word_1_87' title='bbox 535 1831 569 1851; x_wconf 79' lang='lat'>2.</span> <span class='ocrx_word' id='word_1_88' title='bbox 595 1818 664 1851; x_wconf 81' lang='lat' dir='ltr'>Pro</span> <span class='ocrx_word' id='word_1_89' title='bbox 690 1825 796 1850; x_wconf 70' lang='lat' dir='ltr'>‘vestro</span> <span class='ocrx_word' id='word_1_90' title='bbox 826 1815 937 1850; x_wconf 81' lang='lat' dir='ltr'>codex</span> <span class='ocrx_word' id='word_1_91' title='bbox 965 1814 1162 1857; x_wconf 83' lang='lat' dir='ltr'>Palatinus,</span> 
     </span>
     <span class='ocr_line' id='line_1_23' title="bbox 480 1867 1160 1916; baseline -0.003 -12"><span class='ocrx_word' id='word_1_92' title='bbox 480 1883 556 1916; x_wconf 81' lang='lat' dir='ltr'>quae</span> <span class='ocrx_word' id='word_1_93' title='bbox 573 1870 680 1904; x_wconf 89' lang='lat' dir='ltr'>lectio</span> <span class='ocrx_word' id='word_1_94' title='bbox 701 1869 894 1916; x_wconf 87' lang='lat' dir='ltr'>impensius</span> <span class='ocrx_word' id='word_1_95' title='bbox 914 1867 1047 1902; x_wconf 80' lang='lat' dir='ltr'>arridet</span> <span class='ocrx_word' id='word_1_96' title='bbox 1066 1869 1160 1902; x_wconf 92' lang='lat' dir='ltr'>Gru-</span> 
     </span>
     <span class='ocr_line' id='line_1_24' title="bbox 479 1922 1162 1967; baseline -0.003 -10"><span class='ocrx_word' id='word_1_97' title='bbox 479 1932 567 1957; x_wconf 87' lang='lat' dir='ltr'>tero.</span> <span class='ocrx_word' id='word_1_98' title='bbox 591 1944 644 1950; x_wconf 90' lang='lat'>—</span> <span class='ocrx_word' id='word_1_99' title='bbox 664 1924 750 1956; x_wconf 84' lang='lat' dir='ltr'>Date</span> <span class='ocrx_word' id='word_1_100' title='bbox 771 1922 865 1956; x_wconf 87' lang='lat' dir='ltr'>Silio.</span> <span class='ocrx_word' id='word_1_101' title='bbox 893 1922 1008 1967; x_wconf 88' lang='lat' dir='ltr'>Cujus</span> <span class='ocrx_word' id='word_1_102' title='bbox 1029 1922 1122 1955; x_wconf 87' lang='lat' dir='ltr'>filius</span> <span class='ocrx_word' id='word_1_103' title='bbox 1144 1934 1162 1955; x_wconf 85' lang='lat' dir='ltr'>a</span> 
     </span>
     <span class='ocr_line' id='line_1_25' title="bbox 480 1975 1162 2010; baseline -0.003 -1"><span class='ocrx_word' id='word_1_104' title='bbox 480 1976 683 2010; x_wconf 88' lang='lat' dir='ltr'>Domitiano</span> <span class='ocrx_word' id='word_1_105' title='bbox 707 1984 842 2009; x_wconf 86' lang='lat' dir='ltr'>creatus</span> <span class='ocrx_word' id='word_1_106' title='bbox 865 1983 916 2008; x_wconf 86' lang='lat' dir='ltr'>est</span> <span class='ocrx_word' id='word_1_107' title='bbox 937 1975 1062 2008; x_wconf 85' lang='lat' dir='ltr'>consul</span> <span class='ocrx_word' id='word_1_108' title='bbox 1083 1987 1162 2009; x_wconf 92' lang='lat' dir='ltr'>cum</span> 
     </span>
     <span class='ocr_line' id='line_1_26' title="bbox 480 2027 1164 2072; baseline 0 -10"><span class='ocrx_word' id='word_1_109' title='bbox 480 2029 626 2063; x_wconf 82' lang='lat' dir='ltr'>Sextilio</span> <span class='ocrx_word' id='word_1_110' title='bbox 638 2028 828 2070; x_wconf 85' lang='lat' dir='ltr'>Laterano,</span> <span class='ocrx_word' id='word_1_111' title='bbox 842 2040 935 2061; x_wconf 89' lang='lat' dir='ltr'>anno</span> <span class='ocrx_word' id='word_1_112' title='bbox 950 2027 996 2060; x_wconf 88' lang='lat' dir='ltr'>U.</span> <span class='ocrx_word' id='word_1_113' title='bbox 1011 2027 1051 2061; x_wconf 91' lang='lat' dir='ltr'>C.</span> <span class='ocrx_word' id='word_1_114' title='bbox 1068 2029 1140 2072; x_wconf 77' lang='grc'>847</span> <span class='ocrx_word' id='word_1_115' title='bbox 1155 2053 1164 2068; x_wconf 93' lang='grc'><em>,</em></span> 
     </span>
     <span class='ocr_line' id='line_1_27' title="bbox 482 2079 1164 2126; baseline -0.003 -11"><span class='ocrx_word' id='word_1_116' title='bbox 482 2082 614 2116; x_wconf 86' lang='lat' dir='ltr'>Christi</span> <span class='ocrx_word' id='word_1_117' title='bbox 636 2082 709 2115; x_wconf 89' lang='lat' dir='ltr'>nati</span> <span class='ocrx_word' id='word_1_118' title='bbox 737 2086 797 2126; x_wconf 76' lang='lat'>94.</span> <span class='ocrx_word' id='word_1_119' title='bbox 822 2081 926 2114; x_wconf 87' lang='lat' dir='ltr'>Silius</span> <span class='ocrx_word' id='word_1_120' title='bbox 948 2079 1041 2113; x_wconf 87' lang='lat' dir='ltr'>enim</span> <span class='ocrx_word' id='word_1_121' title='bbox 1066 2089 1164 2126; x_wconf 87' lang='lat' dir='ltr'>pater</span> 
     </span>
     <span class='ocr_line' id='line_1_28' title="bbox 481 2132 1165 2169; baseline -0.004 -1"><span class='ocrx_word' id='word_1_122' title='bbox 481 2135 587 2168; x_wconf 87' lang='lat' dir='ltr'>semel</span> <span class='ocrx_word' id='word_1_123' title='bbox 610 2142 745 2169; x_wconf 87' lang='lat' dir='ltr'>tantum</span> <span class='ocrx_word' id='word_1_124' title='bbox 771 2134 893 2168; x_wconf 88' lang='lat' dir='ltr'>consul</span> <span class='ocrx_word' id='word_1_125' title='bbox 917 2132 985 2166; x_wconf 81' lang='lat' dir='ltr'>fuit</span> <span class='ocrx_word' id='word_1_126' title='bbox 1004 2145 1046 2166; x_wconf 89' lang='lat' dir='ltr'>eo</span> <span class='ocrx_word' id='word_1_127' title='bbox 1072 2145 1165 2166; x_wconf 85' lang='lat' dir='ltr'>anno</span> 
     </span>
     <span class='ocr_line' id='line_1_29' title="bbox 482 2186 1165 2234; baseline -0.004 -13"><span class='ocrx_word' id='word_1_128' title='bbox 482 2200 553 2233; x_wconf 81' lang='lat' dir='ltr'>quo</span> <span class='ocrx_word' id='word_1_129' title='bbox 569 2188 674 2234; x_wconf 86' lang='lat' dir='ltr'>periit</span> <span class='ocrx_word' id='word_1_130' title='bbox 691 2187 786 2221; x_wconf 89' lang='lat' dir='ltr'>Nero</span> <span class='ocrx_word' id='word_1_131' title='bbox 798 2214 806 2228; x_wconf 95' lang='lat'>‚</span> <span class='ocrx_word' id='word_1_132' title='bbox 828 2195 867 2220; x_wconf 91' lang='lat' dir='ltr'>ut</span> <span class='ocrx_word' id='word_1_133' title='bbox 880 2194 1016 2219; x_wconf 88' lang='lat' dir='ltr'>constat</span> <span class='ocrx_word' id='word_1_134' title='bbox 1033 2197 1072 2219; x_wconf 86' lang='lat' dir='ltr'>ex</span> <span class='ocrx_word' id='word_1_135' title='bbox 1093 2186 1165 2219; x_wconf 91' lang='lat' dir='ltr'>Pli-</span> 
     </span>
     <span class='ocr_line' id='line_1_30' title="bbox 482 2237 1165 2287; baseline -0.006 -13"><span class='ocrx_word' id='word_1_136' title='bbox 482 2241 532 2274; x_wconf 82' lang='lat' dir='ltr'>nii</span> <span class='ocrx_word' id='word_1_137' title='bbox 559 2240 709 2287; x_wconf 86' lang='lat' dir='ltr'>junioris</span> <span class='ocrx_word' id='word_1_138' title='bbox 733 2241 796 2274; x_wconf 88' lang='lat' dir='ltr'>lib.</span> <span class='ocrx_word' id='word_1_139' title='bbox 820 2239 894 2280; x_wconf 95' lang='lat' dir='ltr'>III,</span> <span class='ocrx_word' id='word_1_140' title='bbox 916 2238 1016 2284; x_wconf 90' lang='lat' dir='ltr'>epist.</span> <span class='ocrx_word' id='word_1_141' title='bbox 1043 2250 1083 2283; x_wconf 84' lang='lat'>7,</span> <span class='ocrx_word' id='word_1_142' title='bbox 1105 2237 1165 2284; x_wconf 88' lang='lat' dir='ltr'>qui</span> 
     </span>
     <span class='ocr_line' id='line_1_31' title="bbox 483 2290 1167 2327; baseline -0.004 0"><span class='ocrx_word' id='word_1_143' title='bbox 483 2294 590 2327; x_wconf 79' lang='lat' dir='ltr'>vitam</span> <span class='ocrx_word' id='word_1_144' title='bbox 619 2293 724 2327; x_wconf 84' lang='lat' dir='ltr'>simul</span> <span class='ocrx_word' id='word_1_145' title='bbox 755 2301 788 2326; x_wconf 88' lang='lat' dir='ltr'>et</span> <span class='ocrx_word' id='word_1_146' title='bbox 814 2300 965 2325; x_wconf 88' lang='lat' dir='ltr'>mortem</span> <span class='ocrx_word' id='word_1_147' title='bbox 997 2299 1031 2324; x_wconf 85' lang='lat' dir='ltr'>et</span> <span class='ocrx_word' id='word_1_148' title='bbox 1053 2290 1167 2324; x_wconf 78' lang='lat' dir='ltr'>studia</span> 
     </span>
     <span class='ocr_line' id='line_1_32' title="bbox 485 2343 1168 2380; baseline -0.003 -1"><span class='ocrx_word' id='word_1_149' title='bbox 485 2346 561 2380; x_wconf 83' lang='lat' dir='ltr'>Silii</span> <span class='ocrx_word' id='word_1_150' title='bbox 591 2346 701 2380; x_wconf 85' lang='lat' dir='ltr'>Italici</span> <span class='ocrx_word' id='word_1_151' title='bbox 730 2345 885 2379; x_wconf 87' lang='lat' dir='ltr'>breviter</span> <span class='ocrx_word' id='word_1_152' title='bbox 911 2352 1040 2378; x_wconf 81' lang='lat' dir='ltr'>narrat.</span> <span class='ocrx_word' id='word_1_153' title='bbox 1074 2343 1168 2377; x_wconf 74' lang='lat' dir='ltr'>Vide</span> 
     </span>
     <span class='ocr_line' id='line_1_33' title="bbox 484 2398 1046 2444; baseline -0.005 -12"><span class='ocrx_word' id='word_1_154' title='bbox 484 2400 587 2433; x_wconf 81' lang='lat' dir='ltr'>etiam</span> <span class='ocrx_word' id='word_1_155' title='bbox 610 2400 673 2433; x_wconf 91' lang='lat' dir='ltr'>lib.</span> <span class='ocrx_word' id='word_1_156' title='bbox 692 2399 763 2432; x_wconf 75' lang='lat' dir='ltr'>VII</span> <span class='ocrx_word' id='word_1_157' title='bbox 779 2424 788 2439; x_wconf 91' lang='lat'>‚</span> <span class='ocrx_word' id='word_1_158' title='bbox 808 2398 918 2444; x_wconf 73' lang='lat' dir='ltr'>epigr.</span> <span class='ocrx_word' id='word_1_159' title='bbox 941 2409 1046 2430; x_wconf 79' lang='lat' dir='ltr'>Lxm.</span> 
     </span>
    </p>

    <p class='ocr_par' dir='ltr' id='par_1_9' title="bbox 481 2449 1171 2709">
     <span class='ocr_line' id='line_1_34' title="bbox 540 2449 1168 2496; baseline -0.008 -10"><span class='ocrx_word' id='word_1_160' title='bbox 540 2453 574 2486; x_wconf 83' lang='lat'>3.</span> <span class='ocrx_word' id='word_1_161' title='bbox 608 2453 733 2485; x_wconf 79' lang='lat' dir='ltr'>Redire.</span> <span class='ocrx_word' id='word_1_162' title='bbox 768 2452 904 2496; x_wconf 86' lang='lat' dir='ltr'>Nempe</span> <span class='ocrx_word' id='word_1_163' title='bbox 936 2450 972 2483; x_wconf 87' lang='lat' dir='ltr'>in</span> <span class='ocrx_word' id='word_1_164' title='bbox 1002 2449 1168 2483; x_wconf 82' lang='lat' dir='ltr'>familiam</span> 
     </span>
     <span class='ocr_line' id='line_1_35' title="bbox 485 2501 1168 2550; baseline -0.004 -12"><span class='ocrx_word' id='word_1_165' title='bbox 485 2505 559 2538; x_wconf 89' lang='lat' dir='ltr'>Silii</span> <span class='ocrx_word' id='word_1_166' title='bbox 579 2505 709 2545; x_wconf 80' lang='lat' dir='ltr'>Italici,</span> <span class='ocrx_word' id='word_1_167' title='bbox 732 2517 834 2550; x_wconf 85' lang='lat' dir='ltr'>quam</span> <span class='ocrx_word' id='word_1_168' title='bbox 854 2503 1039 2538; x_wconf 75' lang='lat' dir='ltr'>Castaliam</span> <span class='ocrx_word' id='word_1_169' title='bbox 1062 2501 1168 2542; x_wconf 85' lang='lat' dir='ltr'>(licit,</span> 
     </span>
     <span class='ocr_line' id='line_1_36' title="bbox 483 2556 1168 2598; baseline -0.003 -8"><span class='ocrx_word' id='word_1_170' title='bbox 483 2558 551 2591; x_wconf 86' lang='lat' dir='ltr'>hoc</span> <span class='ocrx_word' id='word_1_171' title='bbox 585 2566 657 2598; x_wconf 85' lang='lat' dir='ltr'>est,</span> <span class='ocrx_word' id='word_1_172' title='bbox 688 2558 799 2591; x_wconf 82' lang='lat' dir='ltr'>Musis</span> <span class='ocrx_word' id='word_1_173' title='bbox 833 2556 1000 2591; x_wconf 80' lang='lat' dir='ltr'>deditam.</span> <span class='ocrx_word' id='word_1_174' title='bbox 1036 2556 1168 2589; x_wconf 84' lang='lat' dir='ltr'>Notum</span> 
     </span>
     <span class='ocr_line' id='line_1_37' title="bbox 483 2609 1171 2656; baseline -0.003 -13"><span class='ocrx_word' id='word_1_175' title='bbox 483 2611 575 2644; x_wconf 87' lang='lat' dir='ltr'>enim</span> <span class='ocrx_word' id='word_1_176' title='bbox 594 2609 632 2649; x_wconf 90' lang='lat' dir='ltr'>(e</span> <span class='ocrx_word' id='word_1_177' title='bbox 651 2611 754 2643; x_wconf 85' lang='lat' dir='ltr'>Plinii</span> <span class='ocrx_word' id='word_1_178' title='bbox 779 2610 879 2656; x_wconf 80' lang='lat' dir='ltr'>epist.</span> <span class='ocrx_word' id='word_1_179' title='bbox 898 2611 967 2654; x_wconf 82' lang='lat' dir='ltr'>jam</span> <span class='ocrx_word' id='word_1_180' title='bbox 996 2621 1171 2642; x_wconf 79' lang='lat' dir='ltr'>cominen-</span> 
     </span>
     <span class='ocr_line' id='line_1_38' title="bbox 481 2661 1169 2709; baseline -0.004 -13"><span class='ocrx_word' id='word_1_181' title='bbox 481 2661 574 2703; x_wconf 73' lang='lat' dir='ltr'>data)</span> <span class='ocrx_word' id='word_1_182' title='bbox 586 2676 688 2708; x_wconf 79' lang='lat' dir='ltr'>quam</span> <span class='ocrx_word' id='word_1_183' title='bbox 703 2662 817 2696; x_wconf 68' lang='lat' dir='ltr'>fidelis</span> <span class='ocrx_word' id='word_1_184' title='bbox 831 2675 973 2709; x_wconf 76' lang='lat' dir='ltr'>poeseos</span> <span class='ocrx_word' id='word_1_185' title='bbox 985 2663 1099 2695; x_wconf 77' lang='lat' dir='ltr'>cultor</span> <span class='ocrx_word' id='word_1_186' title='bbox 1114 2662 1169 2694; x_wconf 82' lang='lat' dir='ltr'>ille</span> 
     </span>
    </p>
   </div>
   <div class='ocr_carea' id='block_1_7' title="bbox 1214 1391 1910 2705">
    <p class='ocr_par' dir='ltr' id='par_1_10' title="bbox 1214 1391 1900 1690">
     <span class='ocr_line' id='line_1_39' title="bbox 1216 1391 1897 1438; baseline -0.001 -12"><span class='ocrx_word' id='word_1_187' title='bbox 1216 1392 1406 1434; x_wconf 81' lang='lat' dir='ltr'>exstiterit,</span> <span class='ocrx_word' id='word_1_188' title='bbox 1428 1392 1509 1426; x_wconf 89' lang='lat' dir='ltr'>licet</span> <span class='ocrx_word' id='word_1_189' title='bbox 1528 1392 1730 1438; x_wconf 86' lang='lat' dir='ltr'>reipublicae</span> <span class='ocrx_word' id='word_1_190' title='bbox 1748 1391 1897 1426; x_wconf 88' lang='lat' dir='ltr'>admini-</span> 
     </span>
     <span class='ocr_line' id='line_1_40' title="bbox 1214 1444 1899 1491; baseline 0 -13"><span class='ocrx_word' id='word_1_191' title='bbox 1214 1444 1364 1479; x_wconf 83' lang='lat' dir='ltr'>strandae</span> <span class='ocrx_word' id='word_1_192' title='bbox 1382 1444 1442 1478; x_wconf 89' lang='lat' dir='ltr'>diu</span> <span class='ocrx_word' id='word_1_193' title='bbox 1464 1445 1638 1491; x_wconf 85' lang='lat' dir='ltr'>particeps</span> <span class='ocrx_word' id='word_1_194' title='bbox 1658 1454 1692 1479; x_wconf 90' lang='lat' dir='ltr'>et</span> <span class='ocrx_word' id='word_1_195' title='bbox 1710 1453 1899 1491; x_wconf 87' lang='lat' dir='ltr'>provectus</span> 
     </span>
     <span class='ocr_line' id='line_1_41' title="bbox 1216 1490 1898 1544; baseline 0 -13"><span class='ocrx_word' id='word_1_196' title='bbox 1216 1497 1260 1531; x_wconf 87' lang='lat' dir='ltr'>ad</span> <span class='ocrx_word' id='word_1_197' title='bbox 1279 1510 1430 1532; x_wconf 85' lang='lat' dir='ltr'>summas</span> <span class='ocrx_word' id='word_1_198' title='bbox 1449 1498 1588 1543; x_wconf 87' lang='lat' dir='ltr'>imperii</span> <span class='ocrx_word' id='word_1_199' title='bbox 1606 1490 1791 1544; x_wconf 80' lang='lat' dir='ltr'>dignitates</span> <span class='ocrx_word' id='word_1_200' title='bbox 1811 1510 1818 1531; x_wconf 92' lang='lat'>:</span> <span class='ocrx_word' id='word_1_201' title='bbox 1836 1510 1898 1531; x_wconf 89' lang='lat' dir='ltr'>no-</span> 
     </span>
     <span class='ocr_line' id='line_1_42' title="bbox 1216 1549 1899 1584; baseline -0.001 0"><span class='ocrx_word' id='word_1_202' title='bbox 1216 1559 1296 1584; x_wconf 89' lang='lat' dir='ltr'>tum</span> <span class='ocrx_word' id='word_1_203' title='bbox 1324 1559 1358 1584; x_wconf 89' lang='lat' dir='ltr'>et</span> <span class='ocrx_word' id='word_1_204' title='bbox 1386 1549 1533 1584; x_wconf 82' lang='lat' dir='ltr'>eruditis</span> <span class='ocrx_word' id='word_1_205' title='bbox 1562 1551 1647 1584; x_wconf 84' lang='lat' dir='ltr'>viris</span> <span class='ocrx_word' id='word_1_206' title='bbox 1674 1549 1770 1584; x_wconf 84' lang='lat' dir='ltr'>haud</span> <span class='ocrx_word' id='word_1_207' title='bbox 1799 1550 1899 1584; x_wconf 88' lang='lat' dir='ltr'>nihili</span> 
     </span>
     <span class='ocr_line' id='line_1_43' title="bbox 1217 1602 1900 1649; baseline 0.001 -13"><span class='ocrx_word' id='word_1_208' title='bbox 1217 1602 1460 1637; x_wconf 79' lang='lat' dir='ltr'>aestimandum</span> <span class='ocrx_word' id='word_1_209' title='bbox 1482 1616 1607 1649; x_wconf 87' lang='lat' dir='ltr'>poema</span> <span class='ocrx_word' id='word_1_210' title='bbox 1632 1604 1690 1636; x_wconf 90' lang='lat' dir='ltr'>cui</span> <span class='ocrx_word' id='word_1_211' title='bbox 1709 1603 1830 1637; x_wconf 86' lang='lat' dir='ltr'>titulus</span> <span class='ocrx_word' id='word_1_212' title='bbox 1849 1611 1900 1637; x_wconf 80' lang='lat' dir='ltr'>est</span> 
     </span>
     <span class='ocr_line' id='line_1_44' title="bbox 1219 1657 1445 1690; baseline 0.004 -1"><span class='ocrx_word' id='word_1_213' title='bbox 1219 1657 1356 1689; x_wconf 73' lang='lat' dir='ltr'>Punica.</span> <span class='ocrx_word' id='word_1_214' title='bbox 1377 1657 1445 1690; x_wconf 76' lang='grc' dir='ltr'>ΕΒ.</span> 
     </span>
    </p>

    <p class='ocr_par' dir='ltr' id='par_1_11' title="bbox 1219 1707 1904 2125">
     <span class='ocr_line' id='line_1_45' title="bbox 1274 1707 1903 1750; baseline -0.002 -8"><span class='ocrx_word' id='word_1_215' title='bbox 1274 1714 1307 1750; x_wconf 78' lang='grc'>4.</span> <span class='ocrx_word' id='word_1_216' title='bbox 1323 1708 1413 1742; x_wconf 81' lang='lat' dir='ltr'>Nato</span> <span class='ocrx_word' id='word_1_217' title='bbox 1429 1710 1563 1742; x_wconf 80' lang='lat' dir='ltr'>consule.</span> <span class='ocrx_word' id='word_1_218' title='bbox 1581 1708 1672 1742; x_wconf 89' lang='lat' dir='ltr'>Filio</span> <span class='ocrx_word' id='word_1_219' title='bbox 1685 1707 1760 1742; x_wconf 87' lang='lat' dir='ltr'>Silii</span> <span class='ocrx_word' id='word_1_220' title='bbox 1776 1720 1903 1742; x_wconf 90' lang='lat' dir='ltr'>consu·</span> 
     </span>
     <span class='ocr_line' id='line_1_46' title="bbox 1219 1761 1902 1808; baseline 0 -13"><span class='ocrx_word' id='word_1_221' title='bbox 1219 1763 1330 1796; x_wconf 87' lang='lat' dir='ltr'>latum</span> <span class='ocrx_word' id='word_1_222' title='bbox 1354 1761 1493 1808; x_wconf 87' lang='lat' dir='ltr'>adepto.</span> <span class='ocrx_word' id='word_1_223' title='bbox 1512 1761 1582 1795; x_wconf 86' lang='lat' dir='ltr'>Alii</span> <span class='ocrx_word' id='word_1_224' title='bbox 1598 1762 1719 1806; x_wconf 87' lang='lat' dir='ltr'>legunt</span> <span class='ocrx_word' id='word_1_225' title='bbox 1740 1761 1846 1801; x_wconf 85' lang='lat' dir='ltr'>Noto,</span> <span class='ocrx_word' id='word_1_226' title='bbox 1868 1769 1902 1795; x_wconf 88' lang='lat' dir='ltr'>et</span> 
     </span>
     <span class='ocr_line' id='line_1_47' title="bbox 1221 1813 1900 1859; baseline -0.003 -11"><span class='ocrx_word' id='word_1_227' title='bbox 1221 1814 1387 1849; x_wconf 88' lang='lat' dir='ltr'>eumdem</span> <span class='ocrx_word' id='word_1_228' title='bbox 1407 1815 1530 1848; x_wconf 82' lang='lat' dir='ltr'>Silium</span> <span class='ocrx_word' id='word_1_229' title='bbox 1549 1814 1603 1848; x_wconf 86' lang='lat' dir='ltr'>his</span> <span class='ocrx_word' id='word_1_230' title='bbox 1626 1814 1705 1848; x_wconf 92' lang='lat' dir='ltr'>Cos.</span> <span class='ocrx_word' id='word_1_231' title='bbox 1726 1813 1900 1859; x_wconf 86' lang='lat' dir='ltr'>designari</span> 
     </span>
     <span class='ocr_line' id='line_1_48' title="bbox 1221 1866 1902 1913; baseline -0.003 -12"><span class='ocrx_word' id='word_1_232' title='bbox 1221 1868 1366 1909; x_wconf 74' lang='lat' dir='ltr'>volunt,</span> <span class='ocrx_word' id='word_1_233' title='bbox 1385 1869 1443 1901; x_wconf 90' lang='lat' dir='ltr'>cui</span> <span class='ocrx_word' id='word_1_234' title='bbox 1461 1875 1560 1913; x_wconf 85' lang='lat' dir='ltr'>optet</span> <span class='ocrx_word' id='word_1_235' title='bbox 1582 1867 1690 1900; x_wconf 84' lang='lat' dir='ltr'>Poeta</span> <span class='ocrx_word' id='word_1_236' title='bbox 1707 1875 1739 1900; x_wconf 89' lang='lat' dir='ltr'>et</span> <span class='ocrx_word' id='word_1_237' title='bbox 1759 1866 1902 1900; x_wconf 88' lang='lat' dir='ltr'>tertium</span> 
     </span>
     <span class='ocr_line' id='line_1_49' title="bbox 1223 1918 1903 1966; baseline -0.003 -12"><span class='ocrx_word' id='word_1_238' title='bbox 1223 1921 1460 1955; x_wconf 86' lang='lat' dir='ltr'>consulatum.</span> <span class='ocrx_word' id='word_1_239' title='bbox 1480 1918 1567 1962; x_wconf 85' lang='lat' dir='ltr'>Sed,</span> <span class='ocrx_word' id='word_1_240' title='bbox 1587 1929 1626 1954; x_wconf 89' lang='lat' dir='ltr'>ut</span> <span class='ocrx_word' id='word_1_241' title='bbox 1645 1921 1716 1966; x_wconf 84' lang='lat' dir='ltr'>jam</span> <span class='ocrx_word' id='word_1_242' title='bbox 1732 1918 1903 1959; x_wconf 84' lang='lat' dir='ltr'>diximus,</span> 
     </span>
     <span class='ocr_line' id='line_1_50' title="bbox 1224 1973 1904 2007; baseline -0.003 0"><span class='ocrx_word' id='word_1_243' title='bbox 1224 1973 1332 2007; x_wconf 86' lang='lat' dir='ltr'>Silius</span> <span class='ocrx_word' id='word_1_244' title='bbox 1349 1986 1423 2007; x_wconf 91' lang='lat' dir='ltr'>uno</span> <span class='ocrx_word' id='word_1_245' title='bbox 1443 1973 1627 2007; x_wconf 88' lang='lat' dir='ltr'>consulatu</span> <span class='ocrx_word' id='word_1_246' title='bbox 1647 1980 1835 2006; x_wconf 88' lang='lat' dir='ltr'>contentus</span> <span class='ocrx_word' id='word_1_247' title='bbox 1847 1984 1904 2005; x_wconf 87' lang='lat' dir='ltr'>re-</span> 
     </span>
     <span class='ocr_line' id='line_1_51' title="bbox 1225 2025 1903 2072; baseline -0.004 -12"><span class='ocrx_word' id='word_1_248' title='bbox 1225 2026 1328 2060; x_wconf 88' lang='lat' dir='ltr'>cessit</span> <span class='ocrx_word' id='word_1_249' title='bbox 1355 2040 1373 2060; x_wconf 89' lang='lat' dir='ltr'>a</span> <span class='ocrx_word' id='word_1_250' title='bbox 1406 2026 1613 2072; x_wconf 85' lang='lat' dir='ltr'>Republica.</span> <span class='ocrx_word' id='word_1_251' title='bbox 1635 2025 1810 2059; x_wconf 67' lang='lat' dir='ltr'>Videatur</span> <span class='ocrx_word' id='word_1_252' title='bbox 1842 2025 1903 2058; x_wconf 88' lang='lat' dir='ltr'>lib.</span> 
     </span>
     <span class='ocr_line' id='line_1_52' title="bbox 1225 2079 1566 2125; baseline -0.006 -13"><span class='ocrx_word' id='word_1_253' title='bbox 1225 2080 1315 2118; x_wconf 77' lang='lat' dir='ltr'>VII,</span> <span class='ocrx_word' id='word_1_254' title='bbox 1339 2079 1451 2125; x_wconf 84' lang='lat' dir='ltr'>epigr.</span> <span class='ocrx_word' id='word_1_255' title='bbox 1472 2079 1566 2113; x_wconf 87' lang='lat' dir='ltr'>citat.</span> 
     </span>
    </p>

    <p class='ocr_par' dir='ltr' id='par_1_12' title="bbox 1225 2130 1909 2483">
     <span class='ocr_line' id='line_1_53' title="bbox 1281 2130 1907 2176; baseline -0.003 -11"><span class='ocrx_word' id='word_1_256' title='bbox 1281 2132 1313 2165; x_wconf 90' lang='lat'>5.</span> <span class='ocrx_word' id='word_1_257' title='bbox 1330 2132 1476 2166; x_wconf 74' lang='lat' dir='ltr'>Castalia</span> <span class='ocrx_word' id='word_1_258' title='bbox 1491 2130 1602 2165; x_wconf 84' lang='lat' dir='ltr'>codex</span> <span class='ocrx_word' id='word_1_259' title='bbox 1612 2130 1907 2176; x_wconf 79' lang='lat' dir='ltr'>Pulmnnni;qui·</span> 
     </span>
     <span class='ocr_line' id='line_1_54' title="bbox 1225 2182 1907 2225; baseline -0.004 -7"><span class='ocrx_word' id='word_1_260' title='bbox 1225 2184 1305 2218; x_wconf 84' lang='lat' dir='ltr'>dam</span> <span class='ocrx_word' id='word_1_261' title='bbox 1329 2185 1478 2219; x_wconf 78' lang='lat' dir='ltr'>Castalii.</span> <span class='ocrx_word' id='word_1_262' title='bbox 1499 2185 1590 2225; x_wconf 86' lang='lat' dir='ltr'>Alii,</span> <span class='ocrx_word' id='word_1_263' title='bbox 1612 2192 1650 2217; x_wconf 90' lang='lat' dir='ltr'>ut</span> <span class='ocrx_word' id='word_1_264' title='bbox 1675 2196 1759 2223; x_wconf 80' lang='lat' dir='ltr'>nos,</span> <span class='ocrx_word' id='word_1_265' title='bbox 1789 2182 1907 2217; x_wconf 77' lang='lat' dir='ltr'>Casta-</span> 
     </span>
     <span class='ocr_line' id='line_1_55' title="bbox 1228 2235 1907 2279; baseline -0.001 -9"><span class='ocrx_word' id='word_1_266' title='bbox 1228 2238 1313 2270; x_wconf 83' lang='lat' dir='ltr'>liam.</span> <span class='ocrx_word' id='word_1_267' title='bbox 1323 2259 1374 2263; x_wconf 97' lang='lat'><strong>—</strong></span> <span class='ocrx_word' id='word_1_268' title='bbox 1386 2238 1523 2270; x_wconf 82' lang='lat' dir='ltr'>Domum</span> <span class='ocrx_word' id='word_1_269' title='bbox 1540 2250 1663 2271; x_wconf 73' lang='lat' dir='ltr'>sonare.</span> <span class='ocrx_word' id='word_1_270' title='bbox 1677 2236 1825 2279; x_wconf 73' lang='lat' dir='ltr'>Quoties</span> <span class='ocrx_word' id='word_1_271' title='bbox 1843 2235 1907 2269; x_wconf 86' lang='lat' dir='ltr'>do-</span> 
     </span>
     <span class='ocr_line' id='line_1_56' title="bbox 1226 2289 1908 2330; baseline -0.001 -7"><span class='ocrx_word' id='word_1_272' title='bbox 1226 2303 1322 2324; x_wconf 84' lang='lat' dir='ltr'>mum</span> <span class='ocrx_word' id='word_1_273' title='bbox 1332 2303 1429 2323; x_wconf 81' lang='lat' dir='ltr'>suam</span> <span class='ocrx_word' id='word_1_274' title='bbox 1442 2290 1635 2324; x_wconf 80' lang='lat' dir='ltr'>alienamve</span> <span class='ocrx_word' id='word_1_275' title='bbox 1643 2289 1763 2323; x_wconf 85' lang='lat' dir='ltr'>adibat</span> <span class='ocrx_word' id='word_1_276' title='bbox 1772 2289 1908 2330; x_wconf 87' lang='lat' dir='ltr'>consul,</span> 
     </span>
     <span class='ocr_line' id='line_1_57' title="bbox 1228 2341 1909 2389; baseline -0.003 -13"><span class='ocrx_word' id='word_1_277' title='bbox 1228 2343 1272 2377; x_wconf 79' lang='lat' dir='ltr'>ad</span> <span class='ocrx_word' id='word_1_278' title='bbox 1286 2342 1555 2389; x_wconf 82' lang='lat' dir='ltr'>significandum</span> <span class='ocrx_word' id='word_1_279' title='bbox 1569 2344 1642 2388; x_wconf 87' lang='lat' dir='ltr'>ejus</span> <span class='ocrx_word' id='word_1_280' title='bbox 1655 2341 1850 2376; x_wconf 84' lang='lat' dir='ltr'>adventum</span> <span class='ocrx_word' id='word_1_281' title='bbox 1866 2341 1909 2374; x_wconf 88' lang='lat' dir='ltr'>li-</span> 
     </span>
     <span class='ocr_line' id='line_1_58' title="bbox 1228 2393 1908 2442; baseline -0.004 -12"><span class='ocrx_word' id='word_1_282' title='bbox 1228 2406 1304 2430; x_wconf 83' lang='lat' dir='ltr'>ctor</span> <span class='ocrx_word' id='word_1_283' title='bbox 1319 2395 1526 2430; x_wconf 85' lang='lat' dir='ltr'>antecedens</span> <span class='ocrx_word' id='word_1_284' title='bbox 1537 2396 1633 2442; x_wconf 80' lang='lat' dir='ltr'>virga</span> <span class='ocrx_word' id='word_1_285' title='bbox 1647 2408 1708 2429; x_wconf 80' lang='lat' dir='ltr'>sua</span> <span class='ocrx_word' id='word_1_286' title='bbox 1726 2396 1818 2429; x_wconf 87' lang='lat' dir='ltr'>fores</span> <span class='ocrx_word' id='word_1_287' title='bbox 1834 2393 1908 2440; x_wconf 87' lang='lat' dir='ltr'>pul-</span> 
     </span>
     <span class='ocr_line' id='line_1_59' title="bbox 1229 2450 1336 2483; baseline -0.009 0"><span class='ocrx_word' id='word_1_288' title='bbox 1229 2450 1336 2483; x_wconf 82' lang='lat' dir='ltr'>sabat.</span> 
     </span>
    </p>

    <p class='ocr_par' dir='ltr' id='par_1_13' title="bbox 1229 2498 1910 2705">
     <span class='ocr_line' id='line_1_60' title="bbox 1284 2498 1910 2547; baseline -0.005 -12"><span class='ocrx_word' id='word_1_289' title='bbox 1284 2515 1317 2547; x_wconf 89' lang='lat'>7.</span> <span class='ocrx_word' id='word_1_290' title='bbox 1341 2502 1439 2546; x_wconf 77' lang='lat' dir='ltr'>Quod</span> <span class='ocrx_word' id='word_1_291' title='bbox 1461 2510 1555 2547; x_wconf 77' lang='lat' dir='ltr'>optet.</span> <span class='ocrx_word' id='word_1_292' title='bbox 1580 2502 1627 2534; x_wconf 91' lang='lat' dir='ltr'>Ut</span> <span class='ocrx_word' id='word_1_293' title='bbox 1647 2512 1772 2545; x_wconf 82' lang='lat' dir='ltr'>nempe</span> <span class='ocrx_word' id='word_1_294' title='bbox 1794 2498 1910 2532; x_wconf 82' lang='lat' dir='ltr'>minor</span> 
     </span>
     <span class='ocr_line' id='line_1_61' title="bbox 1230 2553 1910 2601; baseline -0.004 -13"><span class='ocrx_word' id='word_1_295' title='bbox 1230 2557 1302 2601; x_wconf 74' lang='lat' dir='ltr'>ejus</span> <span class='ocrx_word' id='word_1_296' title='bbox 1318 2555 1412 2588; x_wconf 79' lang='lat' dir='ltr'>filius</span> <span class='ocrx_word' id='word_1_297' title='bbox 1429 2554 1550 2588; x_wconf 83' lang='lat' dir='ltr'>consul</span> <span class='ocrx_word' id='word_1_298' title='bbox 1566 2566 1705 2599; x_wconf 87' lang='lat' dir='ltr'>quoque</span> <span class='ocrx_word' id='word_1_299' title='bbox 1718 2553 1794 2592; x_wconf 81' lang='lat' dir='ltr'>fiat,</span> <span class='ocrx_word' id='word_1_300' title='bbox 1810 2554 1910 2597; x_wconf 77' lang='lat' dir='ltr'>cujus</span> 
     </span>
     <span class='ocr_line' id='line_1_62' title="bbox 1229 2605 1908 2648; baseline -0.007 -7"><span class='ocrx_word' id='word_1_301' title='bbox 1229 2616 1378 2641; x_wconf 84' lang='lat' dir='ltr'>mortem</span> <span class='ocrx_word' id='word_1_302' title='bbox 1413 2608 1520 2641; x_wconf 76' lang='lat' dir='ltr'>refert</span> <span class='ocrx_word' id='word_1_303' title='bbox 1548 2607 1678 2639; x_wconf 84' lang='lat' dir='ltr'>Plinius</span> <span class='ocrx_word' id='word_1_304' title='bbox 1707 2607 1819 2648; x_wconf 73' lang='lat' dir='ltr'>iunior</span> <span class='ocrx_word' id='word_1_305' title='bbox 1848 2605 1908 2637; x_wconf 78' lang='lat' dir='ltr'>til».</span> 
     </span>
     <span class='ocr_line' id='line_1_63' title="bbox 1233 2661 1562 2705; baseline 0 -12"><span class='ocrx_word' id='word_1_306' title='bbox 1233 2662 1284 2693; x_wconf 86' lang='lat'>111</span> <span class='ocrx_word' id='word_1_307' title='bbox 1300 2687 1308 2701; x_wconf 92' lang='lat'>‚</span> <span class='ocrx_word' id='word_1_308' title='bbox 1327 2661 1427 2705; x_wconf 82' lang='lat' dir='ltr'>epist.</span> <span class='ocrx_word' id='word_1_309' title='bbox 1448 2661 1562 2693; x_wconf 76' lang='lat' dir='ltr'>citata.</span> 
     </span>
    </p>
   </div>
  </div>
 </body>
</html>
