<?xml version="1.0" encoding="UTF-8"?>
<!DOCTYPE html PUBLIC "-//W3C//DTD XHTML 1.0 Transitional//EN"
    "http://www.w3.org/TR/xhtml1/DTD/xhtml1-transitional.dtd">
<html xmlns="http://www.w3.org/1999/xhtml" xml:lang="en" lang="en">
 <head>
  <title>
</title>
<meta http-equiv="Content-Type" content="text/html;charset=utf-8" />
  <meta name='ocr-system' content='tesseract 3.04.00' />
  <meta name='ocr-capabilities' content='ocr_page ocr_carea ocr_par ocr_line ocrx_word'/>
</head>
<body>
  <div class='ocr_page' id='page_1' title='image "./epigrammata02martuoft/epigrammata02martuoft_0375.png"; bbox 0 0 1978 3305; ppageno 0'>
   <div class='ocr_carea' id='block_1_1' title="bbox 377 242 1294 286">
    <p class='ocr_par' dir='ltr' id='par_1_1' title="bbox 377 242 1294 286">
     <span class='ocr_line' id='line_1_1' title="bbox 377 242 1294 286; baseline 0 -2"><span class='ocrx_word' id='word_1_1' title='bbox 377 242 960 286; x_wconf 79' lang='lat' dir='ltr'>EPIGRAMMATUM</span> <span class='ocrx_word' id='word_1_2' title='bbox 998 244 1123 286; x_wconf 85' lang='lat' dir='ltr'>LIB.</span> <span class='ocrx_word' id='word_1_3' title='bbox 1149 242 1294 285; x_wconf 81' lang='lat' dir='ltr'>Vlll.</span> 
     </span>
    </p>
   </div>
   <div class='ocr_carea' id='block_1_2' title="bbox 1441 239 1531 286">
    <p class='ocr_par' dir='ltr' id='par_1_2' title="bbox 1441 239 1531 286">
     <span class='ocr_line' id='line_1_2' title="bbox 1441 239 1531 286; baseline -0.011 0"><span class='ocrx_word' id='word_1_4' title='bbox 1441 239 1531 286; x_wconf 72' lang='lat'>361</span> 
     </span>
    </p>
   </div>
   <div class='ocr_carea' id='block_1_3' title="bbox 208 327 1353 740">
    <p class='ocr_par' dir='ltr' id='par_1_3' title="bbox 209 327 1214 460">
     <span class='ocr_line' id='line_1_3' title="bbox 209 327 1214 391; baseline -0.001 -18"><span class='ocrx_word' id='word_1_5' title='bbox 209 327 395 389; x_wconf 85' lang='lat' dir='ltr'>Cynthia</span> <span class='ocrx_word' id='word_1_6' title='bbox 419 337 462 371; x_wconf 89' lang='lat' dir='ltr'>te</span> <span class='ocrx_word' id='word_1_7' title='bbox 488 337 631 372; x_wconf 87' lang='lat' dir='ltr'>vatem</span> <span class='ocrx_word' id='word_1_8' title='bbox 655 328 778 382; x_wconf 90' lang='lat' dir='ltr'>fecit,</span> <span class='ocrx_word' id='word_1_9' title='bbox 804 328 963 387; x_wconf 84' lang='lat' dir='ltr'>lascive</span> <span class='ocrx_word' id='word_1_10' title='bbox 988 330 1214 391; x_wconf 77' lang='lat' dir='ltr'>Properti3</span> 
     </span>
     <span class='ocr_line' id='line_1_4' title="bbox 276 398 1203 460; baseline 0 -19"><span class='ocrx_word' id='word_1_11' title='bbox 276 398 507 459; x_wconf 81' lang='lat' dir='ltr'>Ingenium</span> <span class='ocrx_word' id='word_1_12' title='bbox 530 398 642 443; x_wconf 88' lang='lat' dir='ltr'>Galli</span> <span class='ocrx_word' id='word_1_13' title='bbox 667 399 849 459; x_wconf 87' lang='lat' dir='ltr'>pulchra</span> <span class='ocrx_word' id='word_1_14' title='bbox 876 400 1054 460; x_wconf 83' lang='lat' dir='ltr'>Lycoris</span> <span class='ocrx_word' id='word_1_15' title='bbox 1081 408 1174 443; x_wconf 83' lang='lat' dir='ltr'>erat</span> <span class='ocrx_word' id='word_1_16' title='bbox 1195 416 1203 441; x_wconf 91' lang='lat'>:</span> 
     </span>
    </p>

    <p class='ocr_par' dir='ltr' id='par_1_4' title="bbox 208 467 1233 594">
     <span class='ocr_line' id='line_1_5' title="bbox 208 467 1233 529; baseline 0.001 -18"><span class='ocrx_word' id='word_1_17' title='bbox 208 470 339 512; x_wconf 89' lang='lat' dir='ltr'>Fama</span> <span class='ocrx_word' id='word_1_18' title='bbox 363 478 428 512; x_wconf 90' lang='lat' dir='ltr'>est</span> <span class='ocrx_word' id='word_1_19' title='bbox 449 470 592 529; x_wconf 85' lang='lat' dir='ltr'>arguti</span> <span class='ocrx_word' id='word_1_20' title='bbox 617 470 814 513; x_wconf 86' lang='lat' dir='ltr'><strong>Nemesis</strong></span> <span class='ocrx_word' id='word_1_21' title='bbox 840 469 1031 514; x_wconf 87' lang='lat' dir='ltr'>formosa</span> <span class='ocrx_word' id='word_1_22' title='bbox 1051 467 1233 521; x_wconf 78' lang='lat' dir='ltr'>Tibulli3</span> 
     </span>
     <span class='ocr_line' id='line_1_6' title="bbox 278 538 1147 594; baseline 0 -12"><span class='ocrx_word' id='word_1_23' title='bbox 278 538 434 582; x_wconf 85' lang='lat' dir='ltr'>Lesbia</span> <span class='ocrx_word' id='word_1_24' title='bbox 461 538 661 594; x_wconf 82' lang='lat' dir='ltr'>dictavit,</span> <span class='ocrx_word' id='word_1_25' title='bbox 683 539 810 583; x_wconf 85' lang='lat' dir='ltr'>docte</span> <span class='ocrx_word' id='word_1_26' title='bbox 834 539 1004 584; x_wconf 81' lang='lat' dir='ltr'>Catulle</span> <span class='ocrx_word' id='word_1_27' title='bbox 1020 575 1030 593; x_wconf 82' lang='lat'>‚</span> <span class='ocrx_word' id='word_1_28' title='bbox 1056 539 1147 583; x_wconf 91' lang='lat' dir='ltr'>tibi.</span> 
     </span>
    </p>

    <p class='ocr_par' dir='ltr' id='par_1_5' title="bbox 209 607 1353 740">
     <span class='ocr_line' id='line_1_7' title="bbox 209 607 1353 670; baseline -0.002 -17"><span class='ocrx_word' id='word_1_29' title='bbox 209 610 310 653; x_wconf 84' lang='lat' dir='ltr'>Non</span> <span class='ocrx_word' id='word_1_30' title='bbox 335 625 406 652; x_wconf 91' lang='lat' dir='ltr'>me</span> <span class='ocrx_word' id='word_1_31' title='bbox 427 607 631 670; x_wconf 85' lang='lat' dir='ltr'>Pelignus</span> <span class='ocrx_word' id='word_1_32' title='bbox 646 645 656 665; x_wconf 85' lang='lat'>,</span> <span class='ocrx_word' id='word_1_33' title='bbox 679 625 759 653; x_wconf 89' lang='lat' dir='ltr'>nec</span> <span class='ocrx_word' id='word_1_34' title='bbox 783 619 958 670; x_wconf 87' lang='lat' dir='ltr'>spernet</span> <span class='ocrx_word' id='word_1_35' title='bbox 979 611 1163 653; x_wconf 85' lang='lat' dir='ltr'>Mantua</span> <span class='ocrx_word' id='word_1_36' title='bbox 1185 619 1353 662; x_wconf 79' lang='lat' dir='ltr'>vate1n3</span> 
     </span>
     <span class='ocr_line' id='line_1_8' title="bbox 279 678 1284 740; baseline 0 -18"><span class='ocrx_word' id='word_1_37' title='bbox 279 680 322 723; x_wconf 91' lang='lat' dir='ltr'>Si</span> <span class='ocrx_word' id='word_1_38' title='bbox 345 695 428 740; x_wconf 90' lang='lat' dir='ltr'>qua</span> <span class='ocrx_word' id='word_1_39' title='bbox 455 680 647 723; x_wconf 83' lang='lat' dir='ltr'>Corinna</span> <span class='ocrx_word' id='word_1_40' title='bbox 674 679 806 735; x_wconf 82' lang='lat' dir='ltr'>mihi,</span> <span class='ocrx_word' id='word_1_41' title='bbox 832 681 867 723; x_wconf 90' lang='lat' dir='ltr'>si</span> <span class='ocrx_word' id='word_1_42' title='bbox 895 680 991 740; x_wconf 91' lang='lat' dir='ltr'>quis</span> <span class='ocrx_word' id='word_1_43' title='bbox 1018 678 1161 723; x_wconf 84' lang='lat' dir='ltr'>Alexis</span> <span class='ocrx_word' id='word_1_44' title='bbox 1190 680 1284 722; x_wconf 85' lang='lat' dir='ltr'>erit.</span> 
     </span>
    </p>
   </div>
   <div class='ocr_carea' id='block_1_4' title="bbox 138 817 815 1604">
    <p class='ocr_par' dir='ltr' id='par_1_6' title="bbox 138 817 814 1392">
     <span class='ocr_line' id='line_1_9' title="bbox 138 817 811 865; baseline -0.001 -13"><span class='ocrx_word' id='word_1_45' title='bbox 138 831 288 865; x_wconf 85' lang='lat' dir='ltr'>propose</span> <span class='ocrx_word' id='word_1_46' title='bbox 319 825 409 851; x_wconf 90' lang='lat' dir='ltr'>cette</span> <span class='ocrx_word' id='word_1_47' title='bbox 441 818 577 863; x_wconf 85' lang='lat' dir='ltr'>passion</span> <span class='ocrx_word' id='word_1_48' title='bbox 601 817 746 851; x_wconf 85' lang='lat' dir='ltr'>ardente</span> <span class='ocrx_word' id='word_1_49' title='bbox 778 826 811 851; x_wconf 93' lang='lat' dir='ltr'>et</span> 
     </span>
     <span class='ocr_line' id='line_1_10' title="bbox 138 869 810 917; baseline 0 -13"><span class='ocrx_word' id='word_1_50' title='bbox 138 871 293 917; x_wconf 73' lang='lat' dir='ltr'>inquiete</span> <span class='ocrx_word' id='word_1_51' title='bbox 305 897 314 913; x_wconf 91' lang='lat'>‚</span> <span class='ocrx_word' id='word_1_52' title='bbox 332 883 401 917; x_wconf 88' lang='lat' dir='ltr'>que</span> <span class='ocrx_word' id='word_1_53' title='bbox 421 870 469 904; x_wconf 91' lang='lat' dir='ltr'>les</span> <span class='ocrx_word' id='word_1_54' title='bbox 487 871 646 904; x_wconf 84' lang='lat' dir='ltr'>hommes</span> <span class='ocrx_word' id='word_1_55' title='bbox 665 869 810 905; x_wconf 84' lang='lat' dir='ltr'>doivent</span> 
     </span>
     <span class='ocr_line' id='line_1_11' title="bbox 138 922 809 969; baseline 0 -12"><span class='ocrx_word' id='word_1_56' title='bbox 138 925 170 957; x_wconf 87' lang='lat' dir='ltr'>la</span> <span class='ocrx_word' id='word_1_57' title='bbox 188 925 330 969; x_wconf 86' lang='lat' dir='ltr'>plupart</span> <span class='ocrx_word' id='word_1_58' title='bbox 347 923 407 957; x_wconf 92' lang='lat' dir='ltr'>des</span> <span class='ocrx_word' id='word_1_59' title='bbox 422 923 572 957; x_wconf 87' lang='lat' dir='ltr'>sciences</span> <span class='ocrx_word' id='word_1_60' title='bbox 589 931 623 957; x_wconf 91' lang='lat' dir='ltr'>et</span> <span class='ocrx_word' id='word_1_61' title='bbox 641 922 702 957; x_wconf 89' lang='lat' dir='ltr'>des</span> <span class='ocrx_word' id='word_1_62' title='bbox 719 931 788 957; x_wconf 87' lang='lat' dir='ltr'>arts</span> <span class='ocrx_word' id='word_1_63' title='bbox 799 949 809 965; x_wconf 94' lang='lat'>,</span> 
     </span>
     <span class='ocr_line' id='line_1_12' title="bbox 138 976 811 1022; baseline 0 -12"><span class='ocrx_word' id='word_1_64' title='bbox 138 985 172 1010; x_wconf 89' lang='lat' dir='ltr'>et</span> <span class='ocrx_word' id='word_1_65' title='bbox 188 976 272 1010; x_wconf 87' lang='lat' dir='ltr'>c’est</span> <span class='ocrx_word' id='word_1_66' title='bbox 286 976 329 1010; x_wconf 91' lang='lat' dir='ltr'>de</span> <span class='ocrx_word' id='word_1_67' title='bbox 345 989 396 1010; x_wconf 90' lang='lat' dir='ltr'>ses</span> <span class='ocrx_word' id='word_1_68' title='bbox 414 976 610 1022; x_wconf 82' lang='lat' dir='ltr'>privations</span> <span class='ocrx_word' id='word_1_69' title='bbox 625 976 736 1022; x_wconf 90' lang='lat' dir='ltr'>qu&#39;est</span> <span class='ocrx_word' id='word_1_70' title='bbox 745 978 811 1010; x_wconf 79' lang='lat' dir='ltr'>nee</span> 
     </span>
     <span class='ocr_line' id='line_1_13' title="bbox 139 1028 811 1076; baseline 0.001 -14"><span class='ocrx_word' id='word_1_71' title='bbox 139 1030 171 1063; x_wconf 90' lang='lat' dir='ltr'>la</span> <span class='ocrx_word' id='word_1_72' title='bbox 206 1029 427 1076; x_wconf 88' lang='lat' dir='ltr'>philosophie</span> <span class='ocrx_word' id='word_1_73' title='bbox 458 1029 518 1075; x_wconf 90' lang='lat' dir='ltr'>qui</span> <span class='ocrx_word' id='word_1_74' title='bbox 550 1028 709 1075; x_wconf 90' lang='lat' dir='ltr'>apprend</span> <span class='ocrx_word' id='word_1_75' title='bbox 733 1033 751 1063; x_wconf 76' lang='lat' dir='ltr'>a</span> <span class='ocrx_word' id='word_1_76' title='bbox 776 1042 811 1063; x_wconf 84' lang='lat' dir='ltr'>se</span> 
     </span>
     <span class='ocr_line' id='line_1_14' title="bbox 138 1082 811 1116; baseline 0.001 -1"><span class='ocrx_word' id='word_1_77' title='bbox 138 1083 297 1116; x_wconf 86' lang='lat' dir='ltr'>consoler</span> <span class='ocrx_word' id='word_1_78' title='bbox 320 1082 364 1116; x_wconf 91' lang='lat' dir='ltr'>de</span> <span class='ocrx_word' id='word_1_79' title='bbox 393 1090 480 1116; x_wconf 87' lang='lat' dir='ltr'>tout.</span> <span class='ocrx_word' id='word_1_80' title='bbox 505 1082 602 1116; x_wconf 90' lang='lat' dir='ltr'>Ainsi</span> <span class='ocrx_word' id='word_1_81' title='bbox 627 1082 658 1115; x_wconf 88' lang='lat' dir='ltr'>la</span> <span class='ocrx_word' id='word_1_82' title='bbox 689 1091 811 1116; x_wconf 85' lang='lat' dir='ltr'>nature</span> 
     </span>
     <span class='ocr_line' id='line_1_15' title="bbox 139 1134 812 1181; baseline 0 -13"><span class='ocrx_word' id='word_1_83' title='bbox 139 1143 244 1181; x_wconf 81' lang='lat' dir='ltr'>ayant</span> <span class='ocrx_word' id='word_1_84' title='bbox 264 1136 325 1169; x_wconf 88' lang='lat' dir='ltr'>fait</span> <span class='ocrx_word' id='word_1_85' title='bbox 344 1135 491 1168; x_wconf 90' lang='lat' dir='ltr'>l&#39;amour</span> <span class='ocrx_word' id='word_1_86' title='bbox 510 1135 542 1168; x_wconf 94' lang='lat' dir='ltr'>le</span> <span class='ocrx_word' id='word_1_87' title='bbox 570 1135 641 1169; x_wconf 88' lang='lat' dir='ltr'>lien</span> <span class='ocrx_word' id='word_1_88' title='bbox 665 1134 707 1169; x_wconf 93' lang='lat' dir='ltr'>de</span> <span class='ocrx_word' id='word_1_89' title='bbox 734 1144 812 1169; x_wconf 85' lang='lat' dir='ltr'>tous</span> 
     </span>
     <span class='ocr_line' id='line_1_16' title="bbox 138 1186 813 1234; baseline -0.001 -12"><span class='ocrx_word' id='word_1_90' title='bbox 138 1188 186 1222; x_wconf 89' lang='lat' dir='ltr'>les</span> <span class='ocrx_word' id='word_1_91' title='bbox 220 1190 330 1230; x_wconf 64' lang='lat' dir='ltr'>etms,</span> <span class='ocrx_word' id='word_1_92' title='bbox 365 1188 408 1221; x_wconf 88' lang='lat' dir='ltr'>l’a</span> <span class='ocrx_word' id='word_1_93' title='bbox 443 1186 556 1221; x_wconf 87' lang='lat' dir='ltr'>rendu</span> <span class='ocrx_word' id='word_1_94' title='bbox 592 1189 624 1222; x_wconf 92' lang='lat' dir='ltr'>le</span> <span class='ocrx_word' id='word_1_95' title='bbox 660 1188 813 1234; x_wconf 85' lang='lat' dir='ltr'>premier</span> 
     </span>
     <span class='ocr_line' id='line_1_17' title="bbox 142 1239 812 1282; baseline 0 -8"><span class='ocrx_word' id='word_1_96' title='bbox 142 1242 271 1274; x_wconf 89' lang='lat' dir='ltr'>mobile</span> <span class='ocrx_word' id='word_1_97' title='bbox 293 1239 337 1274; x_wconf 87' lang='lat' dir='ltr'>de</span> <span class='ocrx_word' id='word_1_98' title='bbox 357 1253 421 1275; x_wconf 91' lang='lat' dir='ltr'>nos</span> <span class='ocrx_word' id='word_1_99' title='bbox 446 1241 612 1282; x_wconf 48' lang='lat' dir='ltr'>societas,</span> <span class='ocrx_word' id='word_1_100' title='bbox 636 1250 670 1275; x_wconf 90' lang='lat' dir='ltr'>et</span> <span class='ocrx_word' id='word_1_101' title='bbox 689 1241 812 1275; x_wconf 90' lang='lat' dir='ltr'>l&#39;insti-</span> 
     </span>
     <span class='ocr_line' id='line_1_18' title="bbox 138 1293 814 1339; baseline 0.001 -12"><span class='ocrx_word' id='word_1_102' title='bbox 138 1302 262 1339; x_wconf 84' lang='lat' dir='ltr'>gateur</span> <span class='ocrx_word' id='word_1_103' title='bbox 281 1293 326 1327; x_wconf 92' lang='lat' dir='ltr'>de</span> <span class='ocrx_word' id='word_1_104' title='bbox 347 1306 412 1328; x_wconf 87' lang='lat' dir='ltr'>nos</span> <span class='ocrx_word' id='word_1_105' title='bbox 432 1294 593 1328; x_wconf 78' lang='lat' dir='ltr'>lumieres</span> <span class='ocrx_word' id='word_1_106' title='bbox 621 1302 655 1327; x_wconf 90' lang='lat' dir='ltr'>et</span> <span class='ocrx_word' id='word_1_107' title='bbox 681 1293 726 1328; x_wconf 88' lang='lat' dir='ltr'>de</span> <span class='ocrx_word' id='word_1_108' title='bbox 750 1307 814 1328; x_wconf 91' lang='lat' dir='ltr'>nos</span> 
     </span>
     <span class='ocr_line' id='line_1_19' title="bbox 140 1345 317 1392; baseline 0.006 -13"><span class='ocrx_word' id='word_1_109' title='bbox 140 1345 287 1392; x_wconf 86' lang='lat' dir='ltr'>plaisirs.</span> <span class='ocrx_word' id='word_1_110' title='bbox 304 1364 317 1376; x_wconf 84' lang='lat'><strong>»</strong></span> 
     </span>
    </p>

    <p class='ocr_par' dir='ltr' id='par_1_7' title="bbox 139 1400 815 1604">
     <span class='ocr_line' id='line_1_20' title="bbox 194 1400 812 1445; baseline -0.003 -11"><span class='ocrx_word' id='word_1_111' title='bbox 194 1400 228 1434; x_wconf 84' lang='grc'>5.</span> <span class='ocrx_word' id='word_1_112' title='bbox 255 1400 393 1445; x_wconf 62' lang='lat' dir='ltr'>Cynthia</span> <span class='ocrx_word' id='word_1_113' title='bbox 419 1408 447 1431; x_wconf 76' lang='lat' dir='ltr'>tc</span> <span class='ocrx_word' id='word_1_114' title='bbox 473 1408 577 1432; x_wconf 67' lang='lat' dir='ltr'>vatem</span> <span class='ocrx_word' id='word_1_115' title='bbox 592 1401 674 1443; x_wconf 79' lang='lat' dir='ltr'>fecit</span> <span class='ocrx_word' id='word_1_116' title='bbox 697 1401 812 1432; x_wconf 68' lang='lat' dir='ltr'>lasciva</span> 
     </span>
     <span class='ocr_line' id='line_1_21' title="bbox 139 1451 812 1499; baseline 0 -14"><span class='ocrx_word' id='word_1_117' title='bbox 139 1451 347 1486; x_wconf 82' lang='lat' dir='ltr'>Beverlandi</span> <span class='ocrx_word' id='word_1_118' title='bbox 367 1452 442 1485; x_wconf 88' lang='lat' dir='ltr'>MS.</span> <span class='ocrx_word' id='word_1_119' title='bbox 464 1474 515 1479; x_wconf 91' lang='lat'>-—-</span> <span class='ocrx_word' id='word_1_120' title='bbox 540 1453 679 1499; x_wconf 63' lang='lat' dir='ltr'>Cynthia</span> <span class='ocrx_word' id='word_1_121' title='bbox 701 1461 729 1485; x_wconf 78' lang='lat' dir='ltr'>te</span> <span class='ocrx_word' id='word_1_122' title='bbox 750 1467 812 1485; x_wconf 73' lang='lat' dir='ltr'>va·</span> 
     </span>
     <span class='ocr_line' id='line_1_22' title="bbox 141 1506 812 1551; baseline 0.004 -15"><span class='ocrx_word' id='word_1_123' title='bbox 141 1512 215 1540; x_wconf 82' lang='lat' dir='ltr'>tem,</span> <span class='ocrx_word' id='word_1_124' title='bbox 241 1515 306 1539; x_wconf 85' lang='lat' dir='ltr'>etc.</span> <span class='ocrx_word' id='word_1_125' title='bbox 330 1506 472 1538; x_wconf 84' lang='lat' dir='ltr'>Latinos</span> <span class='ocrx_word' id='word_1_126' title='bbox 495 1514 650 1540; x_wconf 81' lang='lat' dir='ltr'>recenset</span> <span class='ocrx_word' id='word_1_127' title='bbox 672 1513 812 1551; x_wconf 89' lang='lat' dir='ltr'>poetas,</span> 
     </span>
     <span class='ocr_line' id='line_1_23' title="bbox 141 1558 815 1604; baseline 0 -12"><span class='ocrx_word' id='word_1_128' title='bbox 141 1570 290 1603; x_wconf 87' lang='lat' dir='ltr'>quorum</span> <span class='ocrx_word' id='word_1_129' title='bbox 326 1558 465 1604; x_wconf 85' lang='lat' dir='ltr'>ingenia</span> <span class='ocrx_word' id='word_1_130' title='bbox 500 1571 599 1593; x_wconf 86' lang='lat' dir='ltr'>amor</span> <span class='ocrx_word' id='word_1_131' title='bbox 634 1559 815 1602; x_wconf 80' lang='lat' dir='ltr'>excitavit,</span> 
     </span>
    </p>
   </div>
   <div class='ocr_carea' id='block_1_5' title="bbox 868 816 1551 1493">
    <p class='ocr_par' dir='ltr' id='par_1_8' title="bbox 868 816 1546 958">
     <span class='ocr_line' id='line_1_24' title="bbox 870 816 1543 862; baseline -0.003 -11"><span class='ocrx_word' id='word_1_132' title='bbox 870 829 1021 862; x_wconf 83' lang='lat' dir='ltr'>quorum</span> <span class='ocrx_word' id='word_1_133' title='bbox 1051 829 1185 850; x_wconf 85' lang='lat' dir='ltr'>amores</span> <span class='ocrx_word' id='word_1_134' title='bbox 1215 824 1249 850; x_wconf 88' lang='lat' dir='ltr'>et</span> <span class='ocrx_word' id='word_1_135' title='bbox 1280 816 1406 850; x_wconf 86' lang='lat' dir='ltr'>amicas</span> <span class='ocrx_word' id='word_1_136' title='bbox 1438 829 1543 849; x_wconf 85' lang='lat' dir='ltr'>nemo</span> 
     </span>
     <span class='ocr_line' id='line_1_25' title="bbox 868 868 1545 916; baseline -0.004 -12"><span class='ocrx_word' id='word_1_137' title='bbox 868 869 1129 916; x_wconf 87' lang='lat' dir='ltr'>propemodum</span> <span class='ocrx_word' id='word_1_138' title='bbox 1151 882 1224 902; x_wconf 91' lang='lat' dir='ltr'>non</span> <span class='ocrx_word' id='word_1_139' title='bbox 1247 868 1400 910; x_wconf 83' lang='lat' dir='ltr'>audivit,</span> <span class='ocrx_word' id='word_1_140' title='bbox 1421 881 1545 914; x_wconf 90' lang='lat' dir='ltr'>quam-</span> 
     </span>
     <span class='ocr_line' id='line_1_26' title="bbox 868 922 1546 958; baseline -0.003 -1"><span class='ocrx_word' id='word_1_141' title='bbox 868 923 920 957; x_wconf 90' lang='lat' dir='ltr'>vis</span> <span class='ocrx_word' id='word_1_142' title='bbox 931 923 995 958; x_wconf 91' lang='lat' dir='ltr'>sub</span> <span class='ocrx_word' id='word_1_143' title='bbox 1008 922 1082 956; x_wconf 87' lang='lat' dir='ltr'>aliis</span> <span class='ocrx_word' id='word_1_144' title='bbox 1094 922 1299 956; x_wconf 88' lang='lat' dir='ltr'>nominibus</span> <span class='ocrx_word' id='word_1_145' title='bbox 1313 922 1546 955; x_wconf 82' lang='lat' dir='ltr'>celebrentur.</span> 
     </span>
    </p>

    <p class='ocr_par' dir='ltr' id='par_1_9' title="bbox 870 973 1551 1493">
     <span class='ocr_line' id='line_1_27' title="bbox 923 973 1542 1022; baseline -0.005 -12"><span class='ocrx_word' id='word_1_146' title='bbox 923 990 958 1022; x_wconf 89' lang='lat'>9.</span> <span class='ocrx_word' id='word_1_147' title='bbox 986 976 1055 1010; x_wconf 83' lang='lat' dir='ltr'>Nec</span> <span class='ocrx_word' id='word_1_148' title='bbox 1078 983 1207 1021; x_wconf 76' lang='lat' dir='ltr'>spernat</span> <span class='ocrx_word' id='word_1_149' title='bbox 1230 973 1439 1008; x_wconf 84' lang='lat' dir='ltr'>Beverlandi</span> <span class='ocrx_word' id='word_1_150' title='bbox 1468 974 1542 1008; x_wconf 88' lang='lat' dir='ltr'>MS.</span> 
     </span>
     <span class='ocr_line' id='line_1_28' title="bbox 870 1027 1547 1074; baseline -0.003 -12"><span class='ocrx_word' id='word_1_151' title='bbox 870 1029 1091 1074; x_wconf 75' lang='lat' dir='ltr'>—Pelignus.</span> <span class='ocrx_word' id='word_1_152' title='bbox 1103 1029 1173 1061; x_wconf 89' lang='lat' dir='ltr'>Alii</span> <span class='ocrx_word' id='word_1_153' title='bbox 1183 1028 1327 1073; x_wconf 79' lang='lat' dir='ltr'>Peligni,</span> <span class='ocrx_word' id='word_1_154' title='bbox 1343 1027 1466 1074; x_wconf 91' lang='lat' dir='ltr'>populi</span> <span class='ocrx_word' id='word_1_155' title='bbox 1477 1028 1547 1060; x_wconf 83' lang='lat' dir='ltr'>Ita-</span> 
     </span>
     <span class='ocr_line' id='line_1_29' title="bbox 871 1081 1546 1126; baseline -0.003 -11"><span class='ocrx_word' id='word_1_156' title='bbox 871 1082 924 1116; x_wconf 84' lang='lat' dir='ltr'>liae</span> <span class='ocrx_word' id='word_1_157' title='bbox 942 1082 1065 1115; x_wconf 84' lang='lat' dir='ltr'>Marsis</span> <span class='ocrx_word' id='word_1_158' title='bbox 1086 1081 1248 1123; x_wconf 84' lang='lat' dir='ltr'>finitimi,</span> <span class='ocrx_word' id='word_1_159' title='bbox 1266 1093 1422 1126; x_wconf 88' lang='lat' dir='ltr'>quorum</span> <span class='ocrx_word' id='word_1_160' title='bbox 1442 1088 1546 1126; x_wconf 87' lang='lat' dir='ltr'>caput</span> 
     </span>
     <span class='ocr_line' id='line_1_30' title="bbox 872 1133 1546 1179; baseline -0.004 -11"><span class='ocrx_word' id='word_1_161' title='bbox 872 1135 1088 1176; x_wconf 81' lang='lat' dir='ltr'>Corfinium3</span> <span class='ocrx_word' id='word_1_162' title='bbox 1120 1135 1156 1167; x_wconf 89' lang='lat' dir='ltr'>in</span> <span class='ocrx_word' id='word_1_163' title='bbox 1180 1133 1333 1179; x_wconf 84' lang='lat' dir='ltr'>Pelignis</span> <span class='ocrx_word' id='word_1_164' title='bbox 1363 1134 1457 1167; x_wconf 90' lang='lat' dir='ltr'>enim</span> <span class='ocrx_word' id='word_1_165' title='bbox 1485 1145 1546 1166; x_wconf 88' lang='lat' dir='ltr'>na-</span> 
     </span>
     <span class='ocr_line' id='line_1_31' title="bbox 872 1186 1547 1222; baseline -0.004 -1"><span class='ocrx_word' id='word_1_166' title='bbox 872 1197 926 1222; x_wconf 91' lang='lat' dir='ltr'>tus</span> <span class='ocrx_word' id='word_1_167' title='bbox 941 1187 1091 1221; x_wconf 86' lang='lat' dir='ltr'>Ovidius</span> <span class='ocrx_word' id='word_1_168' title='bbox 1105 1187 1294 1221; x_wconf 87' lang='lat' dir='ltr'>Corinnam</span> <span class='ocrx_word' id='word_1_169' title='bbox 1313 1186 1461 1220; x_wconf 86' lang='lat' dir='ltr'>amicam</span> <span class='ocrx_word' id='word_1_170' title='bbox 1477 1186 1547 1219; x_wconf 86' lang='lat' dir='ltr'>suis</span> 
     </span>
     <span class='ocr_line' id='line_1_32' title="bbox 871 1240 1548 1274; baseline -0.004 0"><span class='ocrx_word' id='word_1_171' title='bbox 871 1241 1031 1274; x_wconf 87' lang='lat' dir='ltr'>versibus</span> <span class='ocrx_word' id='word_1_172' title='bbox 1041 1240 1230 1274; x_wconf 88' lang='lat' dir='ltr'>celebravit</span> <span class='ocrx_word' id='word_1_173' title='bbox 1247 1254 1254 1272; x_wconf 89' lang='lat'>:</span> <span class='ocrx_word' id='word_1_174' title='bbox 1274 1240 1418 1272; x_wconf 80' lang='lat' dir='ltr'>Mantua</span> <span class='ocrx_word' id='word_1_175' title='bbox 1431 1246 1548 1273; x_wconf 86' lang='lat' dir='ltr'>autem</span> 
     </span>
     <span class='ocr_line' id='line_1_33' title="bbox 873 1293 1548 1339; baseline -0.004 -12"><span class='ocrx_word' id='word_1_176' title='bbox 873 1294 984 1339; x_wconf 87' lang='lat' dir='ltr'>patria</span> <span class='ocrx_word' id='word_1_177' title='bbox 994 1293 1154 1339; x_wconf 75' lang='lat' dir='ltr'>Virgilii,</span> <span class='ocrx_word' id='word_1_178' title='bbox 1167 1293 1227 1338; x_wconf 88' lang='lat' dir='ltr'>qui</span> <span class='ocrx_word' id='word_1_179' title='bbox 1249 1310 1262 1322; x_wconf 70' lang='grc' dir='ltr'>ιι</span> <span class='ocrx_word' id='word_1_180' title='bbox 1282 1293 1473 1325; x_wconf 85' lang='lat' dir='ltr'>formosum</span> <span class='ocrx_word' id='word_1_181' title='bbox 1495 1304 1548 1324; x_wconf 86' lang='lat' dir='ltr'>ar-</span> 
     </span>
     <span class='ocr_line' id='line_1_34' title="bbox 873 1345 1548 1380; baseline -0.004 0"><span class='ocrx_word' id='word_1_182' title='bbox 873 1346 977 1380; x_wconf 90' lang='lat' dir='ltr'>debat</span> <span class='ocrx_word' id='word_1_183' title='bbox 999 1347 1148 1379; x_wconf 79' lang='lat' dir='ltr'>Alexim.</span> <span class='ocrx_word' id='word_1_184' title='bbox 1169 1364 1181 1375; x_wconf 77' lang='lat'><strong>»</strong></span> <span class='ocrx_word' id='word_1_185' title='bbox 1205 1345 1331 1378; x_wconf 86' lang='lat' dir='ltr'>Sensus</span> <span class='ocrx_word' id='word_1_186' title='bbox 1364 1353 1440 1378; x_wconf 83' lang='lat' dir='ltr'>est:</span> <span class='ocrx_word' id='word_1_187' title='bbox 1468 1345 1548 1377; x_wconf 84' lang='lat' dir='ltr'>Mea</span> 
     </span>
     <span class='ocr_line' id='line_1_35' title="bbox 872 1397 1551 1443; baseline -0.006 -9"><span class='ocrx_word' id='word_1_188' title='bbox 872 1400 975 1434; x_wconf 89' lang='lat' dir='ltr'>etiam</span> <span class='ocrx_word' id='word_1_189' title='bbox 999 1399 1150 1433; x_wconf 84' lang='lat' dir='ltr'>carmina</span> <span class='ocrx_word' id='word_1_190' title='bbox 1178 1399 1336 1443; x_wconf 86' lang='lat' dir='ltr'>legentur</span> <span class='ocrx_word' id='word_1_191' title='bbox 1361 1411 1379 1431; x_wconf 86' lang='lat' dir='ltr'>a</span> <span class='ocrx_word' id='word_1_192' title='bbox 1400 1397 1551 1443; x_wconf 85' lang='lat' dir='ltr'>Pelignis</span> 
     </span>
     <span class='ocr_line' id='line_1_36' title="bbox 873 1449 1549 1493; baseline -0.006 -7"><span class='ocrx_word' id='word_1_193' title='bbox 873 1462 906 1487; x_wconf 88' lang='lat' dir='ltr'>et</span> <span class='ocrx_word' id='word_1_194' title='bbox 925 1452 1145 1493; x_wconf 76' lang='lat' dir='ltr'>Mantuanis,</span> <span class='ocrx_word' id='word_1_195' title='bbox 1169 1451 1249 1485; x_wconf 87' lang='lat' dir='ltr'>licet</span> <span class='ocrx_word' id='word_1_196' title='bbox 1272 1450 1402 1484; x_wconf 88' lang='lat' dir='ltr'>Ovidio</span> <span class='ocrx_word' id='word_1_197' title='bbox 1423 1451 1494 1491; x_wconf 90' lang='lat' dir='ltr'>illi,</span> <span class='ocrx_word' id='word_1_198' title='bbox 1511 1449 1549 1483; x_wconf 88' lang='lat' dir='ltr'>hi</span> 
     </span>
    </p>
   </div>
   <div class='ocr_carea' id='block_1_6' title="bbox 874 1504 1523 1592">
    <p class='ocr_par' dir='ltr' id='par_1_10' title="bbox 874 1504 1523 1592">
     <span class='ocr_line' id='line_1_37' title="bbox 874 1504 1363 1551; baseline -0.002 -13"><span class='ocrx_word' id='word_1_199' title='bbox 874 1506 1024 1551; x_wconf 86' lang='lat' dir='ltr'>Virgilio</span> <span class='ocrx_word' id='word_1_200' title='bbox 1043 1505 1194 1538; x_wconf 90' lang='lat' dir='ltr'>multum</span> <span class='ocrx_word' id='word_1_201' title='bbox 1216 1504 1363 1537; x_wconf 81' lang='lat' dir='ltr'>faveant.</span> 
     </span>
     <span class='ocr_line' id='line_1_38' title="bbox 933 1556 1523 1592; baseline -0.005 0"><span class='ocrx_word' id='word_1_202' title='bbox 933 1571 990 1592; x_wconf 88' lang='lat'>10.</span> <span class='ocrx_word' id='word_1_203' title='bbox 1009 1559 1120 1592; x_wconf 63' lang='lat' dir='ltr'>Alea-is</span> <span class='ocrx_word' id='word_1_204' title='bbox 1138 1565 1206 1591; x_wconf 80' lang='lat' dir='ltr'>erat</span> <span class='ocrx_word' id='word_1_205' title='bbox 1224 1556 1430 1591; x_wconf 88' lang='lat' dir='ltr'>Beverlandi</span> <span class='ocrx_word' id='word_1_206' title='bbox 1449 1556 1523 1590; x_wconf 83' lang='lat' dir='ltr'>MS.</span> 
     </span>
    </p>
   </div>
   <div class='ocr_carea' id='block_1_7' title="bbox 696 1694 991 1750">
    <p class='ocr_par' dir='ltr' id='par_1_11' title="bbox 696 1694 991 1750">
     <span class='ocr_line' id='line_1_39' title="bbox 696 1694 991 1750; baseline 0 0"><span class='ocrx_word' id='word_1_207' title='bbox 696 1694 991 1750; x_wconf 86' lang='lat' dir='ltr'>LXXIV.</span> 
     </span>
    </p>
   </div>
   <div class='ocr_carea' id='block_1_8' title="bbox 528 1830 1185 1880">
    <p class='ocr_par' dir='ltr' id='par_1_12' title="bbox 528 1830 1185 1880">
     <span class='ocr_line' id='line_1_40' title="bbox 528 1830 1185 1880; baseline 0 -2"><span class='ocrx_word' id='word_1_208' title='bbox 528 1851 583 1879; x_wconf 80' lang='lat' dir='ltr'>JN</span> <span class='ocrx_word' id='word_1_209' title='bbox 624 1851 836 1880; x_wconf 79' lang='lat' dir='ltr'>MALUM</span> <span class='ocrx_word' id='word_1_210' title='bbox 874 1830 1185 1880; x_wconf 63' lang='lat' dir='ltr'>MEDICUM*</span> 
     </span>
    </p>
   </div>
   <div class='ocr_carea' id='block_1_9' title="bbox 216 1973 1504 2106">
    <p class='ocr_par' dir='ltr' id='par_1_13' title="bbox 216 1973 1504 2106">
     <span class='ocr_line' id='line_1_41' title="bbox 216 1973 1504 2035; baseline -0.001 -17"><span class='ocrx_word' id='word_1_211' title='bbox 216 1977 579 2021; x_wconf 60' lang='lat' dir='ltr'>nonomen-ss</span> <span class='ocrx_word' id='word_1_212' title='bbox 609 1992 725 2018; x_wconf 89' lang='lat' dir='ltr'>nunc</span> <span class='ocrx_word' id='word_1_213' title='bbox 755 1991 823 2029; x_wconf 81' lang='lat' dir='ltr'>es,</span> <span class='ocrx_word' id='word_1_214' title='bbox 854 1974 998 2019; x_wconf 85' lang='lat' dir='ltr'>fueras</span> <span class='ocrx_word' id='word_1_215' title='bbox 1023 1973 1348 2035; x_wconf 84' lang='lat' dir='ltr'>ophthalmicus</span> <span class='ocrx_word' id='word_1_216' title='bbox 1376 1984 1475 2018; x_wconf 87' lang='lat' dir='ltr'>ante</span> <span class='ocrx_word' id='word_1_217' title='bbox 1498 1991 1504 2016; x_wconf 90' lang='grc'>;</span> 
     </span>
     <span class='ocr_line' id='line_1_42' title="bbox 283 2043 1303 2106; baseline -0.001 -17"><span class='ocrx_word' id='word_1_218' title='bbox 283 2045 436 2090; x_wconf 84' lang='lat' dir='ltr'>Fecisti</span> <span class='ocrx_word' id='word_1_219' title='bbox 462 2045 676 2099; x_wconf 82' lang='lat' dir='ltr'>medicus,</span> <span class='ocrx_word' id='word_1_220' title='bbox 702 2045 821 2106; x_wconf 92' lang='lat' dir='ltr'>quod</span> <span class='ocrx_word' id='word_1_221' title='bbox 844 2045 948 2089; x_wconf 85' lang='lat' dir='ltr'>facis</span> <span class='ocrx_word' id='word_1_222' title='bbox 973 2043 1303 2106; x_wconf 88' lang='lat' dir='ltr'>hoplomachus.</span> 
     </span>
    </p>
   </div>
   <div class='ocr_carea' id='block_1_10' title="bbox 121 2180 817 2652">
    <p class='ocr_par' dir='ltr' id='par_1_14' title="bbox 143 2180 817 2334">
     <span class='ocr_line' id='line_1_43' title="bbox 197 2180 816 2230; baseline 0.003 -14"><span class='ocrx_word' id='word_1_223' title='bbox 197 2180 210 2194; x_wconf 79' lang='lat'>⁴</span> <span class='ocrx_word' id='word_1_224' title='bbox 235 2184 444 2230; x_wconf 88' lang='lat' dir='ltr'>Imperitum</span> <span class='ocrx_word' id='word_1_225' title='bbox 471 2184 648 2218; x_wconf 87' lang='lat' dir='ltr'>medicum</span> <span class='ocrx_word' id='word_1_226' title='bbox 671 2183 816 2226; x_wconf 90' lang='lat' dir='ltr'>irridet,</span> 
     </span>
     <span class='ocr_line' id='line_1_44' title="bbox 145 2236 817 2283; baseline 0.001 -14"><span class='ocrx_word' id='word_1_227' title='bbox 145 2249 186 2269; x_wconf 90' lang='lat' dir='ltr'>ex</span> <span class='ocrx_word' id='word_1_228' title='bbox 209 2236 320 2270; x_wconf 80' lang='lat' dir='ltr'>vicina</span> <span class='ocrx_word' id='word_1_229' title='bbox 340 2250 466 2271; x_wconf 89' lang='lat' dir='ltr'>vocum</span> <span class='ocrx_word' id='word_1_230' title='bbox 488 2238 694 2283; x_wconf 88' lang='lat' dir='ltr'>cognatione</span> <span class='ocrx_word' id='word_1_231' title='bbox 715 2246 817 2283; x_wconf 84' lang='lat' dir='ltr'>capto</span> 
     </span>
     <span class='ocr_line' id='line_1_45' title="bbox 143 2291 233 2334; baseline 0 -12"><span class='ocrx_word' id='word_1_232' title='bbox 143 2291 233 2334; x_wconf 82' lang='lat' dir='ltr'>joco.</span> 
     </span>
    </p>

    <p class='ocr_par' dir='ltr' id='par_1_15' title="bbox 143 2341 816 2493">
     <span class='ocr_line' id='line_1_46' title="bbox 203 2341 814 2387; baseline 0.002 -13"><span class='ocrx_word' id='word_1_233' title='bbox 203 2354 231 2375; x_wconf 90' lang='lat'>1.</span> <span class='ocrx_word' id='word_1_234' title='bbox 257 2342 439 2387; x_wconf 80' lang='lat' dir='ltr'>Optomicus</span> <span class='ocrx_word' id='word_1_235' title='bbox 461 2343 534 2375; x_wconf 87' lang='lat' dir='ltr'>olim</span> <span class='ocrx_word' id='word_1_236' title='bbox 558 2343 688 2376; x_wconf 85' lang='lat' dir='ltr'>habent</span> <span class='ocrx_word' id='word_1_237' title='bbox 710 2341 814 2375; x_wconf 89' lang='lat' dir='ltr'>codd.</span> 
     </span>
     <span class='ocr_line' id='line_1_47' title="bbox 146 2395 814 2441; baseline 0.001 -14"><span class='ocrx_word' id='word_1_238' title='bbox 146 2395 224 2427; x_wconf 91' lang='lat' dir='ltr'>Vat.</span> <span class='ocrx_word' id='word_1_239' title='bbox 249 2402 283 2427; x_wconf 86' lang='lat' dir='ltr'>et</span> <span class='ocrx_word' id='word_1_240' title='bbox 309 2395 462 2428; x_wconf 79' lang='lat' dir='ltr'>Floreat.</span> <span class='ocrx_word' id='word_1_241' title='bbox 491 2416 541 2421; x_wconf 92' lang='lat'>-—</span> <span class='ocrx_word' id='word_1_242' title='bbox 570 2395 814 2441; x_wconf 79' lang='lat' dir='ltr'>Hoplomachus.</span> 
     </span>
     <span class='ocr_line' id='line_1_48' title="bbox 143 2447 816 2493; baseline 0 -13"><span class='ocrx_word' id='word_1_243' title='bbox 143 2447 177 2480; x_wconf 94' lang='lat' dir='ltr'>Is</span> <span class='ocrx_word' id='word_1_244' title='bbox 198 2456 263 2488; x_wconf 87' lang='lat' dir='ltr'>est,</span> <span class='ocrx_word' id='word_1_245' title='bbox 287 2447 348 2492; x_wconf 90' lang='lat' dir='ltr'>qui</span> <span class='ocrx_word' id='word_1_246' title='bbox 377 2448 478 2481; x_wconf 86' lang='lat' dir='ltr'>armis</span> <span class='ocrx_word' id='word_1_247' title='bbox 498 2456 630 2493; x_wconf 85' lang='lat' dir='ltr'>pugnat</span> <span class='ocrx_word' id='word_1_248' title='bbox 656 2447 816 2493; x_wconf 80' lang='lat' dir='ltr'>gravissi-</span> 
     </span>
    </p>

    <p class='ocr_par' dir='ltr' id='par_1_16' title="bbox 121 2495 816 2652">
     <span class='ocr_line' id='line_1_49' title="bbox 121 2495 813 2545; baseline -0.001 -13"><span class='ocrx_word' id='word_1_249' title='bbox 121 2499 208 2533; x_wconf 66' lang='lat' dir='ltr'>«umis</span> <span class='ocrx_word' id='word_1_250' title='bbox 223 2523 232 2538; x_wconf 88' lang='lat'><strong>‚</strong></span> <span class='ocrx_word' id='word_1_251' title='bbox 254 2499 423 2545; x_wconf 82' lang='lat' dir='ltr'>gladiator</span> <span class='ocrx_word' id='word_1_252' title='bbox 442 2495 504 2544; x_wconf 78' lang='lat' dir='ltr'>(ex</span> <span class='ocrx_word' id='word_1_253' title='bbox 521 2501 615 2533; x_wconf 73' lang='grc' dir='ltr'>ὅπλον</span> <span class='ocrx_word' id='word_1_254' title='bbox 637 2509 670 2534; x_wconf 88' lang='lat' dir='ltr'>et</span> <span class='ocrx_word' id='word_1_255' title='bbox 686 2495 813 2544; x_wconf 66' lang='grc' dir='ltr'>μέχη)τ</span> 
     </span>
     <span class='ocr_line' id='line_1_50' title="bbox 145 2551 816 2598; baseline 0 -13"><span class='ocrx_word' id='word_1_256' title='bbox 145 2553 402 2597; x_wconf 74' lang='lat' dir='ltr'>ophthalmicus</span> <span class='ocrx_word' id='word_1_257' title='bbox 417 2566 502 2586; x_wconf 83' lang='lat' dir='ltr'>vero</span> <span class='ocrx_word' id='word_1_258' title='bbox 519 2551 674 2587; x_wconf 87' lang='lat' dir='ltr'>medicus</span> <span class='ocrx_word' id='word_1_259' title='bbox 690 2561 740 2586; x_wconf 88' lang='lat' dir='ltr'>est</span> <span class='ocrx_word' id='word_1_260' title='bbox 756 2552 816 2598; x_wconf 85' lang='lat' dir='ltr'>qui</span> 
     </span>
     <span class='ocr_line' id='line_1_51' title="bbox 146 2603 815 2652; baseline 0.001 -14"><span class='ocrx_word' id='word_1_261' title='bbox 146 2614 243 2640; x_wconf 87' lang='lat' dir='ltr'>curat</span> <span class='ocrx_word' id='word_1_262' title='bbox 271 2607 390 2640; x_wconf 88' lang='lat' dir='ltr'>oculos</span> <span class='ocrx_word' id='word_1_263' title='bbox 416 2605 559 2652; x_wconf 81' lang='lat' dir='ltr'>(gallice</span> <span class='ocrx_word' id='word_1_264' title='bbox 579 2603 746 2647; x_wconf 72' lang='lat' dir='ltr'>oculisle),</span> <span class='ocrx_word' id='word_1_265' title='bbox 769 2605 815 2639; x_wconf 83' lang='lat' dir='ltr'>sic</span> 
     </span>
    </p>
   </div>
   <div class='ocr_carea' id='block_1_11' title="bbox 875 2182 1555 2650">
    <p class='ocr_par' dir='ltr' id='par_1_17' title="bbox 877 2182 1549 2271">
     <span class='ocr_line' id='line_1_52' title="bbox 877 2182 1549 2230; baseline -0.006 -12"><span class='ocrx_word' id='word_1_266' title='bbox 877 2183 990 2218; x_wconf 87' lang='lat' dir='ltr'>dictus</span> <span class='ocrx_word' id='word_1_267' title='bbox 1006 2185 1048 2217; x_wconf 91' lang='lat' dir='ltr'>ab</span> <span class='ocrx_word' id='word_1_268' title='bbox 1061 2184 1277 2230; x_wconf 88' lang='lat' dir='ltr'>ophthalmia</span> <span class='ocrx_word' id='word_1_269' title='bbox 1288 2208 1297 2225; x_wconf 95' lang='lat'><strong><em>‚</em></strong></span> <span class='ocrx_word' id='word_1_270' title='bbox 1307 2195 1382 2229; x_wconf 83' lang='lat' dir='ltr'>quae</span> <span class='ocrx_word' id='word_1_271' title='bbox 1398 2182 1485 2215; x_wconf 87' lang='lat' dir='ltr'>mala</span> <span class='ocrx_word' id='word_1_272' title='bbox 1500 2190 1549 2215; x_wconf 76' lang='lat' dir='ltr'>est</span> 
     </span>
     <span class='ocr_line' id='line_1_53' title="bbox 877 2237 1140 2271; baseline -0.008 0"><span class='ocrx_word' id='word_1_273' title='bbox 877 2237 970 2271; x_wconf 92' lang='lat' dir='ltr'>oculi</span> <span class='ocrx_word' id='word_1_274' title='bbox 989 2237 1140 2271; x_wconf 80' lang='lat' dir='ltr'>affectio,</span> 
     </span>
    </p>

    <p class='ocr_par' dir='ltr' id='par_1_18' title="bbox 875 2287 1555 2650">
     <span class='ocr_line' id='line_1_54' title="bbox 932 2287 1550 2332; baseline -0.006 -9"><span class='ocrx_word' id='word_1_275' title='bbox 932 2304 963 2323; x_wconf 75' lang='lat'>2.</span> <span class='ocrx_word' id='word_1_276' title='bbox 980 2291 1100 2323; x_wconf 77' lang='lat' dir='ltr'>Fecisti</span> <span class='ocrx_word' id='word_1_277' title='bbox 1118 2290 1263 2322; x_wconf 80' lang='lat' dir='ltr'>medicus.</span> <span class='ocrx_word' id='word_1_278' title='bbox 1287 2287 1467 2332; x_wconf 84' lang='lat' dir='ltr'>Imperitia</span> <span class='ocrx_word' id='word_1_279' title='bbox 1486 2287 1550 2319; x_wconf 92' lang='lat' dir='ltr'>ho-</span> 
     </span>
     <span class='ocr_line' id='line_1_55' title="bbox 877 2339 1546 2387; baseline -0.006 -11"><span class='ocrx_word' id='word_1_280' title='bbox 877 2342 987 2376; x_wconf 90' lang='lat' dir='ltr'>mines</span> <span class='ocrx_word' id='word_1_281' title='bbox 997 2341 1143 2383; x_wconf 86' lang='lat' dir='ltr'>necasti,</span> <span class='ocrx_word' id='word_1_282' title='bbox 1155 2354 1264 2387; x_wconf 90' lang='lat' dir='ltr'>quum</span> <span class='ocrx_word' id='word_1_283' title='bbox 1275 2353 1363 2373; x_wconf 85' lang='lat' dir='ltr'>esses</span> <span class='ocrx_word' id='word_1_284' title='bbox 1374 2339 1451 2373; x_wconf 86' lang='lat' dir='ltr'>med</span> <span class='ocrx_word' id='word_1_285' title='bbox 1458 2339 1546 2379; x_wconf 73' lang='lat' dir='ltr'>icus,</span> 
     </span>
     <span class='ocr_line' id='line_1_56' title="bbox 875 2391 1547 2441; baseline -0.004 -13"><span class='ocrx_word' id='word_1_286' title='bbox 875 2408 962 2441; x_wconf 90' lang='lat' dir='ltr'>quos</span> <span class='ocrx_word' id='word_1_287' title='bbox 999 2403 1032 2428; x_wconf 89' lang='lat' dir='ltr'>et</span> <span class='ocrx_word' id='word_1_288' title='bbox 1070 2406 1163 2427; x_wconf 87' lang='lat' dir='ltr'>nunc</span> <span class='ocrx_word' id='word_1_289' title='bbox 1199 2392 1327 2427; x_wconf 87' lang='lat' dir='ltr'>occidis</span> <span class='ocrx_word' id='word_1_290' title='bbox 1366 2391 1547 2438; x_wconf 87' lang='lat' dir='ltr'>gladiator.</span> 
     </span>
     <span class='ocr_line' id='line_1_57' title="bbox 875 2444 1550 2493; baseline -0.004 -13"><span class='ocrx_word' id='word_1_291' title='bbox 875 2448 948 2493; x_wconf 87' lang='lat' dir='ltr'>Ego</span> <span class='ocrx_word' id='word_1_292' title='bbox 969 2447 1109 2480; x_wconf 71' lang='lat' dir='ltr'>malim:</span> <span class='ocrx_word' id='word_1_293' title='bbox 1130 2459 1276 2480; x_wconf 74' lang='lat' dir='ltr'>excaecas</span> <span class='ocrx_word' id='word_1_294' title='bbox 1299 2445 1482 2486; x_wconf 66' lang='lat' dir='ltr'>homine-53</span> <span class='ocrx_word' id='word_1_295' title='bbox 1498 2444 1550 2477; x_wconf 90' lang='lat' dir='ltr'>vi-</span> 
     </span>
     <span class='ocr_line' id='line_1_58' title="bbox 875 2498 1549 2546; baseline -0.006 -12"><span class='ocrx_word' id='word_1_296' title='bbox 875 2499 1046 2546; x_wconf 89' lang='lat' dir='ltr'>deturque</span> <span class='ocrx_word' id='word_1_297' title='bbox 1065 2499 1272 2533; x_wconf 83' lang='lat' dir='ltr'>Samnitium</span> <span class='ocrx_word' id='word_1_298' title='bbox 1304 2507 1338 2532; x_wconf 85' lang='lat' dir='ltr'>et</span> <span class='ocrx_word' id='word_1_299' title='bbox 1358 2498 1468 2544; x_wconf 84' lang='lat' dir='ltr'>gravis</span> <span class='ocrx_word' id='word_1_300' title='bbox 1495 2511 1549 2530; x_wconf 79' lang='lat' dir='ltr'>ar-</span> 
     </span>
     <span class='ocr_line' id='line_1_59' title="bbox 877 2550 1550 2598; baseline -0.006 -12"><span class='ocrx_word' id='word_1_301' title='bbox 877 2562 1019 2586; x_wconf 81' lang='lat' dir='ltr'>maturae</span> <span class='ocrx_word' id='word_1_302' title='bbox 1043 2551 1271 2598; x_wconf 83' lang='lat' dir='ltr'>gladiatorum</span> <span class='ocrx_word' id='word_1_303' title='bbox 1303 2564 1420 2597; x_wconf 79' lang='lat' dir='ltr'>pugna</span> <span class='ocrx_word' id='word_1_304' title='bbox 1447 2550 1550 2584; x_wconf 80' lang='lat' dir='ltr'>fuisse</span> 
     </span>
     <span class='ocr_line' id='line_1_60' title="bbox 877 2596 1555 2650; baseline -0.007 -10"><span class='ocrx_word' id='word_1_305' title='bbox 877 2606 1035 2650; x_wconf 80' lang='lat' dir='ltr'>punctim</span> <span class='ocrx_word' id='word_1_306' title='bbox 1048 2604 1250 2640; x_wconf 87' lang='lat' dir='ltr'>ferire.Vid.</span> <span class='ocrx_word' id='word_1_307' title='bbox 1259 2596 1538 2650; x_wconf 54' lang='lat' dir='ltr'>Lipsii&#39;Saturnal</span> <span class='ocrx_word' id='word_1_308' title='bbox 1548 2628 1555 2635; x_wconf 78' lang='grc'><em>,</em></span> 
     </span>
    </p>
   </div>
  </div>
 </body>
</html>
