1978 3305
518 241 615 287 386

891 240 945 280 M.
975 239 1049 280 VA
1068 239 1114 280 L.
1154 239 1545 282 MARTIALIS

654 330 758 371 Esse
786 335 912 386 putas
944 324 1039 368 fidae
1064 335 1215 385 pectus
1242 324 1468 369 amicitiae?

587 400 751 459 Aprum
774 405 917 451 amat,
944 404 986 438 et
1012 394 1190 450 mullos,
1214 405 1257 439 et
1282 411 1433 439 sumen
1448 430 1460 449 ‚
1484 404 1527 438 et
1550 404 1718 450 ostrea,
1743 411 1830 439 non
1858 405 1912 439 te.

654 469 763 510 Tam
795 465 904 509 bene
937 466 967 508 si
995 482 1160 509 coenem
1181 501 1192 521 ,
1218 475 1363 510 noster
1393 465 1556 508 amicus
1586 465 1680 508 erit.

568 619 600 639 2.
628 605 709 638 Esse
737 611 833 649 putas
850 602 951 647 siche,
975 611 1039 635 etc.
1063 602 1187 648 Magna

516 671 598 692 vero
637 656 807 695 amicitia,
843 664 878 689 et
910 654 1110 700 prodigiosa
1123 682 1132 697 ‚
1161 656 1188 688 si

515 711 616 744 amici
630 710 679 743 illi
696 710 782 754 φίλου
794 708 884 742 σκιὰν
899 716 1034 741 tantum
1048 708 1189 743 hahent.

567 764 601 797 3.
611 764 734 808 Aprum
745 769 840 801 amat,
852 769 882 794 et
891 761 987 794 mulos
997 759 1075 794 Ald.
1086 761 1185 795 Junt.

515 816 627 850 Colin.
646 817 753 861 Lang.
771 824 838 848 etc.
855 814 965 847 mullos
983 813 1092 847 codex
1109 815 1188 847 Pul-

514 869 645 903 manni.
671 888 724 895 -—
742 868 867 913 Aprum
893 875 1000 906 amat,
1029 875 1093 900 etc.
1118 867 1186 901 Hic

512 923 591 956 licet
619 920 802 954 Juvenalis
822 919 1020 953 meminisse
1046 928 1098 960 et,
1118 920 1184 953 im-

511 983 645 1008 mutato
657 973 911 1019 aliquantulum
919 984 1020 1005 versu
1028 996 1037 1012 ,
1049 971 1182 1005 dicere:

517 1029 570 1062 «O
586 1027 685 1073 aper!
701 1026 832 1060 omnlli
844 1025 851 1058 l
864 1025 963 1058 vobis
982 1024 1076 1058 hunc
1095 1037 1185 1070 prae-

512 1089 577 1115 stat
599 1081 770 1114 honorem
783 1104 792 1119 ‚
808 1079 882 1111 Vos
902 1085 1002 1111 amat.
1021 1094 1034 1107 »
1052 1078 1118 1110 En.
1135 1100 1187 1104 -

512 1135 647 1172 Sumen;
669 1133 739 1166 cibi
760 1143 869 1176 genus
885 1131 1036 1163 maximo
1051 1131 1089 1163 in
1107 1143 1186 1176 pre-

514 1187 562 1220 tio
595 1184 688 1231 apud
708 1186 904 1225 Romanos;
927 1182 988 1217 sed
1009 1196 1080 1216 non
1106 1184 1186 1217 satis

512 1247 647 1273 constat
670 1236 753 1283 quid
775 1237 879 1269 fuerit
897 1249 1029 1269 sumen.
1048 1236 1186 1270 Volunt

511 1292 567 1326 alii
598 1290 684 1324 illud
707 1290 836 1324 factum
858 1302 898 1322 ex
919 1289 1057 1334 papillis
1077 1290 1186 1322 suillis

1246 615 1317 635 uno
1344 601 1402 636 die
1429 609 1508 647 post
1529 610 1666 647 partum
1685 601 1785 635 sectis
1803 614 1843 635 ac
1865 614 1917 635 sa-

1248 655 1328 688 litis.
1354 655 1480 688 Noster
1504 654 1564 688 lib.
1586 655 1696 695 XIII,
1715 653 1914 700 epigramm.

1249 720 1343 741 xmv.
1375 707 1507 740 Sumen
1543 707 1600 740 alii
1623 715 1746 752 putant
1775 718 1847 740 esse
1866 707 1918 740 lac

1249 761 1319 794 suis
1337 768 1528 793 extractum
1543 772 1582 794 ac
1595 757 1778 793 densatum
1790 771 1852 792 sue
1865 771 1921 793 oc-

1246 814 1325 847 cisa.
1346 814 1520 847 Caeterum
1539 825 1645 845 sumen
1662 811 1807 858 proprie
1827 823 1847 845 a
1865 825 1919 845 su-

1242 867 1346 911 gendo
1375 865 1511 900 dictum
1536 877 1544 899 :
1577 866 1666 898 Nam
1699 873 1733 898 et
1761 865 1918 898 mulieris

1243 932 1429 953 mammam
1461 931 1566 951 sumen
1599 926 1731 951 veteres
1757 916 1829 951 dici
1857 930 1919 950 vo·

1243 973 1396 1006 luerunt.
1436 971 1548 1004 Lucil.
1583 971 1695 1016 Satyr.
1733 970 1796 1003 lib.
1838 971 1890 1003 IV
1910 982 1918 1003 :

1249 1043 1262 1054 «v
1278 1023 1385 1065 Quod
1405 1024 1433 1057 si
1453 1024 1547 1057 nulla
1564 1031 1678 1069 potest
1699 1022 1825 1056 mulier
1845 1030 1915 1055 tam

1245 1090 1392 1122 corpore
1413 1075 1503 1110 duro
1532 1076 1637 1116 Esse,
1657 1084 1771 1109 tamen
1793 1083 1914 1108 tenero

1246 1138 1383 1163 maneat
1398 1141 1554 1163 succussa
1572 1129 1719 1170 lacerto,
1735 1129 1780 1161 Et
1795 1139 1918 1161 manus

1246 1183 1389 1217 uberior
1397 1182 1536 1217 lactanti
1546 1182 1581 1214 in
1589 1181 1722 1215 sumine
1730 1180 1919 1215 sidat.”E=.).

1302 1241 1336 1277 4.
1358 1237 1490 1270 Amicus
1511 1236 1570 1268 eris
1588 1233 1765 1268 edd.vett.
1789 1233 1923 1267 Lectio-

1246 1301 1328 1322 nem
1357 1297 1512 1323 nostram
1533 1287 1673 1321 exhibet
1701 1286 1779 1320 cod.
1805 1286 1920 1320 Pulm.

1151 1424 1324 1479 XVI.

1066 1580 1129 1606 DF.
1181 1579 1377 1607 CHLOE.

583 1709 841 1750 lNSCRIPSIT
872 1702 1040 1747 tumulo
1071 1713 1235 1764 septem
1267 1703 1483 1746 celebrata
1513 1704 1705 1746 virorum

652 1777 704 1819 Se
726 1775 875 1819 fecisse
897 1773 1036 1817 Chloe
1060 1791 1067 1815 :
1097 1773 1199 1834 quid
1222 1783 1322 1835 pote
1349 1772 1611 1834 simplicius?

573 1925 604 1946 1.
638 1912 814 1945 Celebrant.
849 1909 889 1942 ld
915 1910 1081 1943 exhibent
1108 1909 1187 1943 Ald.

515 1967 613 1999 Junt.
640 1965 756 1998 Colin.
779 1962 917 2009 Gryph.
948 1963 1063 1996 Plant.
1081 1964 1189 2007 Lang.

517 2018 587 2053 alii.
607 2016 760 2060 Quidam
790 2017 928 2061 legunt,
957 2016 1130 2055 scele1·‹1ta;
1159 2024 1192 2049 et

519 2072 566 2105 sic
583 2069 662 2105 cod.
674 2070 790 2104 Pulm.
802 2090 854 2095 --
865 2068 1041 2102 Celebrata.
1060 2068 1192 2103 Solem-

520 2125 576 2158 nia
598 2125 698 2158 busta
726 2122 891 2167 intelligit
918 2122 1113 2161 Domitius;
1134 2121 1193 2155 sed

519 2189 600 2211 sane
622 2176 816 2222 epithetum
836 2182 906 2216 est,
927 2173 1023 2220 quod
1045 2176 1194 2208 refertur

520 2229 562 2264 ad
583 2230 719 2265 Chloen
736 2241 744 2263 :
762 2229 830 2262 hoc
848 2237 917 2268 est,
933 2228 1060 2261 famosa
1069 2228 1190 2262 Chloe.

574 2296 606 2316 2.
633 2283 673 2316 Se
695 2284 820 2326 secisse.
852 2280 934 2314 Haec
965 2293 1090 2326 nempe
1120 2289 1193 2314 erat

519 2335 700 2382 inscriptio
722 2334 865 2376 tumuli,
888 2351 901 2364 ιι
917 2333 1028 2368 Chloe
1051 2333 1132 2367 fecit
1152 2346 1191 2375 »ς

514 2391 613 2434 jocus
628 2396 745 2422 autem
766 2396 800 2422 et
816 2398 960 2420 acumen
979 2387 1013 2420 in
1027 2399 1111 2420 voce
1124 2398 1194 2419 am-

518 2443 622 2487 bigua
633 2443 729 2484 fecit,
750 2453 817 2486 qna
835 2439 1009 2474 insciailla
1022 2439 1192 2485 significat

519 2508 588 2527 non
614 2495 727 2528 solum
748 2507 782 2527 se
804 2493 1040 2539 epitaphium,
1060 2493 1115 2525 vel
1136 2501 1190 2526 tu-

519 2548 650 2580 mulum
667 2556 798 2593 septem
817 2546 949 2579 maritis
971 2546 1124 2592 posuisse
1136 2571 1145 2587 ,
1157 2555 1191 2580 at

515 2613 550 2632 se
581 2613 706 2634 corum
733 2599 855 2633 mortis
882 2611 1036 2640 causam,
1060 2600 1191 2644 quippe

513 2666 600 2698 quos
628 2653 669 2685 nb
695 2665 731 2685 ea
759 2653 910 2685 sublatos
938 2665 1090 2694 veneno,
1115 2670 1127 2681 u
1147 2653 1187 2685 ΕΙ

1249 1911 1357 1943 otiosa
1388 1907 1537 1943 credidit
1563 1909 1726 1955 Neapolis
1752 1908 1797 1942 Et
1821 1921 1924 1943 omne

1250 1963 1404 1997 vicinum
1422 1961 1608 2008 oppidum.
1630 1962 1813 2002 n-Poee,
1838 1974 1924 1995 neu-

1252 2025 1345 2049 trum
1361 2017 1404 2049 ab
1418 2015 1541 2060 adject.
1555 2015 1663 2053 Potis;
1680 2013 1716 2047 id
1729 2023 1796 2055 est,
1812 2023 1926 2060 potest

1253 2082 1324 2103 esse
1336 2095 1345 2109 ,
1365 2069 1449 2102 utin
1464 2068 1577 2102 Cicer.
1590 2066 1634 2100 ad
1648 2067 1803 2101 Atticum
1816 2067 1923 2109 xm,

1253 2122 1352 2167 epist.
1369 2121 1415 2155 38
1430 2135 1436 2153 :
1459 2139 1471 2150 «
1484 2120 1552 2154 hoc
1571 2119 1845 2166 quidquampote
1859 2120 1924 2154 im-

1253 2174 1400 2221 purius?
1428 2191 1440 2203 n
1475 2173 1587 2207 Catul.
1622 2173 1818 2213 LXXVII,
1850 2175 1894 2207 16
1915 2186 1923 2206 .·

1254 2243 1266 2253 τ’
1283 2228 1358 2261 Hoc
1380 2227 1501 2266 facies,
1516 2227 1587 2259 sive
1606 2225 1643 2259 id
1662 2238 1733 2259 non
1748 2233 1835 2270 pole,
1852 2225 1925 2259 sive

1247 2289 1332 2325 pote.
1352 2297 1365 2310 u
1393 2281 1550 2325 propert.
1579 2279 1634 2319 11,
1657 2290 1668 2311 ι
1693 2291 1700 2312 ;
1725 2293 1737 2305 r«
1756 2279 1834 2320 Qua
1849 2287 1925 2323 pote

1251 2333 1417 2379 quisque,
1431 2334 1465 2366 in
1482 2345 1520 2366 ea
1536 2340 1691 2366 conterat
1706 2339 1778 2364 arte
1789 2330 1895 2364 diem.
1907 2349 1920 2361 .-

1252 2386 1461 2420 Lucret.lib.
1476 2384 1649 2418 111:‹=Nec
1659 2383 1805 2418 devitari
1814 2384 1925 2418 letum

1247 2447 1341 2484 pote,
1375 2439 1460 2485 quin
1491 2439 1667 2472 obeamus.
1686 2453 1700 2467 ι
1721 2438 1761 2470 In
1795 2436 1924 2470 Plurali

1247 2496 1332 2537 polis
1353 2500 1425 2525 sunt
1438 2519 1445 2531 ‚
1467 2491 1560 2525 idem
1579 2503 1616 2524 ac
1630 2497 1761 2535 possunt
1773 2502 1786 2527 ,-
1809 2489 1923 2524 Plaut-

1253 2546 1343 2579 Poen.
1378 2547 1411 2579 l.
1444 2558 1459 2577 2
1476 2571 1485 2586 ,
1510 2546 1574 2585 163
1603 2551 1636 2577 et
1667 2544 1767 2575 Varr.
1793 2540 1838 2575 de
1871 2543 1923 2576 Re

1251 2600 1347 2632 Rust.
1371 2599 1424 2638 ΙΙ,
1453 2611 1484 2631 2.
1513 2596 1640 2631 Sanctii
1661 2595 1838 2634 Minerva,
1860 2596 1923 2636 lv,

1258 2664 1312 2695 ¹7,
1334 2652 1434 2696 plura
1458 2650 1563 2683 refert
1582 2648 1749 2694 exempla.
1777 2648 1839 2681 liu.
