1978 3305
460 231 556 278 536

832 235 894 295 Μ.
921 234 1061 278 VAL.
1101 233 1494 278 MARTIALIS

1097 361 1226 418 LX.

979 519 1047 547 DE
1085 496 1338 548 ΜΠΝΝΑΪιι

522 618 646 661 JURA
670 614 802 659 trium
831 614 956 676 petiit
980 631 1004 659 a
1031 616 1201 659 Caesare
1228 613 1561 675 discipulorum,

593 687 803 730 Assuetus
828 702 999 746 semper
1024 685 1194 729 Munna
1218 684 1376 729 docere
1403 684 1525 729 duos.

509 795 524 811 ¹¹
536 800 656 835 Nunna
675 799 754 834 cod.
772 800 958 834 Pulmann.
975 799 1013 833 in
1029 800 1130 833 titulo

456 861 491 888 et
507 854 544 886 in
564 853 884 900 epigrammate-—
896 855 936 886 In
958 853 1130 887 misellum

455 907 690 948 inmemorem,
709 907 784 948 cui,
805 918 914 952 quum
942 905 1028 939 duos
1053 913 1129 939 tan-

453 969 530 994 tum
543 960 646 1005 vulgo
660 959 811 993 trahenti
828 958 1018 1004 discipulos
1031 984 1041 1000 ‚
1061 966 1130 991 tres

458 1011 597 1047 tandem
616 1012 862 1058 contigissent,
879 1011 990 1044 visum
1010 1019 1130 1056 petere

1189 812 1208 833 a
1229 799 1364 833 Caesare
1382 801 1438 844 jus
1464 800 1569 833 trium
1595 798 1864 845 discipulorum.

1188 854 1292 886 Jocus
1312 865 1329 885 a
1341 853 1419 897 jure
1441 852 1548 885 trium
1566 852 1758 889 liberorum
1771 879 1780 895 ‚
1802 853 1865 887 lib.

1189 906 1225 938 Π
1237 930 1247 946 ,
1261 905 1369 951 epigr.
1391 917 1447 938 xm
1464 914 1498 938 et
1516 917 1601 939 xcu.
1620 906 1767 939 Nullum
1782 918 1866 939 vero

1187 959 1242 1002 jus
1277 959 1386 991 trium
1413 956 1667 1003 discipulorum
1696 959 1867 992 exstitisse

1190 1010 1319 1056 cuique
1336 1010 1480 1044 obvium
1502 1019 1565 1044 est.
1581 1011 1646 1044 En.

1074 1147 1246 1204 LXI.

849 1285 1222 1315 EPITAPH1UM
1260 1264 1501 1316 nimi-ir*

531 1394 619 1436 ch
641 1389 841 1434 festinata
864 1389 1095 1450 requiescit
1113 1389 1296 1433 Erotion
1320 1388 1501 1441 umbra,

601 1461 794 1505 Crimine
819 1476 948 1521 quam
975 1459 1049 1503 fati
1077 1469 1195 1504 sexta
1222 1460 1391 1521 peregit
1414 1459 1565 1503 hiems.

533 1532 739 1592 Quisquis
763 1532 845 1575 eris
871 1532 1007 1575 nostri
1031 1539 1130 1591 post
1155 1546 1223 1573 me
1246 1539 1452 1590 regnator
1476 1528 1626 1590 agelli,

602 1602 808 1646 Manibus
834 1601 997 1662 exiguis
1022 1617 1165 1644 annua
1187 1601 1302 1660 justa
1326 1600 1441 1644 dato.
1500 1594 1502 1596 ’

515 1715 766 1753 'Discessurus
799 1718 835 1751 in
868 1718 1014 1763 patriam
1041 1717 1136 1750 Mar-

464 1773 554 1807 tialis
564 1798 572 1813 ,
587 1770 809 1805 commendat
824 1771 945 1803 futuro
960 1769 1058 1815 agelli
1073 1769 1137 1803 do·

463 1827 577 1867 mino,
590 1825 767 1859 tumulum
782 1823 891 1856 Erotii
903 1850 912 1864 ‚
926 1823 1052 1868 puellae
1065 1834 1140 1856 ver-

465 1879 568 1913 nulae.

521 1944 551 1965 1.
573 1932 659 1970 Hic,
684 1938 749 1963 etc.
769 1928 862 1962 Vide
882 1929 941 1962 lib.
964 1929 1009 1969 V,
1029 1928 1137 1973 epigr.

462 1997 553 2019 xxxv
573 1992 606 2017 et
620 1995 774 2021 xxxvtu,
797 1980 893 2015 unde
912 1981 995 2014 huic
1015 1981 1140 2015 lux.—

463 2039 644 2077 Festinata,
669 2045 736 2069 etc.
759 2036 967 2075 Immatura,
985 2046 1139 2080 praepro-

463 2103 556 2138 pera.
575 2111 628 2116 —
643 2089 822 2134 Requiescit
837 2089 984 2121 Erotion.
1005 2088 1056 2119 De
1072 2099 1139 2131 qua

462 2143 579 2192 puella
598 2141 732 2176 dictum
750 2141 811 2173 lib.
833 2141 878 2181 V,
902 2141 1010 2185 epigr.
1032 2151 1138 2173 xxx1v

463 2206 498 2231 et
520 2207 664 2236 xxxvu;
686 2207 762 2240 quae
778 2192 937 2227 nondum
954 2205 1011 2226 sex
1030 2204 1140 2226 annos

463 2251 618 2295 integros
647 2256 727 2280 nata
754 2246 899 2280 interiit.
917 2268 968 2272 —
990 2245 1142 2279 Feminis

465 2311 582 2338 autem
596 2300 741 2334 nomina
756 2298 833 2333 data
853 2311 1004 2345 quorum
1021 2298 1141 2332 termi-

464 2356 607 2390 natione
619 2354 722 2397 vulgo
733 2362 859 2386 neutra
872 2350 1084 2392 indicantur,
1098 2363 1142 2385 ne

468 2408 623 2448 mireris3
654 2406 740 2439 nulli
766 2406 858 2438 enirn
883 2405 939 2438 ilia
969 2403 1048 2438 data
1077 2404 1142 2437 nisi

467 2460 651 2505 mancipiis
686 2468 719 2492 et
752 2459 896 2499 scortis;
927 2457 1142 2503 mancipium

467 2527 551 2548 vero
588 2521 621 2545 et
655 2519 807 2545 scortum
821 2538 830 2553 ‚
859 2512 974 2544 neutri
1009 2511 1144 2555 generis

467 2567 581 2600 Latini
598 2565 760 2598 habuere.
773 2563 825 2597 Ad
840 2564 912 2598 haec
927 2572 1006 2597 nota
1027 2577 1067 2596 ex
1080 2577 1142 2596 no·

468 2619 623 2653 minibus
643 2617 773 2650 Latinis
787 2618 858 2650 istis
876 2618 909 2650 in
927 2630 977 2649 um
992 2616 1141 2650 derivari

468 2681 583 2707 nostra
609 2671 642 2703 in
674 2684 734 2707 nn,·
758 2671 868 2715 quaiiia
894 2671 1006 2707 lason,
1037 2671 1142 2703 Nilum

1195 1729 1262 1762 pro
1280 1717 1416 1754 Lisette,
1440 1716 1588 1756 Nineue,
1609 1725 1644 1750 et
1660 1715 1781 1749 multa.
1803 1717 1871 1750 En.

1253 1783 1285 1803 α.
1305 1770 1435 1813 Peregit
1466 1769 1570 1802 hiems.
1592 1769 1642 1802 Ita
1675 1769 1873 1803 Scriverius

1197 1821 1311 1855 edidit
1335 1835 1401 1868 pro
1421 1822 1562 1867 vulgato
1583 1824 1716 1867 per-emit
1733 1835 1745 1855 .·
1764 1830 1871 1855 recte.

1199 1876 1255 1908 Sic
1282 1887 1360 1921 sup.
1388 1875 1448 1908 lib.
1470 1875 1514 1914 V,
1541 1875 1651 1921 epigr.
1682 1887 1801 1913 xxxvn
1830 1874 1874 1908 de

1199 1927 1320 1963 eadem
1328 1928 1468 1962 Erotio:
1483 1945 1496 1957 «
1505 1928 1619 1969 Quam
1630 1927 1875 1974 pessimorum,

1199 1989 1262 2014 etc.
1276 1981 1378 2015 Sexta
1393 1981 1527 2026 peregit
1542 1981 1667 2015 hieme.
1678 1998 1690 2011 n
1704 1981 1856 2014 Lib.VII
1869 2006 1877 2021 ‚

1199 2035 1309 2080 epigr.
1339 2046 1438 2068 van
1469 2045 1477 2066 z
1510 2034 1688 2080 «Jamque
1715 2041 1875 2079 peractus

1200 2099 1308 2120 erasa»
1334 2086 1475 2121 Consul.
1497 2094 1531 2119 et
1552 2087 1672 2120 Burm.
1695 2085 1740 2120 ad
1756 2087 1874 2120 Valet.

1199 2140 1310 2173 Flacc.
1322 2141 1357 2181 I,
1373 2152 1385 2172 1
1396 2143 1452 2180 46.
1466 2140 1547 2172 Aut.
1564 2139 1602 2171 de
1620 2139 1875 2184 Roqr.-Se.rt‹1

1200 2193 1304 2225 hiems.
1329 2191 1498 2226 Nondum
1525 2192 1718 2226 absolverat
1739 2201 1873 2226 sextum

1200 2258 1344 2279 annum.
1365 2245 1443 2278 Lib.
1465 2246 1510 2286 V,
1534 2258 1588 2290 ep.
1611 2258 1718 2286 xxxv,
1740 2258 1789 2279 vs.
1813 2245 1847 2279 5.

1256 2299 1289 2332 3.
1309 2299 1472 2343 Regnator
1486 2298 1594 2343 agelli.
1613 2299 1786 2332 Dominus
1805 2298 1876 2344 agri

1201 2352 1323 2397 hujus,
1335 2359 1416 2397 post
1430 2350 1619 2385 discessum
1632 2364 1749 2384 meum
1764 2351 1801 2384 in
1817 2364 1877 2397 pa-

1203 2405 1305 2438 triam
1317 2430 1326 2443 ,
1344 2416 1405 2437 seu
1425 2413 1586 2438 mortem.

1258 2462 1290 2498 4.
1311 2457 1459 2491 Manibus
1474 2460 1608 2503 exiguis.
1626 2457 1669 2490 H.
1688 2469 1720 2490 e.
1744 2458 1878 2490 umbrae

1202 2510 1311 2544 Erotii
1335 2510 1518 2556 puellulae,
1540 2523 1619 2557 quae
1642 2509 1721 2544 data
1738 2535 1747 2551 ,
1774 2518 1812 2543 ut
1832 2510 1877 2543 ait

1202 2564 1401 2603 Juvenalis,
1418 2572 1478 2597 sat.
1496 2577 1550 2604 xv,
1576 2563 1747 2608 -ignibus
1766 2563 1877 2595 infans

1202 2617 1245 2649 Et
1266 2617 1381 2649 minor
1411 2617 1489 2661 igue
1515 2617 1589 2662 rogi
1610 2634 1641 2649 -.
1662 2614 1745 2649 Vid.
1768 2623 1875 2649 notat.

1204 2669 1245 2703 ad
1270 2683 1316 2703 vs.
1342 2682 1352 2702 1
1379 2678 1409 2701 et
1434 2681 1465 2701 2.
