1978 3305
405 235 464 280 72

779 219 841 261 Μ.
864 218 1006 262 VAL.
1045 217 1430 261 MARTIALIS

542 303 832 367 Epistolisque
854 303 1105 349 commodat
1123 320 1301 364 gravem
1321 303 1490 348 vultum
1506 339 1518 359 ,

543 374 699 419 Similis
720 376 902 431 Catoni,
921 373 1170 434 Tullioque,
1192 376 1440 434 Brutoque3

543 446 820 506 Exprimere,
845 444 982 494 Rufe.
1004 442 1190 488 fidiculae
1218 443 1318 488 licet
1339 453 1520 505 cogant,

544 516 638 558 Ave
660 513 841 558 latinum
855 549 866 570 ,
891 518 1002 574 χαῖρε
1029 531 1120 558 non
1144 523 1288 575 potest
1309 530 1513 575 graecum.

545 585 588 628 Si
610 584 774 645 fingere
795 600 865 628 me
885 584 1000 629 istud
1023 594 1174 646 putas,
1196 584 1446 629 salutemus.

407 708 571 743 adhibitis
586 709 628 743 iis
645 710 926 751 solennitatibus,
949 722 1026 756 quae
1043 710 1079 743 in

407 762 619 796 testamentis
649 763 931 808 requirebantur.
969 764 1079 796 Porro

409 814 546 849 codices
563 823 663 849 erant
683 817 809 850 tabulae
827 816 966 862 ligneae,
988 815 1081 850 unde

410 867 565 901 codicilli
592 866 695 910 dicti,
725 869 761 901 in
792 869 920 915 quihus
950 868 1080 902 seribe-

411 920 498 954 bant
519 921 666 955 Veteres
684 922 794 955 multa
811 930 845 955 et
863 921 1012 955 diversa.

464 977 498 1014 4.
516 972 653 1008 Gravem
674 975 809 1008 vultum.
833 974 1009 1020 Graphice
1031 973 1082 1006 fa-

410 1033 502 1059 stum
521 1025 709 1060 ardelionis
730 1026 889 1073 depingit
907 1036 914 1056 ἰ
936 1025 1084 1060 attendit

409 1078 506 1111 enim
531 1079 684 1124 legentes
711 1081 847 1114 sublato
874 1079 1080 1125 supercilio,

410 1140 567 1176 caperata
594 1132 729 1174 fronte,
752 1141 895 1178 totoque
917 1133 1020 1166 vultu
1041 1130 1085 1164 ad

411 1184 626 1218 severitatem
638 1186 849 1230 composit03
862 1186 957 1219 velut
966 1197 1085 1218 rerum

412 1236 573 1270 omnium
594 1237 687 1270 solus
708 1239 856 1280 arbiter,
874 1236 1003 1283 judex,
1023 1249 1085 1283 pa-

413 1297 547 1323 tronus.
569 1290 686 1323 Rader.

471 1341 506 1376 5.
519 1341 738 1376 Catoni.Viro
753 1343 956 1389 gravissimo
970 1352 1003 1377 et
1013 1355 1084 1377 ma-

415 1394 516 1428 ximae
529 1395 755 1428 auctoritatis.
768 1417 820 1422 —
835 1397 1013 1441 Tullioque.
1027 1396 1087 1430 Pa-

415 1455 518 1480 trono
558 1447 799 1482 attentissimo.
833 1470 886 1475 —-
913 1449 1086 1496 Brutoque.

417 1499 544 1533 Literis
561 1500 696 1534 assidue
708 1500 831 1544 affixo3
846 1513 1087 1547 percussorem

418 1552 560 1586 Caesaris
579 1553 746 1599 intelligo.

472 1608 505 1640 6.
520 1606 688 1640 Fc'diculae.
703 1605 803 1640 Adeo
815 1607 1007 1641 inurbanus
1020 1616 1070 1642 est
1079 1633 1088 1650 ‚

417 1666 456 1691 ut
465 1671 529 1692 nec
539 1659 721 1693 tormentis
730 1660 903 1695 cruciatus
913 1661 1021 1706 possit
1031 1660 1090 1694 ad-

418 1709 502 1744 duci
531 1711 575 1744 ad
601 1711 815 1746 reddendam
841 1714 1008 1753 salutem,
1034 1713 1090 1748 vel

418 1776 545 1808 graece,
566 1765 620 1798 vel
642 1765 759 1799 latine.
780 1765 936 1799 Raderus
966 1767 1088 1800 aliter:

419 1816 496 1850 Hoc
511 1825 578 1859 est,
593 1817 728 1863 inquit,
745 1817 831 1851 adeo
846 1819 1027 1864 imperitus
1041 1828 1092 1853 est

421 1869 478 1902 hic
496 1869 708 1911 causidicus,
727 1879 766 1903 ut
780 1885 834 1904 ave
852 1872 998 1905 latinum
1017 1873 1092 1918 qui-

421 1921 501 1955 dem
521 1923 679 1967 proferre
695 1924 822 1969 possit,
839 1937 990 1969 graecum
1008 1938 1090 1958 vero

421 1984 570 2020 nequeat
594 1978 696 2021 χαῖρε,
720 1977 833 2023 Eligat
854 1977 974 2011 lector.
997 1979 1090 2011 Fidi-

1141 711 1220 743 culae
1232 722 1309 756 quae
1319 709 1355 743 in
1368 709 1552 743 tormentis
1569 717 1812 751 numerantur,

1141 763 1258 808 inquit
1281 763 1466 796 Turnebus
1478 788 1487 804 ‚
1503 762 1564 796 lib.
1584 763 1650 804 IV,
1666 773 1740 807 cap.
1765 763 1784 796 3
1802 788 1812 804 ‚

1140 815 1227 849 mihi
1242 815 1407 849 videntur
1425 815 1563 849 lascivia
1578 814 1727 860 quadam
1744 815 1814 860 joci

1139 881 1270 901 nomen
1291 868 1484 910 invenisse,
1504 867 1601 914 quod
1623 877 1662 902 ut
1682 869 1716 901 in
1736 867 1814 900 fidi-

1140 921 1207 954 bus
1223 921 1341 963 nervi,
1353 921 1438 954 item
1453 933 1593 967 quoque
1604 921 1720 954 multis
1731 920 1815 955 hinc

1142 981 1176 1007 et
1198 973 1282 1007 inde
1299 974 1444 1007 funibus
1459 974 1620 1007 homines
1639 972 1815 1007 distende·

1140 1027 1284 1067 bantur3
1305 1025 1367 1060 sed
1382 1035 1415 1060 et
1438 1027 1495 1059 illa
1522 1026 1684 1059 machina
1717 1027 1816 1060 funes

1141 1079 1270 1113 multos
1285 1079 1381 1113 velut
1395 1092 1521 1112 nervos
1539 1079 1703 1112 habebat.
1719 1079 1814 1113 Suet.

1143 1131 1263 1165 Tiber.
1284 1134 1329 1166 62
1344 1144 1353 1174 ;
1367 1141 1400 1166 et
1415 1132 1524 1177 Calig.
1540 1131 1601 1166 33.
1620 1136 1684 1165 En.

1198 1197 1234 1229 7.
1255 1184 1326 1218 Ave
1344 1185 1494 1226 latinum,
1517 1185 1615 1230 χόμρε
1647 1184 1684 1217 in
1714 1185 1817 1219 Junt.

1143 1249 1198 1271 an.
1223 1237 1290 1271 151
1302 1251 1334 1279 2,
1353 1237 1454 1283 quod
1470 1239 1619 1271 verbum
1636 1238 1739 1270 nihili
1755 1246 1816 1272 est.

1145 1291 1307 1324 Vacuum
1317 1290 1531 1336 relinquitur
1542 1290 1693 1336 spatium
1705 1290 1740 1323 in
1753 1290 1819 1324 Co-

1142 1342 1205 1377 lin.
1227 1356 1284 1377 an.
1304 1343 1468 1377 1528.—
1478 1343 1548 1377 Ave
1558 1343 1816 1387 ίαιὶηιιιη,χαῖρε·

1145 1396 1221 1430 Sibi
1259 1404 1383 1430 mutuo
1415 1395 1631 1442 respondent
1658 1409 1747 1428 avere
1785 1404 1819 1429 et

1144 1449 1263 1494 χαίρειν
1285 1449 1374 1482 Nam
1395 1458 1429 1483 et
1450 1462 1539 1483 avere
1554 1449 1698 1495 proprie
1714 1449 1751 1482 in
1766 1461 1819 1482 sa-

1143 1502 1374 1536 lutationibus
1417 1502 1596 1535 matutinis
1633 1499 1645 1542 (
1668 1501 1818 1535 Martial.

1145 1554 1206 1589 lib.
1235 1555 1271 1597 I,
1302 1555 1409 1601 epigr.
1443 1568 1503 1588 LVI
1523 1563 1558 1588 et
1583 1566 1664 1588 xe1x
1687 1563 1721 1588 et
1738 1554 1820 1588 alibi

1147 1604 1250 1653 saepe)
1266 1616 1300 1641 et
1315 1607 1508 1653 generalius
1524 1608 1626 1650 alias3
1640 1607 1688 1641 sic
1704 1615 1738 1641 et
1749 1622 1771 1651 χ
1773 1608 1822 1641 αἱ·

1146 1673 1207 1705 ρειν
1226 1672 1235 1694 :
1249 1662 1365 1694 salvere
1380 1668 1496 1695 tamen
1512 1661 1636 1694 crebro
1649 1661 1685 1694 in
1700 1661 1822 1694 saluta-

1147 1713 1243 1746 tione
1265 1714 1454 1754 matutina;
1475 1714 1582 1746 valere
1605 1726 1688 1747 vero
1708 1713 1744 1746 in
1768 1726 1820 1747 sa-

1148 1765 1323 1800 lutatione
1343 1766 1549 1812 vespertina.
1572 1766 1709 1799 Her-ald.

1204 1821 1237 1853 8.
1255 1819 1291 1853 Si
1302 1819 1426 1863 finger-e
1447 1820 1534 1852 istud
1553 1832 1598 1851 mc
1614 1818 1723 1852 codex
1742 1819 1821 1852 Pul-

1149 1872 1280 1906 manni.
1299 1894 1348 1898 ——
1366 1873 1553 1906 salutemus.
1573 1872 1754 1918 Specimen
1777 1872 1823 1905 sa-

1150 1925 1241 1958 cturi
1252 1934 1285 1958 et
1295 1926 1491 1971 periculum
1502 1925 1709 1959 urbanitatis
1724 1924 1823 1958 istius.

1150 1978 1312 2011 hominis.

1047 2113 1179 2168 LII.

882 2262 935 2291 IN
974 2242 1357 2292 ΡΟΒΤΠῙΗΠῌΜῙι

485 2382 600 2437 QUAE
630 2382 735 2425 mihi
761 2383 1009 2442 praestiteris
1040 2382 1244 2438 memini,
1270 2399 1526 2443 semperque
1556 2383 1724 2428 tenebo.

556 2454 647 2494 Cur
670 2453 801 2512 igitur
830 2451 981 2498 taceo?
1003 2453 1262 2507 Posthuine,
1291 2462 1338 2496 tu
1370 2452 1571 2515 loqueris.

463 2585 472 2597 ¹
507 2590 540 2620 ln
572 2590 752 2623 Postumum
774 2618 780 2629 ,
807 2592 844 2623 ‹lv
876 2605 998 2625 neuneu·
1028 2593 1089 2625 Bo-

416 2641 566 2675 verlandi
592 2643 665 2675 MS.

1207 2607 1238 2625 2.
1275 2594 1322 2626 'l'u
1353 2594 1495 2638 loqueris.
1527 2594 1616 2637 Lege
1639 2593 1825 2633 Senecam,

1150 2645 1193 2678 dc
1210 2647 1359 2680 Bcnclic.
1384 2646 1443 2680 lib.
1467 2647 1519 2685 11,
1539 2659 1614 2691 cap.
1641 2659 1683 2680 ιο
1703 2655 1735 2680 ct
1759 2659 1771 2680 1
1786 2659 1796 2679 ι
1815 2673 1823 2687 ,
