1978 3305
397 258 495 312 0425
769 257 830 298 M.
856 256 933 297 vA
948 256 996 297 L.
1035 255 1424 298 MARTIALIs

954 415 1247 471 LXXXI.

779 573 844 600 DE
885 571 1136 600 SPADONE
1176 571 1239 598 ET
1277 570 1423 599 SENR

465 688 576 729 CUM
599 701 700 729 sene
722 699 998 728 communem
1022 692 1148 726 vexat
1170 682 1306 743 spado
1329 682 1573 742 Dindymus
1597 680 1749 742 AEglen
1766 715 1776 734 ‚

536 758 591 799 Et
617 755 732 816 jacet
763 755 806 797 in
838 753 982 797 medio
1012 753 1123 797 sicca
1156 751 1298 813 puella
1328 762 1455 796 toro:

466 826 643 869 Viribus
673 826 744 868 hic
776 825 896 885 operi
927 839 1015 867 non
1044 833 1134 877 est,
1165 823 1236 866 hic
1268 821 1383 866 utilis
1412 824 1547 866 annis.

535 898 653 957 Ergo
686 897 777 939 sine.
808 894 969 938 effectu
1000 895 1142 953 prurit
1170 903 1353 953 uterque
1384 892 1519 937 labor.

466 965 659 1027 Supplex
686 964 756 1009 illa
786 974 912 1024 rogat
940 980 1022 1024 pro
1048 979 1117 1016 se,
1148 964 1401 1023 miserisque
1431 963 1628 1017 duobus,

537 1039 665 1080 Hunc
693 1036 897 1095 juvenem
930 1034 1089 1087 facias,
1114 1033 1231 1076 hunc
1248 1069 1259 1088 ‚
1287 1033 1503 1093 Cytherea
1520 1067 1531 1087 ,
1564 1035 1722 1077 virum.

455 1188 483 1209 1.
503 1176 619 1208 Versat.
636 1174 810 1207 Omnibus
823 1171 938 1206 modis
951 1181 1050 1217 urget
1062 1198 1071 1212 ,

398 1229 553 1269 lacessit,
582 1227 700 1272 fatigat
724 1234 757 1260 et
781 1225 972 1270 voluptatis
997 1237 1072 1257 uin-

397 1281 514 1315 bratili
538 1289 572 1314 et
589 1280 687 1313 irrita
706 1279 856 1324 imagine
875 1276 1072 1312 discruciat.

452 1348 484 1367 2.
498 1334 590 1367 Sicca
606 1333 727 1378 puella.
745 1333 834 1365 Nam
852 1331 886 1363 in
908 1331 1006 1364 irrito
1024 1340 1074 1364 est

395 1385 570 1433 quidquid
585 1386 639 1419 isti
655 1385 859 1418 moliuntur.
870 1384 954 1425 Quo
968 1395 1072 1416 sensu

396 1442 430 1473 τὸ
448 1442 532 1472 sicca
545 1438 679 1484 optime
695 1438 885 1482 intelliges,
895 1436 922 1469 si
934 1435 977 1469 ad
991 1448 1071 1469 con·

394 1493 540 1526 trarium
557 1492 620 1523 uda
637 1491 753 1523 animo
770 1489 961 1529 reveharis,
977 1487 1073 1534 quod

396 1547 432 1578 in
460 1546 525 1578 hoc
548 1544 718 1584 disticho,
736 1561 749 1572 κ
770 1543 829 1575 Tu
848 1554 990 1587 quoque
1012 1554 1073 1574 ne-

395 1598 521 1644 quitias
546 1597 655 1630 nostri
677 1597 846 1641 lususque
870 1594 979 1628 libelli
1001 1594 1073 1627 Uda

396 1651 511 1696 puella
541 1651 650 1695 leges,
681 1650 726 1682 sis
756 1648 920 1681 Patavina
953 1647 1035 1681 licet
1056 1665 1068 1676 ,.

398 1704 476 1737 Lib.
499 1704 547 1735 XI
568 1727 576 1743 ‚
600 1703 707 1748 epigr.
732 1713 790 1734 xvt
804 1728 812 1738 .
829 1714 875 1733 vs.
898 1702 932 1733 8.
948 1700 1015 1733 Eo.

1188 1173 1221 1205 3.
1242 1171 1308 1204 Hic
1337 1171 1431 1204 utilis.
1459 1172 1597 1217 Legunt
1623 1171 1672 1204 hic
1692 1172 1811 1204 mutilis

1134 1225 1284 1258 Farnab.
1300 1223 1476 1258 Schrevel.
1493 1232 1527 1257 et
1545 1223 1661 1257 editor
1678 1224 1808 1269 Delph.

1134 1299 1182 1303 —
1204 1278 1270 1310 Hic
1292 1280 1378 1322 operi
1399 1290 1460 1310 non
1490 1285 1547 1310 est.
1582 1277 1777 1310 Eunuchus
1801 1290 1808 1309 .·

1133 1331 1195 1364 lib.
1215 1331 1267 1362 VI
1282 1355 1291 1371 ,
1312 1329 1421 1376 epigr.
1449 1343 1573 1370 xxxix,
1600 1341 1657 1362 21.
1681 1330 1808 1363 Juven.

1134 1392 1194 1417 sat.
1219 1384 1271 1415 VI
1293 1408 1302 1423 ,
1327 1382 1413 1427 367.

1188 1441 1223 1477 4.
1240 1436 1361 1468 Prurit.
1381 1437 1433 1468 De
1449 1435 1568 1469 labore
1582 1447 1709 1481 nempe
1724 1434 1809 1468 dicit

1134 1487 1232 1534 quod
1256 1488 1400 1533 proprie
1424 1487 1468 1522 de
1491 1488 1734 1521 laborantibus
1757 1487 1810 1521 di-

1134 1540 1286 1574 cendum
1315 1541 1415 1575 foret.

1189 1597 1222 1627 6.
1238 1594 1268 1627 C
1271 1595 1406 1630 rllzerea.
1418 1594 1539 1627 Venus
1551 1620 1560 1635 ,
1574 1593 1712 1626 thalami
1727 1605 1813 1638 prae-

1135 1659 1198 1681 ses.
1215 1647 1282 1680 Cui
1297 1645 1333 1680 id
1353 1659 1481 1680 nomen
1499 1645 1619 1680 datum
1634 1645 1731 1692 quod
1747 1646 1814 1692 Cy-

1138 1700 1245 1733 therae
1262 1711 1372 1745 prope
1388 1699 1575 1733 Laconiam
1599 1700 1785 1733 colebatur.

937 1852 1275 1907 LXXXII.

853 2015 914 2044 DE
956 2015 1366 2048 PHILOSTRATo,

472 2141 503 2180 A
535 2138 837 2180 SlNUESSAMs
868 2134 1054 2177 conviva
1084 2133 1371 2177 Philostratus
1402 2133 1527 2177 undis

541 2205 821 2250 Conductum
852 2213 1052 2265 repetens
1080 2213 1210 2248 nocte
1235 2204 1416 2263 jubente¹
1448 2203 1605 2257 larem,

472 2280 596 2322 Paene
628 2276 818 2319 imitatus
849 2275 942 2318 obit
973 2275 1095 2318 saevis
1127 2274 1345 2335 Elpenora
1377 2274 1473 2317 fatis
1493 2310 1504 2328 ‚

461 2425 491 2445 ι.
514 2411 720 2443 Sinuessanis.
750 2409 802 2441 De
833 2408 994 2441 Sinuessa
1025 2406 1077 2440 di-

403 2474 495 2499 ctum
509 2463 626 2496 lib.VI
639 2487 647 2502 ‚
661 2462 771 2507 epigr.
787 2473 878 2501 xum
895 2460 954 2493 ubi
980 2469 1077 2493 erant

403 2518 524 2551 balnea
556 2515 804 2550 saluberrima,
834 2512 928 2546 unde
958 2513 1077 2546 ebrius

404 2572 466 2603 iste
482 2568 616 2602 redibat
632 2568 798 2600 conclave
813 2565 1024 2599 conductum
1043 2574 1075 2598 et

404 2624 529 2659 altum,
550 2620 678 2665 quilius
709 2619 823 2652 verbis
855 2620 955 2651 Poeta
985 2619 1074 2651 claro

403 2675 571 2719 siguificat
607 2673 704 2706 illum
738 2672 842 2705 fuisse
874 2684 1072 2717 pauperem.

1195 2421 1227 2440 2.
1251 2408 1352 2440 Nocte
1367 2407 1497 2451 jubente
1516 2408 1622 2439 larem.
1647 2406 1728 2440 Sera
1744 2408 1815 2452 jam

1138 2469 1258 2497 nocte.
1278 2472 1358 2505 quae
1376 2459 1519 2493 domuin
1541 2472 1635 2492 suam
1659 2468 1815 2505 repetere

1139 2513 1312 2545 monebat.

1192 2566 1224 2598 3.
1238 2566 1408 2610 Elpenora.
1424 2565 1542 2598 Unum
1556 2579 1595 2599 ex
1610 2566 1744 2612 Ulyssis
1759 2579 1812 2598 so—

1136 2619 1214 2657 ciis,
1233 2619 1290 2664 qui
1308 2631 1417 2663 quum
1435 2619 1551 2652 ebrius
1568 2631 1630 2663 por
1643 2619 1810 2651 scalarum

1136 2670 1263 2715 gradus
1290 2671 1404 2715 lapsus
1427 2681 1512 2704 esset
1529 2697 1536 2709 ,
1563 2669 1814 2715 periinvidcre
