1978 3305
480 225 579 281 [480

859 227 920 268 M.
947 227 1088 268 VAL.
1128 224 1524 268 MARTIALIS

1112 376 1249 433 VII.

823 532 894 560 AD
933 531 1188 569 RHENUM,
1226 531 1292 559 DE
1331 511 1555 560 EODEM*

694 657 1011 698 NYMPHARUM
1038 662 1162 714 pater
1184 653 1486 713 amniumque,
1509 653 1684 709 Rhene,

691 725 970 785 Quicumque
992 723 1201 784 Odrysias
1223 723 1380 767 bibunt
1404 724 1604 784 pruinas,

693 796 765 840 Sic
795 810 967 856 semper
998 793 1169 855 liquidis
1195 793 1350 838 fruaris
1379 793 1526 849 undis,

694 867 787 910 Nec
814 875 856 908 te
879 864 1065 908 barbara
1089 863 1392 909 contumeliosi

695 935 924 980 Calcatum
950 944 1047 978 rota
1069 944 1269 978 conterat
1294 933 1494 988 bubulci;

695 1007 766 1050 Sic
796 1015 841 1048 et
870 1005 1078 1049 cornibus
1103 1020 1260 1048 aureus
1286 1005 1493 1065 receptis,

694 1078 752 1119 Et
773 1078 999 1119 Romanus
1020 1091 1091 1119 eas
1116 1084 1301 1135 utraque
1326 1075 1443 1135 ripa3

698 1147 936 1206 Trajanum
958 1143 1133 1207 populis
1158 1146 1267 1200 suis,
1291 1154 1336 1189 et
1359 1144 1495 1199 Urbi,

698 1216 841 1260 Tibris
872 1227 914 1260 te
940 1215 1146 1260 dominus
1173 1225 1322 1277 rogat,
1351 1216 1559 1259 remittas.

540 1350 553 1365 ³
577 1356 627 1387 De
653 1353 759 1386 eodem
784 1353 946 1387 nesciunt
970 1351 1051 1386 edd.
1077 1353 1166 1387 anti-

488 1408 639 1454 quae.De
659 1406 765 1439 eodem
779 1407 824 1439 ad
841 1407 881 1440 R.
899 1406 1041 1440 exhibet
1058 1404 1166 1439 editio

489 1461 633 1495 Bal-hou.

547 1528 576 1547 1.
604 1514 705 1546 Pater
734 1514 882 1545 amnium.
915 1511 1007 1552 Quia
1039 1524 1168 1557 nempe

489 1579 633 1612 magnos
670 1577 788 1598 amnes
823 1565 901 1598 sinu
938 1564 1081 1610 excipit.
1113 1564 1169 1597 Sic

490 1619 660 1665 Virgilius
676 1643 684 1655 ‚
716 1618 844 1663 Georg.
870 1617 930 1651 lib.
965 1618 982 1650 I
1006 1629 1013 1650 ε
1039 1635 1053 1647 «
1086 1617 1169 1650 Flu-

491 1673 629 1706 viorum
647 1684 708 1705 rex
727 1670 915 1704 Eridanus.
939 1687 952 1699 n

549 1739 581 1758 2.
608 1725 740 1771 Otluyzs.
762 1723 842 1758 edd.
866 1731 951 1758 vett.
973 1731 1007 1756 et
1025 1723 1168 1756 Barbou.

495 1779 561 1812 Od.
587 1778 664 1810 rell.
689 1786 724 1810 et
745 1777 793 1810 sic
813 1776 887 1810 MS.
913 1776 1100 1810 Pulmann.
1119 1796 1170 1802 —

495 1832 688 1876 Quicumque
713 1829 882 1875 Odrysias.
908 1830 960 1862 De
987 1829 1054 1862 hac
1084 1841 1171 1862 voce

492 1886 562 1929 jam
592 1882 727 1917 dictum
748 1882 809 1915 lib.
834 1882 926 1922 VH,
947 1881 1058 1927 epigr.
1088 1893 1171 1915 vnr.

492 1936 632 1982 Odryse
645 1935 795 1969 Thracia
808 1943 859 1969 est
876 1947 884 1968 :
899 1946 975 1980 quae
987 1946 1054 1967 vox
1070 1935 1172 1968 latius

493 1990 644 2024 sumitur
659 2002 677 2022 a
695 1989 802 2022 Poeta
814 2000 880 2034 pro
893 1987 1172 2032 Septemtrione3

493 2044 637 2077 Rhenus
654 2041 749 2075 enim
766 2040 953 2074 Thraciam
970 2053 1042 2073 non
1061 2040 1172 2073 alluit.

495 2097 634 2129 Prm'nas
649 2095 795 2140 glaciem
813 2103 847 2128 et
861 2093 959 2127 nives
974 2093 1174 2139 liquefactas

494 2149 662 2194 intellige.

554 2204 587 2236 3.
607 2202 738 2235 Frueris
751 2199 832 2234 edd.
849 2207 936 2233 vett.
948 2199 1081 2233 Fruar-is
1097 2199 1174 2232 rell.

499 2263 531 2288 et
550 2255 597 2289 sic
614 2253 802 2288 Pulmanni
820 2253 894 2286 MS.

555 2312 587 2347 4.
613 2308 679 2341 Nec
699 2316 727 2339 te
744 2306 891 2339 barbara.
911 2305 987 2338 Hoc
1004 2313 1056 2339 est
1074 2316 1081 2337 Ζ
1103 2304 1176 2338 Nec

498 2370 530 2394 te
549 2361 628 2407 gelu
647 2360 877 2394 constrictum
897 2366 1057 2404 premant
1075 2357 1175 2402 plau-

497 2423 566 2447 stra
588 2413 838 2447 bubulcorum.
865 2434 918 2438 —-
941 2410 1175 2445 Contumeliosi.

498 2467 605 2508 Quasi
635 2465 670 2499 id
699 2465 920 2500 contumeliae
950 2465 1028 2497 loco
1061 2472 1174 2502 esset,

496 2520 649 2564 plaustra
672 2519 743 2564 pati
765 2527 800 2552 et
829 2519 1044 2552 incurrentes
1069 2517 1175 2550 viros.

497 2572 587 2605 Hinc
610 2572 701 2605 enim
725 2571 822 2617 quasi
845 2571 1028 2605 vinculum
1053 2579 1086 2603 et
1103 2583 1174 2603 ser·

497 2625 618 2658 vitutis
650 2633 741 2657 nota.
787 2624 842 2657 Sic
883 2624 1050 2668 Virgilius
1087 2622 1175 2655 ccci-

1225 1352 1279 1385 nit
1297 1364 1304 1385 :
1325 1370 1339 1382 «
1352 1360 1496 1398 pontem
1510 1350 1712 1397 indignatus
1726 1353 1866 1386 Araxes.
1884 1370 1897 1382 ι

1281 1407 1316 1439 6.
1339 1406 1458 1439 Aur-eis
1484 1404 1564 1438 cod.
1593 1405 1778 1438 Pulmann.
1804 1414 1839 1439 et
1855 1405 1905 1439 sic

1226 1457 1364 1503 legend.
1383 1466 1481 1492 notat
1502 1457 1858 1492 Beverlandus.—5ic
1875 1467 1906 1490 et

1228 1510 1382 1544 cornibus.
1402 1512 1444 1543 In
1466 1510 1555 1544 duas
1573 1511 1748 1556 praecipue
1770 1519 1904 1557 partes,

1227 1576 1304 1609 quae
1343 1576 1474 1597 cornua
1514 1572 1684 1598 vocantur
1699 1589 1708 1606 ,
1737 1562 1906 1601 dividitur

1227 1617 1373 1650 Rhenus
1391 1628 1400 1658 ;
1419 1628 1573 1662 quorum
1596 1617 1742 1650 alterum
1759 1643 1768 1657 ‚
1790 1617 1906 1662 inquit

1228 1670 1422 1709 Domitius,
1435 1669 1611 1703 habehant
1625 1670 1906 1712 Transrhenani,

1229 1723 1381 1756 alterum
1401 1734 1486 1756 vero
1511 1730 1585 1756 erat
1604 1722 1641 1756 in
1668 1722 1814 1768 imperio
1836 1723 1908 1756 Ro-

1229 1788 1426 1809 manorum.
1445 1775 1573 1809 Aureus
1594 1774 1745 1815 dicitur,
1770 1784 1809 1810 ut
1830 1775 1908 1821 opi-

1230 1839 1334 1862 natur
1358 1827 1538 1870 Raderus,
1561 1829 1616 1862 vel
1642 1836 1790 1874 propter
1815 1829 1908 1862 auri-

1230 1881 1368 1915 fodinas
1406 1881 1602 1915 Germaniae
1619 1907 1627 1924 ,
1665 1881 1720 1914 vel
1763 1890 1910 1927 propter

1231 1947 1369 1968 auream
1386 1944 1419 1968 et
1436 1934 1558 1968 flavam
1574 1935 1832 1968 Germanorum
1847 1947 1909 1968 co-

1232 2000 1348 2029 mam,
1373 1987 1426 2020 vel
1446 1986 1544 2033 quod
1569 1988 1605 2021 in
1630 1987 1819 2033 triumphis
1844 1986 1909 2020 flu-

1232 2041 1326 2074 mina
1343 2053 1430 2073 auro
1451 2040 1590 2086 depicta
1609 2048 1836 2085 gestarentur.
1859 2060 1911 2066 ——

1232 2093 1388 2127 Ultimus
1411 2105 1531 2126 sensus
1555 2093 1656 2126 unice
1685 2091 1913 2138 probandus,

1233 2144 1329 2192 quod
1352 2154 1385 2179 et
1403 2154 1499 2192 patet
1524 2158 1566 2179 ex
1596 2157 1681 2179 voce
1700 2148 1850 2191 receptis;
1876 2146 1911 2179 in

1233 2198 1405 2232 ditionem
1425 2211 1564 2244 nempe.
1585 2198 1653 2231 En.

1288 2265 1322 2297 7.
1336 2253 1495 2285 Romanus
1507 2265 1570 2284 eas.
1586 2251 1663 2284 Hoc
1676 2259 1727 2284 est
1742 2265 1749 2283 :
1767 2251 1913 2285 Germa-

1233 2305 1290 2338 nia
1319 2304 1368 2338 cis
1397 2313 1563 2351 transque
1593 2304 1756 2338 Rhenum
1787 2303 1916 2337 serviat

1235 2358 1411 2391 Romanis.

1291 2411 1325 2444 8.
1349 2411 1522 2456 Trojanum
1543 2409 1618 2443 MS.
1637 2410 1822 2444 Pulmann.

1288 2478 1324 2507 9.
1351 2464 1455 2496 Tibris
1477 2464 1631 2496 dominus.
1658 2463 1792 2509 Nempe
1818 2461 1913 2508 quod

1236 2517 1328 2550 illius
1358 2515 1463 2550 undis
1490 2534 1502 2546 ‹-
1527 2517 1715 2550 Terrarum
1744 2515 1808 2550 dea
1831 2527 1914 2560 gen-

1236 2569 1396 2615 tiumque
1418 2571 1527 2602 Roma
1548 2588 1559 2598 ν
1580 2566 1667 2611 (lib-
1695 2569 1784 2609 XII,
1803 2568 1912 2614 epigr.

1237 2635 1305 2655 vin
1319 2649 1327 2663 ‚
1344 2635 1392 2655 vs.
1414 2634 1425 2655 1
1446 2617 1458 2661 l
1478 2623 1638 2655 alluatur.
1663 2622 1727 2654 En.
