1978 3305
483 208 571 254 132

853 206 914 250 M.
936 207 1077 250 VAL.
1118 205 1506 249 MARTIALIS

685 294 828 339 Velox
857 294 1052 354 ingenio,
1074 292 1231 336 decore
1257 290 1368 335 felix.

683 366 755 408 Bis
784 365 897 409 senis
921 362 1053 407 inodo
1079 361 1289 406 messibus
1314 363 1499 423 peractis

682 435 768 477 Vix
793 450 928 477 unum
956 449 1066 494 puer
1090 431 1337 494 applicabat
1361 448 1536 476 annum.

686 505 775 561 Qui
801 503 877 547 fles
903 502 1001 547 talia
1017 539 1029 558 ‚
1053 502 1114 547 nil
1140 503 1266 557 fleas,
1286 503 1440 546 viator.
1850 532 1879 547 ιο

475 637 588 670 Plant.
610 635 755 669 Junian.
772 635 934 668 Pulman.
949 635 1057 680 Lang.
1075 634 1152 668 Del-

474 690 534 736 ph.
558 688 631 722 aliis
644 713 654 729 7
670 691 792 732 integer
807 688 927 733 pudore
941 702 953 721 :
972 688 1008 720 in
1030 686 1150 721 codice

474 742 630 775 Florent.
655 743 799 774 innocens
816 741 961 786 [καίοι-ε,-
982 739 1076 786 quod
1095 753 1150 774 re-

473 802 671 840 posuerunt
700 793 873 827 Gruterus
889 819 898 831 ‚
931 793 1147 833 Scriverius,

474 846 686 888 Farnabius,
717 846 937 880 Schrevelius
951 872 960 888 ‚
989 846 1120 880 Bar-hou
1138 873 1148 887 ,

477 908 511 934 et
527 907 672 934 recentt.

528 966 562 998 7.
576 953 614 985 V
610 953 680 986 eloz
694 954 832 997 ingenia
844 951 1039 985 Homerum
1054 951 1150 984 enim

474 1006 642 1040 recitabat
661 1014 696 1039 et
714 1005 800 1039 alios
821 1013 939 1051 poetas
954 1029 964 1044 ‚
984 1004 1153 1049 stupenti-

472 1060 540 1093 bus
554 1059 728 1092 omnibus.
743 1056 830 1092 Vid.
850 1057 935 1091 Stat.
953 1057 1033 1090 loco
1049 1057 1107 1090 cit.

528 1114 563 1147 8.
583 1112 626 1144 ln
643 1110 723 1144 edd.
738 1119 822 1145 vett.
836 1109 989 1143 mensibus
997 1112 1146 1155 peractis.

478 1182 492 1194 «ι
511 1165 541 1197 Ε
561 1173 631 1198 vet.
658 1163 737 1197 cod.
760 1162 829 1196 fide
849 1163 995 1195 messibus
1021 1162 1147 1208 reponi

473 1216 599 1258 debet,
628 1224 666 1250 ut
687 1215 846 1249 ostendat
872 1215 1047 1249 decimum
1077 1224 1146 1248 ter-

471 1270 560 1303 tium
574 1269 681 1303 aetatis
699 1281 828 1302 annum
849 1269 908 1301 vix
925 1268 1086 1313 attigisse.
1104 1267 1147 1301 Id

471 1322 588 1367 colligi
619 1329 734 1367 potest
769 1334 788 1354 e
825 1321 926 1355 Statii
960 1321 1077 1354 verbis
1110 1321 1147 1353 in

472 1375 626 1409 Glauciae
648 1374 838 1420 Epicedio,
857 1374 917 1407 ubi
939 1374 1056 1407 canit:
1082 1391 1094 1402 κ
1115 1373 1146 1406 O

474 1428 537 1461 ubi
563 1435 719 1461 venturae
747 1439 824 1473 spes
855 1440 926 1460 non
955 1427 1146 1471 longinqua

1206 635 1370 680 juventae.
1388 650 1402 663 ›-
1423 634 1468 667 Et
1482 633 1588 679 paulo
1604 641 1684 679 post
1695 658 1705 675 ‚
1719 633 1781 667 ubi
1799 645 1882 679 pue·

1208 699 1287 721 rum
1306 686 1453 720 Homeri
1472 695 1666 732 utrumque
1687 698 1775 732 opus
1797 686 1882 720 reci-

1209 748 1319 779 tasse,
1355 739 1576 785 stupentibus
1607 739 1813 784 parentibus
1848 748 1882 772 et

1208 793 1380 838 magistris
1407 792 1476 834 ait3
1507 805 1584 838 quae
1608 805 1662 825 res
1688 792 1725 826 in
1747 792 1882 825 bimum

1207 858 1358 892 puerum
1370 857 1443 878 non
1457 844 1559 879 cadit.
1570 845 1722 878 Pulman.
1734 864 1787 870 —-
1800 845 1883 878 Mes-

1207 899 1302 931 sibus.
1322 898 1397 931 Hoc
1415 907 1482 939 est,
1499 898 1609 932 annis.
1625 896 1779 939 Quidam
1794 897 1882 930 male

1208 951 1346 996 legunt,
1368 951 1521 984 mensibus
1533 964 1546 991 ;
1565 963 1645 984 nam
1669 948 1766 996 quod
1784 949 1882 995 inge-

1208 1004 1306 1037 nium
1326 1003 1463 1037 bitnulo
1480 1003 1495 1036 Ξ)

1264 1068 1297 1100 9.
1325 1056 1389 1089 Vix
1418 1069 1534 1097 unum,
1566 1064 1631 1090 etc.
1660 1055 1776 1101 Prope
1807 1063 1881 1089 erat

1209 1106 1443 1143 tredecennis.

1265 1174 1320 1195 ιο.
1342 1162 1389 1195 Νἰ
1401 1162 1465 1207 fles
1484 1161 1564 1194 talia
1582 1160 1660 1195 cod.
1681 1161 1881 1194 Pulmanni.

1205 1236 1258 1242 -—
1289 1215 1356 1259 Qui
1372 1216 1437 1260 fles
1468 1215 1567 1255 talia,
1591 1222 1657 1247 etc.
1681 1214 1752 1255 Qui
1777 1214 1883 1248 Glau-

1207 1268 1270 1301 ciae
1298 1268 1407 1301 fatum
1435 1267 1659 1300 immaturum
1681 1275 1784 1312 atque
1804 1267 1879 1300 Me·

1206 1320 1306 1354 lioris
1337 1321 1500 1353 miseram
1532 1320 1719 1354 orbitatem
1749 1319 1881 1359 defles,

1207 1373 1252 1407 sis
1274 1385 1399 1419 precor
1424 1374 1527 1413 felix,
1551 1385 1664 1419 neque
1687 1373 1814 1406 habeas
1839 1385 1880 1406 ex

1207 1434 1270 1459 tuo
1283 1425 1379 1472 quod
1390 1426 1489 1467 fleas;
1501 1435 1538 1459 ut
1549 1426 1609 1459 lib.
1622 1426 1653 1458 X
1665 1451 1674 1467 ‚
1688 1425 1798 1471 epigr.
1809 1438 1879 1459 mu.

1048 1561 1298 1616 XXIX.

1012 1718 1078 1746 DE
1127 1717 1338 1746 EODEM.

537 1829 646 1872 NON
672 1826 726 1870 de
751 1824 877 1886 plebe
907 1824 1086 1878 domus,
1112 1841 1192 1868 nec
1221 1841 1362 1868 avarae
1389 1841 1523 1868 verna
1548 1835 1745 1879 catastae,

610 1896 694 1941 Sed
719 1896 884 1939 domini
912 1905 1062 1938 sancto
1087 1894 1244 1956 dignus
1275 1911 1423 1940 amore
1452 1912 1584 1957 puer,

539 1970 726 2012 Munera
751 1982 886 2028 quum
912 1975 1060 2026 posset
1084 1965 1281 2010 nondum
1308 1967 1466 2011 sentire
1493 1969 1685 2028 patroni,

530 2123 559 2142 1.
578 2109 654 2142 Non
669 2108 708 2140 de
723 2106 813 2153 plebe
832 2106 951 2138 domus.
971 2105 1049 2139 Non
1069 2117 1148 2151 pars

473 2163 616 2197 Niliacae
646 2161 759 2208 plebis
789 2168 849 2192 aut
876 2157 1122 2192 Alexandrinae
1139 2184 1148 2199 ,

474 2228 546 2250 non
564 2228 583 2249 e
604 2214 733 2248 familia
753 2213 909 2258 plebeiam
934 2212 1010 2251 vel,
1035 2224 1106 2244 non
1129 2224 1148 2245 e

476 2281 578 2315 grege
606 2276 710 2314 atque
737 2266 840 2300 turba
874 2265 1147 2298 domesticorum

473 2333 666 2356 servorum.
683 2320 740 2354 Sic
755 2319 817 2352 lib.
838 2319 944 2356 VIII,
964 2318 1073 2364 epigr.
1092 2329 1148 2359 m,

476 2387 489 2408 1
499 2375 719 2409 8.-A«·arae.
729 2374 924 2406 Avarorum
936 2382 1148 2416 mangonum

475 2428 602 2474 quibus
635 2427 718 2460 hinc
747 2433 908 2472 quaestus.
938 2445 990 2451 -—
1018 2425 1138 2464 Verria,

475 2490 540 2514 etc.
561 2480 632 2514 Nec
646 2492 681 2513 es
692 2491 797 2513 verna
813 2477 1012 2515 venalitius.
1028 2477 1073 2510 ita
1089 2490 1147 2510 na-

475 2542 530 2567 tus
556 2532 654 2566 domi
674 2557 683 2571 ‚
717 2541 755 2565 ut
788 2543 917 2565 venum
950 2531 985 2564 in
1019 2539 1144 2564 catasta

475 2599 552 2620 cum
586 2586 727 2631 reliquis
760 2585 865 2617 servis
903 2596 1116 2629 exponerere
1136 2597 1144 2625 ;

1209 2118 1375 2140 amai-ere.
1392 2106 1539 2148 Statius,
1561 2124 1573 2137 ι
1595 2107 1676 2141 Νοη
1692 2116 1726 2141 te
1754 2108 1882 2143 barba·

1207 2159 1287 2192 ricae
1302 2161 1460 2193 versabat
1480 2161 1582 2193 turha
1600 2169 1747 2196 catastae.
1763 2178 1776 2191 ι
1799 2163 1878 2197 Lib.

1207 2212 1224 2244 Ι
1239 2238 1247 2252 ,
1274 2212 1385 2258 epigr.
1404 2225 1499 2253 xm,
1521 2226 1569 2246 vs.
1597 2227 1629 2247 α.
1651 2235 1702 2241 —
1726 2214 1878 2249 camme.

1207 2265 1377 2310 Pegmatis
1392 2266 1494 2311 lignei
1508 2292 1517 2307 ,
1537 2279 1606 2312 quo
1622 2268 1759 2301 venales
1773 2281 1879 2315 expo-

1208 2318 1381 2352 nebantur
1393 2320 1505 2361 servi3
1528 2331 1545 2352 a
1567 2322 1787 2355 καταστάναι.
1810 2322 1878 2354 Vel

1208 2380 1246 2404 ut
1266 2371 1425 2405 Raderus
1445 2373 1612 2418 exponit:
1633 2374 1695 2407 Est
1717 2375 1878 2408 machina

1208 2424 1320 2470 lignea
1336 2451 1345 2466 ‚
1363 2425 1534 2471 longaque
1554 2426 1734 2473 compedis
1747 2428 1857 2461 forma
1869 2454 1878 2470 ‚

1206 2478 1313 2511 servis
1326 2477 1432 2511 credo
1442 2479 1613 2513 venalitiis
1627 2480 1770 2525 injecta:
1783 2480 1878 2514 unde

1205 2529 1290 2564 dicti
1314 2531 1379 2578 ipsi
1399 2533 1487 2566 servi
1508 2535 1632 2566 curasti.

1273 2585 1306 2618 3.
1340 2585 1453 2618 Mum‘a
1489 2599 1557 2618 cnm
1590 2594 1694 2630 posset
1741 2587 1876 2619 noudum

474 2639 532 2673 scd
549 2639 595 2673 ita
617 2647 738 2679 natus,
758 2646 796 2671 ut
817 2637 942 2670 merito
962 2649 978 2669 a
999 2637 1145 2670 Meliore
1201 2637 1325 2680 p'slare
1340 2647 1476 2683 'nin-ono
1492 2639 1640 2673 Juntina
1655 2648 1773 2674 nostra
1790 2652 1878 2674 mar·
