1978 3305
404 211 987 256 EPIGRAMMATUM
1024 211 1152 259 LIB.
1192 212 1280 253 XI.
1441 208 1535 271 :399

265 301 434 360 Sponsa
458 298 581 343 dabis
596 334 607 355 ‚
626 299 713 343 dixi
736 317 744 343 :
767 299 872 360 quid
897 299 1040 343 minus
1062 313 1154 342 esse
1179 296 1353 358 potest?

197 371 290 413 Nec
315 369 484 413 futuam
509 370 706 430 quamvis
734 371 872 431 prima
901 379 944 414 te
974 378 1102 413 nocte
1128 369 1330 421 maritus;

160 464 177 472 -
267 440 523 484 Communis
554 449 699 484 tecum
723 457 804 485 nec
837 440 942 484 mihi
971 439 1106 484 lectus
1137 439 1232 483 erit.

198 508 564 571 Complectarque
592 526 759 566 meam,
790 526 869 555 nec
898 519 944 554 tu
971 509 1248 571 prohibebis,
1277 509 1482 561 amicanu

265 579 477 624 Ancillam
508 582 653 625 mittes
683 590 726 624 et
755 581 862 625 mihi
887 581 1006 640 jussa
1034 589 1166 624 tuam.

195 652 255 694 Te
285 660 506 711 spectante
532 650 651 695 dabit
677 651 801 695 nobis
830 650 995 695 lasciva
1022 650 1217 694 minister

265 721 409 777 Basia,
435 721 525 765 sive
550 737 695 774 meus,
716 723 805 765 sive
830 722 911 765 erit
934 719 1004 764 ille
1028 730 1139 764 tuus.

195 790 261 834 Ad
290 806 457 835 coenam
485 792 633 835 venies
655 808 664 834 τ
687 791 762 835 sed
788 792 848 836 sic
875 790 1013 835 divisa
1035 790 1287 841 recumbes,

264 861 326 904 Ut
348 877 437 905 non
460 870 696 923 tangantur
714 860 842 923 pallia
868 870 1017 905 nostra
1042 862 1138 905 tuis.

196 930 358 975 Oscula
379 947 474 976 rara
498 931 620 976 dabis
639 932 788 988 nobis,
813 931 887 976 sed
909 948 997 976 non
1020 930 1142 975 dabis
1164 929 1278 974 ultro
1296 946 1307 983 3

263 1002 357 1046 Nec
382 1003 504 1063 quasi
532 1013 669 1064 nupta
694 1002 837 1057 dabis,
869 1002 942 1047 sed
968 1002 1090 1063 quasi
1116 1010 1257 1045 mater
1282 1016 1401 1044 anus.

191 1073 234 1117 Si
260 1082 384 1133 potes
408 1073 489 1117 ista
509 1074 623 1134 pati,
648 1074 683 1117 si
710 1073 769 1117 nil
800 1073 993 1135 perferre
1019 1088 1219 1126 recusas;

263 1144 462 1187 Invenies
489 1145 561 1204 qui
592 1154 634 1188 te
667 1143 851 1198 ducere,
882 1142 991 1199 Sila,
1012 1142 1127 1187 velit.

178 1283 209 1314 5.
223 1281 364 1324 Necsut.
379 1283 420 1314 In
436 1281 504 1315 hoc
517 1289 723 1327 septemque
733 1281 792 1326 qui
855 1281 949 1314 coitu
968 1280 1093 1313 vetulae
1106 1279 1188 1313 huic
1204 1290 1321 1312 secum
1338 1274 1530 1310 interdicit.

123 1342 321 1380 sequuntur
338 1334 517 1368 versiculis
534 1341 569 1367 et
586 1334 740 1368 thalamo
760 1342 796 1365 et
915 1336 972 1366 16.
992 1333 1095 1365 Velim
1116 1332 1213 1365 malit
1230 1334 1311 1365 Ant.
1334 1331 1384 1364 De
1402 1330 1500 1375 1³0⁰f-

705 1489 954 1545 XXIV.

598 1647 666 1674 An
705 1624 1047 1674 LABULLUMf

331 1782 449 1824 DUM
479 1789 521 1824 te
550 1796 808 1841 prosequor,
836 1788 878 1822 et
902 1778 1080 1822 domum
1114 1777 1302 1833 reduco,

331 1853 493 1895 Aurem
522 1850 628 1894 dum
657 1850 736 1893 tibi
762 1858 920 1910 praesto
949 1849 1175 1910 garrienti,

330 1923 387 1965 Et
414 1920 624 1982 quidquid
654 1920 841 1981 loqueris
873 1919 1064 1980 facisque
1094 1918 1246 1971 laudo,

331 1992 453 2048 Quot
475 2008 625 2036 versus
650 2000 874 2052 poterant,
896 1988 1099 2045 Labulle,
1125 1988 1268 2033 nasci?

331 2065 427 2106 Hoc
454 2061 662 2106 damnum
690 2061 769 2106 tibi
793 2077 882 2105 non
908 2060 1080 2104 videtur
1101 2076 1192 2104 esse
1208 2094 1218 2112 ‚

334 2134 377 2176 Si
405 2132 522 2193 quod
544 2134 686 2176 Roma
712 2131 840 2192 legit,
865 2133 1045 2191 requirit
1070 2131 1228 2191 hospes
1245 2165 1255 2177 ,

333 2204 434 2247 Non
460 2202 629 2247 deridet
652 2218 783 2263 eques
798 2238 809 2258 ,
833 2211 950 2245 tenet
978 2210 1176 2255 senator,

332 2272 506 2317 Laudat
531 2272 818 2327 caussidicus,
845 2282 973 2332 poeta
1003 2272 1162 2331 carpit,

176 2421 251 2457 'Ad
265 2424 431 2457 Fabullum
454 2423 525 2457 Pal.
857 2431 962 2455 reunt
982 2420 1097 2454 studia
1118 2420 1353 2465 carminaque.
1372 2419 1535 2463 Ejusdem

186 2489 213 2510 1.
242 2478 325 2510 Dum
353 2485 380 2509 (ε
403 2489 586 2523 prosequor,
612 2484 674 2509 etc.
705 2477 796 2509 Dum
825 2500 827 2502 -
859 2474 986 2520 ingenii
1010 2473 1090 2507 vide
1109 2473 1169 2507 lib.
1194 2475 1230 2514 Ι,
1248 2473 1356 2518 epigr.
1383 2485 1484 2510 Lxx»,
1502 2481 1535 2504 et

125 2532 232 2564 cliens
262 2539 295 2563 to
321 2530 432 2563 saluto
445 2556 454 2571 ‚
474 2527 631 2569 deduco,
653 2527 797 2568 reduco,
858 2528 916 2561 lib.
934 2528 984 2567 X,
1002 2538 1138 2561 Lxxxn.

126 2584 189 2617 tihi
206 2583 390 2628 obsequor,
409 2591 564 2617 assentor
580 2590 685 2627 atque
705 2583 798 2626 ejus·
914 2585 945 2615 6.
968 2580 1058 2624 Quid
1079 2578 1156 2613 cod.
1181 2579 1291 2612 Pulm.
1314 2588 1344 2611 ex
1370 2577 1504 2611 Farnab

127 2635 220 2670 modi
239 2645 363 2681 praesto
380 2636 510 2677 officia,
529 2635 619 2681 perit
635 2633 727 2672 dics,
745 2647 799 2679 pm
915 2634 1060 2667 8.Poc!a
1075 2635 1184 2677 cat-pil.
1204 2633 1318 2665 Poeiae
1333 2631 1424 2663 enim
1445 2630 1493 2662 inx
1507 2629 1514 2661 ἶ
1529 2649 1535 2654 -

1240 2703 1299 2745 158
1322 2696 1334 2719 ⁴
