1978 3305
475 250 574 304 414

835 248 896 290 Μ.
937 248 1012 290 VA
1030 248 1077 290 L.
1117 247 1512 293 MARTIALIS

532 338 677 396 Ipsam
704 335 832 378 crede
863 334 940 378 tibi
965 342 1166 377 naturam
1192 333 1336 379 dicere
1361 352 1506 379 rerum
1527 353 1535 378 :

579 404 702 448 Istud
728 404 845 465 quod
871 404 1037 465 digitis,
1064 405 1269 459 Pontice,
1298 405 1466 466 perdis,
1496 405 1630 450 homo
1659 416 1736 451 est.

534 555 591 576 10.
613 542 711 587 Quod
730 542 858 586 digitis,
886 549 951 575 etc.
975 541 1152 574 Nimirum
1213 542 1402 576 concubitu
1421 550 1524 589 turpe
1546 541 1719 589 perdendi
1735 542 1887 576 hominis

464 596 518 629 illi
549 596 677 628 Fratres
694 594 919 635 dicebantur,
939 594 1000 639 qui
1019 593 1152 627 nefario
1212 596 1421 640 praestabant
1443 596 1612 630 officium.
1632 597 1842 630 RloAm-ms.

1058 734 1302 790 XLIII.

690 892 758 919 AD
797 890 1123 919 APOLLINEM
1162 891 1264 919 PRO
1303 891 1500 919 STELLA
1539 871 1683 919 SUO-⁴¹

695 1018 880 1059 CAMPIS
905 1014 1049 1066 dives,
1076 1012 1259 1074 Apollo,
1285 1015 1345 1057 sic
1371 1014 1579 1074 Myrinis,

693 1087 763 1130 Sic
786 1100 956 1145 semper
979 1083 1153 1128 senibus
1176 1083 1320 1127 fruare
1342 1084 1513 1145 cycnis;

698 1158 853 1201 Doctae
884 1156 943 1199 sic
968 1154 1045 1198 tibi
1071 1155 1261 1198 serviant
1287 1171 1480 1209 sorores;

700 1228 794 1271 Nec
819 1225 1002 1286 Delphis
1028 1235 1102 1268 tua
1127 1226 1366 1269 mentiatur
1388 1224 1486 1280 ulli;

699 1299 769 1342 Sic
791 1295 969 1340 Pallatia
992 1305 1034 1339 te
1058 1294 1227 1350 colant,
1249 1305 1501 1357 ainentque:
1892 1313 1904 1337 3

704 1369 776 1411 Bis
807 1384 932 1411 senos
963 1368 1050 1410 cito
1079 1383 1150 1409 me
1179 1376 1362 1428 rogante
1387 1366 1524 1410 fasces

548 1507 561 1519 *¹
579 1507 646 1542 Ad‘
659 1506 841 1552 Apollinem
863 1505 900 1538 in
919 1503 1000 1538 edd.
1018 1511 1099 1537 vett.
1119 1524 1170 1530 —

495 1564 525 1594 'V
530 1570 609 1595 ovet
623 1559 738 1594 Stellae
751 1558 988 1600 consulatum
1006 1557 1172 1602 implorat

496 1615 713 1661 Apollinem,
731 1621 770 1646 ut
785 1611 876 1645 votis
896 1611 966 1644 suis
981 1618 1122 1644 annuat.

554 1681 584 1702 1.
603 1667 723 1712 Apollo
742 1668 786 1698 sic
801 1665 940 1710 Msrinis
961 1662 1072 1697 codex
1088 1662 1172 1696 Pul-

496 1721 636 1763 manni;
656 1729 689 1753 et
712 1719 760 1752 sic
780 1717 947 1752 Raderus.
972 1717 1093 1762 Apollo
1115 1715 1172 1750 Se-

497 1776 626 1808 murim's
641 1773 726 1818 legit
743 1771 891 1817 Joseph.
906 1770 1068 1815 Scaliger.
1082 1768 1176 1803 Vide

497 1829 581 1861 Var.
606 1827 725 1861 Notas.
749 1825 805 1858 Ab
829 1825 882 1857 ille
904 1825 1066 1856 „camurinis
1084 1824 1177 1856 Tur-

497 1882 621 1915 nebus.
635 1900 686 1906 —
699 1878 828 1923 Campis
843 1878 937 1910 dives.
953 1877 1028 1910 Hoc
1045 1885 1113 1918 est,
1129 1877 1178 1910 sic

499 1946 636 1980 semper
658 1931 783 1965 colaris
802 1931 838 1963 in
858 1930 989 1976 campis
1008 1930 1157 1976 Myrinis
1169 1954 1178 1971 ‚

499 1997 533 2021 et
549 1998 688 2032 semper
706 1984 768 2018 tibi
784 1991 908 2017 canant
924 1983 1036 2028 cycni.
1052 1983 1178 2016 Strabo

499 2041 561 2074 lib.
580 2039 679 2073 XIII.
701 2033 783 2071 Εἶτα
801 2038 960 2080 πολίχνιον
982 2038 1154 2081 Μυρινκῖον
1169 2060 1179 2076 ,

501 2095 627 2140 Γρύνιον
641 2118 650 2133 ,
686 2091 739 2124 md.
772 2091 849 2135 ἱερὸν
884 2085 1089 2129 Ammo-203,
1126 2089 1181 2122 καὶ

502 2149 650 2192 μαντεῖον
670 2145 801 2190 ἀρχαῖον
815 2170 824 2184 ,
841 2143 894 2177 καὶ
913 2143 988 2181 νεὼς
1005 2143 1180 2181 πολυτελὴς

499 2203 583 2234 λίθου
598 2203 722 2232 λευκοῦ.
743 2196 937 2242 Oppidulum
953 2195 1065 2228 deinde
1082 2195 1183 2240 illyri-

503 2265 640 2286 noeorum
654 2279 662 2292 ,
685 2250 843 2295 Grynium
857 2277 865 2289 ,
884 2250 1037 2292 etsanum
1055 2249 1183 2294 Apolli-

504 2309 570 2346 nis,
603 2313 748 2350 vetusque
776 2303 958 2343 oraculum,
983 2310 1013 2334 et
1041 2302 1183 2346 templum

504 2367 713 2405 sumptuosum
734 2371 772 2390 es
784 2357 856 2389 albo
871 2355 988 2401 lapide.
1006 2355 1067 2388 Hae
1086 2366 1184 2388 neni-

507 2426 549 2459 pe
570 2413 674 2445 urbes
694 2418 774 2444 sunt
793 2410 828 2443 in
850 2408 987 2442 AEolide
1010 2409 1097 2442 Asiae
1120 2408 1185 2441 Mi-

509 2467 603 2499 noris
622 2464 776 2509 regione.
799 2463 843 2496 Et
863 2475 903 2496 ex
920 2462 988 2495 hoc
1005 2461 1186 2495 Strabonis

508 2520 584 2552 loco
596 2526 704 2564 patet,
722 2529 785 2550 cur
801 2516 890 2549 hanc
908 2515 1096 2548 lectionem
1113 2515 1186 2548 aliis

507 2572 670 2617 pluribus
687 2569 999 2616 anteposuerimus.

567 2638 598 2658 a.
617 2624 748 2658 Senibus
756 2624 870 2666 fruare
887 2624 1002 2668 qrcnis.
1023 2621 1095 2662 Qui
1115 2634 1185 2655 non

508 2679 580 2710 sino
592 2690 689 2711 causa
704 2676 858 2721 Apollini
870 2674 974 2709 dicati
986 2683 1082 2715 sunt,
1094 2673 1188 2719 quod

1229 1504 1272 1537 ab
1290 1515 1331 1536 eo
1350 1502 1604 1538 divinationem
1619 1504 1748 1538 habere
1765 1503 1907 1537 videan-

1231 1566 1289 1590 tur
1300 1569 1307 1589 :
1318 1556 1544 1603 providentes
1550 1557 1642 1591 enim
1651 1557 1738 1604 quid
1748 1558 1783 1591 in
1795 1566 1907 1590 morte

1230 1610 1316 1643 boni
1340 1610 1405 1650 sit,
1432 1623 1510 1643 cuin
1539 1619 1643 1645 cantu
1670 1619 1704 1644 et
1730 1611 1909 1656 voluptate

1231 1663 1442 1697 moriuntur.
1462 1664 1541 1698 Lib.
1562 1664 1650 1697 XIII
1662 1691 1670 1706 ‚
1689 1676 1746 1710 ep.
1760 1677 1879 1698 Lxxvn
1900 1675 1908 1696 :

1238 1733 1250 1745 «ι
1260 1717 1380 1750 Dulcia
1398 1716 1532 1751 defecta
1544 1716 1745 1751 modulatur
1758 1717 1910 1751 carmina

1232 1770 1350 1815 lingua
1370 1768 1537 1805 Cantator
1552 1783 1680 1816 cycnus
1694 1771 1825 1804 funeris
1838 1771 1912 1816 ipse

1235 1824 1301 1857 sui.
1319 1841 1390 1853 ›2—
1401 1822 1442 1857 Id
1454 1824 1578 1857 falsum
1596 1836 1687 1865 esse,
1700 1836 1797 1858 nunc
1810 1835 1912 1858 nemo

1236 1877 1359 1910 nescit.
1378 1877 1444 1910 En.

1292 1930 1325 1963 3.
1350 1929 1493 1964 Sorores.
1515 1930 1650 1963 Novem
1674 1930 1791 1963 Musas
1813 1929 1915 1963 intel·

1238 1983 1318 2029 lige.
1335 1984 1514 2017 Domitius
1530 1983 1619 2017 male
1632 1983 1740 2017 refert
1754 1981 1797 2016 ad
1816 1995 1915 2016 soro-

1238 2049 1292 2070 res
1314 2035 1470 2070 fatidicas
1490 2037 1656 2070 Fortunae
1672 2036 1893 2071 Praenestinae
1907 2061 1916 2075 ‚

1240 2090 1292 2123 vel
1317 2088 1520 2123 Dodonaeas.
1543 2089 1637 2123 Vide
1665 2101 1741 2135 quae
1769 2088 1811 2122 ad
1842 2089 1918 2122 Mc-

1240 2141 1339 2175 (leain
1361 2142 1498 2176 Senecae
1518 2156 1567 2175 vs.
1592 2142 1677 2187 3119.

1297 2199 1328 2235 ά.
1345 2195 1411 2229 Nec
1427 2196 1558 2241 Delphis
1570 2222 1577 2235 ,
1594 2204 1658 2230 etc.
1674 2195 1717 2228 Et
1736 2207 1815 2228 vcra
1831 2207 1920 2228 seni-

1241 2261 1304 2294 per
1324 2247 1383 2282 det
1405 2261 1568 2294 responsa
1591 2247 1752 2282 sacerdos
1770 2256 1828 2281 tua
1849 2247 1919 2293 Py-

1243 2302 1385 2335 thia.—-
1400 2302 1545 2335 Phoebas
1569 2302 1737 2348 Delphica
1757 2313 1862 2348 quam
1886 2308 1920 2333 et

1244 2353 1454 2401 Delphideni
1475 2355 1588 2390 Graeci
1607 2363 1751 2392 vocant.
1769 2366 1919 2401 quorum

1243 2409 1360 2453 lingua
1382 2408 1522 2454 syllabae
1538 2408 1611 2441 istae
1626 2422 1673 2447 as,
1687 2411 1726 2447 is,
1742 2407 1802 2441 ubi
1818 2407 1920 2452 sylla-

1246 2462 1367 2494 barum
1397 2462 1528 2495 ultimae
1554 2470 1633 2494 sunt
1649 2487 1658 2501 ‚
1680 2461 1824 2494 feminas
1851 2460 1921 2492 fero

1245 2527 1381 2559 semper
1399 2514 1567 2548 indicant.
1578 2515 1643 2548 En.

1300 2570 1334 2601 (ἱ.
1354 2567 1405 2600 Mc
1423 2576 1563 2612 rogante.
1579 2568 1667 2607 Alii,
1684 2575 1713 2599 lc
1727 2575 1923 2611 rogante.—

1250 2621 1303 2653 Bi³
1315 2634 1415 2658 senos.
1433 2629 1498 2654 etc.
1517 2622 1564 2655 Ut
1578 2620 1794 2654 consulatum
1810 2619 1924 2652 Stellm

1249 2687 1325 2707 meo
1342 2673 1472 2707 deserat
1488 2676 1611 2708 Caesar.
1626 2671 1817 2706 Duodecim
1829 2672 1919 2705 enim
