1978 3305
858 234 916 275 M.
940 234 1017 274 VA
1034 233 1080 275 L.
1121 233 1171 302 M
1187 232 1510 274 ARTIALIS

1060 380 1310 434 XVIII.

748 539 814 565 DE
855 535 1050 564 EADEM
1093 536 1159 563 An
1198 514 1632 563 AESCULAPIUM.*

562 666 764 706 LATONAE
790 657 1036 703 venerande
1067 673 1224 718 nepos,
1245 658 1316 717 qui
1345 657 1520 700 mitibus
1548 657 1694 701 herbis

632 734 864 775 Parcarum
892 744 1043 772 exoras
1073 743 1229 788 pensa,
1255 727 1494 787 brevesque
1519 726 1660 781 colos;

562 805 652 846 Hos
678 801 753 844 tibi
779 799 975 844 laudatos
1001 798 1178 842 domino
1205 813 1282 841 sua
1307 807 1409 841 vota
1433 796 1610 858 capillos

630 871 708 915 Ille
733 881 833 914 tuus
858 871 983 914 Latia
1007 869 1122 912 misit
1143 868 1196 911 ab
1222 868 1329 911 urbe
1351 884 1472 928 puer.

565 941 738 986 Addidit
768 951 811 984 et
834 939 1020 984 nitidum
1048 938 1225 982 sacratis
1251 938 1441 981 crinibus
1467 937 1616 981 orbem
1632 973 1642 989 ,
1886 960 1898 982 5

633 1014 734 1068 Quo
763 1010 863 1054 felix
894 1009 1024 1053 facies
1045 1007 1191 1066 judice
1222 1017 1314 1051 tota
1340 1007 1431 1050 fuit.

562 1154 655 1195 Υἰοῦ
687 1151 846 1199 Λητόος
872 1149 952 1201 υἱὲ,
978 1147 1166 1205 θρόνοισιν
1193 1146 1233 1196 ὃς
1259 1141 1498 1206 ήπιοδώροις

632 1224 792 1280 Μοιρῶν
823 1222 1043 1277 ἐκλιπαρεῖς
1068 1224 1196 1276 νῆμα,
1223 1217 1289 1259 καὶ
1313 1216 1518 1264 τ”,λακσίτῃν
1533 1234 1541 1242 ·

565 1295 600 1334 T
603 1286 698 1339 η’νδε
725 1285 974 1347 κλεϊζομένην
1002 1291 1147 1346 φωναῖς
1172 1287 1293 1347 τρίχα
1319 1282 1584 1348 δεσποσύνῃσι

636 1363 795 1420 Πέμπει
821 1359 882 1402 σοὶ
908 1359 1061 1408 πόλεως
1089 1363 1181 1407 παῖς
1204 1359 1270 1407 σὸς
1297 1358 1366 1400 ἀπ’
1395 1357 1602 1407 Αὐσονίης.

565 1434 627 1493 Τῇ
654 1430 761 1490 τριχὶ
790 1424 829 1472 δ’
855 1431 987 1489 εὐαγέϊ
1013 1428 1183 1487 καθαρὸν
1212 1427 1430 1487 προσέθηκε
1457 1427 1712 1489 κάτοπτρον,

637 1501 697 1544 03
724 1500 790 1543 καὶ
816 1502 877 1542 ἐπ’
908 1499 1081 1548 εὐθύναις
1108 1493 1188 1548 σώζ

551 1639 564 1651 ’
574 1643 683 1686 Rogat
693 1640 880 1686 Pergameu
886 1651 917 1671 m
929 1639 1041 1671 Deum
1056 1640 1174 1670 AEscu-

499 1695 628 1741 lapium
645 1720 654 1735 ‚
670 1693 722 1726 uti
741 1693 913 1725 Earinum
939 1699 1077 1725 tonsum
1104 1698 1174 1724 tam

500 1749 693 1782 formosum
711 1753 842 1785 servet,
864 1757 967 1790 quam
990 1743 1103 1777 fuerat
1122 1743 1175 1775 in-

502 1810 632 1835 tonsus.

559 1866 590 1886 1.
615 1854 746 1885 Latonae
762 1863 864 1895 nepos.
887 1850 1020 1883 Latona
1039 1848 1178 1894 peperit

503 1905 702 1952 Apollinem
722 1931 730 1945 ,
764 1916 805 1936 ex
834 1915 904 1948 quo
931 1910 964 1935 et
997 1899 1176 1935 Coronide

503 1958 657 2005 nympha
679 1965 780 1990 natus
797 1964 848 1989 est
872 1955 1085 1999 AEsculapius
1104 1966 1177 1986 me-

503 2012 630 2045 dicinae
649 2010 878 2043 inventur.--
888 2008 953 2051 Qui
968 2006 1092 2040 mitibus
1112 2007 1178 2039 leer-

505 2066 561 2098 his.
590 2064 738 2108 Propter
769 2060 999 2106 Hippolytum
1030 2059 1108 2092 vitae
1135 2060 1177 2091 ab

505 2117 705 2161 AEsculapio
725 2115 940 2148 restitutum.

579 2182 612 2202 α.
636 2170 811 2201 Parcarum
845 2179 955 2198 exoras
983 2178 1093 2210 pensa.
1126 2164 1179 2196 Ab

511 2221 708 2266 ffisculapio
733 2221 827 2253 enim
845 2218 1080 2263 Hippolytum
1104 2217 1182 2250 vitae

509 2275 712 2309 restitutum
745 2273 944 2306 fabulantur
974 2270 1099 2304 Poetae.
1132 2270 1182 2302 De

513 2328 645 2368 Parcis,
667 2338 743 2372 quae
762 2325 947 2358 hominum
975 2323 1042 2356 fata
1063 2320 1182 2355 mode-

512 2389 647 2421 rantur,
657 2381 725 2425 jain
738 2378 860 2424 saepius
872 2376 1185 2410 dictum.—Breves

513 2435 605 2466 colos.
636 2433 818 2477 Eleganter
848 2443 912 2476 pro
940 2430 1057 2461 brea-em
1091 2431 1184 2460 vitum

513 2488 737 2531 dispensantes.

1190 1515 1256 1540 ετο
1283 1499 1429 1548 κάλλος
1455 1498 1510 1540 ἐΰ.

1234 1637 1341 1681 Lang.
1363 1636 1490 1682 Delph.
1513 1644 1579 1671 etc.
1597 1638 1668 1670 Hos
1687 1639 1744 1672 tihi
1765 1640 1909 1674 laudatos

1233 1690 1358 1722 domino
1371 1702 1428 1722 sua
1443 1697 1519 1722 vota
1537 1689 1572 1723 in
1588 1690 1708 1726 codice
1724 1693 1907 1728 Vaticano.

1235 1743 1306 1775 Hos
1340 1741 1398 1774 tibi
1427 1742 1571 1776 laudatos
1597 1743 1684 1777 doini
1705 1757 1765 1779 seu
1793 1746 1911 1779 domini

1236 1803 1308 1827 rata
1320 1803 1399 1827 vota
1418 1795 1453 1827 in
1472 1795 1655 1830 Thuaneo.
1674 1798 1718 1832 Et
1737 1799 1786 1832 sic
1805 1799 1840 1832 in
1856 1800 1912 1833 Ja-

1237 1848 1315 1881 cobi
1348 1848 1487 1881 Hutteri
1517 1847 1657 1892 codice;
1683 1850 1777 1885 unde
1802 1853 1912 1886 Janus

1236 1900 1461 1934 Guilielmius
1473 1901 1672 1936 emendavit
1683 1930 1692 1945 ,
1704 1904 1828 1937 domino
1841 1913 1912 1937 rata

1236 1961 1335 1993 τοῖα,-
1361 1962 1503 1987 tonsura
1526 1955 1620 1988 enim
1645 1956 1717 1990 voti
1737 1969 1810 1990 non
1832 1969 1911 1991 raro

1237 2006 1448 2051 symbolum.
1469 2006 1562 2040 Vide
1582 2008 1643 2042 lib.
1661 2011 1676 2042 l
1691 2035 1700 2051 ‚
1723 2023 1777 2055 ep.
1799 2023 1910 2044 xxxii.

1237 2059 1321 2091 Jun.
1340 2058 1384 2092 de
1402 2058 1508 2092 Coma
1521 2086 1530 2100 ,
1549 2069 1582 2093 et
1598 2061 1678 2095 VV.
1700 2064 1774 2096 DD.
1793 2061 1836 2096 ad
1853 2064 1911 2097 Ju-

1239 2111 1349 2144 venal.
1370 2118 1432 2145 sat.
1453 2124 1528 2152 xu,
1550 2114 1609 2146 81.

1296 2168 1327 2203 4.
1351 2164 1410 2197 Ille
1429 2173 1510 2197 tum.
1529 2165 1676 2201 Earinus
1692 2169 1826 2214 quippe
1840 2169 1918 2203 Per·

1240 2229 1378 2261 gameus
1394 2226 1486 2258 erat,
1506 2219 1617 2263 epigr.
1640 2220 1863 2265 praecedenti.

1298 2270 1330 2302 5.
1349 2269 1487 2303 Addidit
1504 2279 1534 2302 et
1550 2272 1696 2306 nitidum.
1712 2273 1899 2319 Speculum
1910 2302 1919 2316 ‚

1243 2321 1337 2367 quod
1360 2322 1546 2356 consilium
1567 2324 1686 2359 formae
1706 2327 1842 2361 vocavit
1861 2340 1917 2361 su-

1246 2375 1378 2420 periori
1403 2376 1537 2421 epigr„
1566 2390 1662 2412 nunc
1683 2378 1836 2424 judicem
1859 2393 1918 2426 ap-

1251 2428 1353 2473 pellat
1394 2437 1427 2461 et
1463 2428 1607 2474 quidem
1644 2431 1889 2478 incorruptum
1910 2446 1919 2472 ;

1251 2481 1382 2526 quippe
1399 2481 1496 2526 quod
1510 2492 1687 2529 acceptam
1704 2485 1827 2518 formae
1849 2498 1922 2531 spe-

571 2539 603 2572 3.
638 2539 707 2571 llos
739 2537 794 2569 tibi
825 2535 969 2568 laudatos
998 2535 1190 2566 dominorum
1251 2534 1338 2566 ciem
1357 2534 1490 2567 sincere
1506 2534 1631 2569 reddit.

520 2605 591 2623 voce
600 2591 729 2635 capillos
739 2586 1188 2632 A1‹1.Junt.ColinGi-yph.

517 2642 689 2677 Cnlderin.
722 2643 879 2676 Pulman.
908 2641 1018 2674 Plant.
1047 2640 1188 2673 Junian.

1306 2589 1337 2618 (ἱ.
1361 2586 1472 2619 Jmlae'ce
1492 2596 1558 2620 tuta
1571 2589 1638 2630 ficit
1668 2589 1702 2621 in
1730 2588 1810 2623 edd.
1839 2599 1920 2624 vett.

1253 2640 1285 2671 in
1299 2639 1373 2672 aliis
1384 2665 1392 2679 ‚
1409 2640 1510 2679 jmlice
1527 2649 1593 2673 rura
1609 2642 1669 2678 sni!
1681 2655 1692 2678 ,·
1708 2651 1740 2675 et
1758 2643 1805 2676 sie
1817 2642 1920 2677 codd.
