1978 3305
484 229 574 275 188

857 232 919 275 M.
945 233 1020 276 VA
1037 233 1085 275 L.
1124 233 1516 276 MARTIALIS

617 319 675 362 Et
701 328 825 380 potet
848 318 1056 377 calidam,
1081 321 1157 382 qui
1179 320 1287 364 mihi
1313 318 1439 375 livet,
1466 335 1637 380 aquam.

477 449 612 471 caream
631 437 744 471 nobili
760 438 843 472 vino
862 438 1005 473 nivibus
1020 438 1150 474 diluto.

478 488 561 523 Vid.
572 490 794 536 epigramma,
804 492 906 535 χθιζὸν
918 492 987 537 ἐμοὶ
996 494 1152 535 νῡσέοντι,

477 542 540 576 lib.
556 543 607 582 II,
628 543 771 577 Anthol.
782 555 858 590 cap.
875 549 934 589 47.
949 545 1152 579 Gronovius

477 595 553 640 ipse
580 594 768 640 legendum
794 608 867 630 esse
899 606 1019 632 censet
1051 599 1148 638 livet,

477 646 536 680 sed
555 648 673 693 paullo
697 649 761 682 alia
784 649 1062 695 significatione;
1080 664 1152 685 non

478 699 589 742 euim,
605 700 667 747 qui
680 701 768 735 mihi
785 702 919 737 invidet
934 716 1056 750 aquam
1070 717 1153 750 pro-

479 753 555 798 prie
579 752 764 799 frigidam:
785 756 846 801 qui
870 769 942 789 non
965 765 1080 803 potest
1098 757 1153 790 in-

477 805 584 851 telligi
599 832 609 847 ‚
625 807 693 840 nisi
711 807 879 843 medicus.
900 809 1065 843 Generali
1084 810 1153 844 uti·

478 866 536 891 tur
578 858 819 896 detestatione.
865 862 922 896 Sic
965 862 1129 897 dicebant
1146 875 1157 905 ;

483 928 497 940 α
516 911 592 945 Hoc
610 912 678 946 illis
693 912 827 948 accidat
839 940 849 956 ‚
865 915 928 961 qui
943 915 1048 949 nobis
1065 915 1154 949 male

478 964 604 999 volunt
617 977 626 999 :
639 965 707 1000 hoc
724 967 874 1002 inimicis
890 976 924 1001 et
941 967 1070 1002 invidis
1088 981 1154 1002 no-

477 1017 558 1051 stris
592 1018 736 1053 accidat.
755 1037 768 1050 a
787 1021 1061 1067 —Her'mumqae
1088 1022 1152 1054 Ta-

476 1083 622 1116 gumque.
656 1072 808 1107 Hermus
823 1099 832 1114 ‚
864 1086 959 1107 nunc
989 1074 1151 1114 Sarabat,

478 1132 528 1156 est
553 1123 589 1156 in
610 1124 691 1157 Asia
718 1126 865 1168 minori,
889 1126 1091 1161 devolvitur
1118 1127 1155 1160 in

479 1175 659 1210 Pactolum
701 1187 734 1212 et
779 1179 958 1224 proximos
998 1180 1156 1226 Smyrnae

479 1241 620 1275 campos
645 1231 753 1265 alluit.
774 1232 888 1277 Tagus
910 1233 946 1266 in
966 1232 1155 1279 Hispania;

478 1283 581 1315 ambo
600 1283 712 1317 aureis
737 1285 849 1318 arenis
874 1286 1008 1332 inclyti.
1021 1287 1090 1320 En.

535 1338 570 1369 6.
593 1335 767 1370 Scriverio
798 1336 971 1373 debetur:
996 1340 1046 1372 Et
1067 1347 1157 1385 potet

479 1389 628 1429 calidam,
641 1392 696 1435 qai
709 1391 784 1423 milti
800 1391 884 1431 livet,
907 1405 1032 1438 aquam.
1048 1391 1156 1434 Quod

479 1449 513 1474 et
548 1443 704 1476 tentabat
740 1444 930 1478 Turnebus
951 1471 960 1487 ‚
1002 1446 1157 1491 agnoscit

480 1493 680 1529 Gronovius
695 1509 703 1537 ;
721 1506 755 1530 et
777 1496 919 1531 tandem
937 1506 1080 1532 testatur
1095 1510 1154 1532 co-

479 1545 547 1580 dex
565 1548 766 1584 Thuaneus.
782 1551 943 1584 Verbum
961 1551 1053 1585 licere
1065 1564 1155 1584 non-

479 1613 662 1646 nunquam
697 1602 940 1649 accipiendum
972 1617 1039 1650 pro
1075 1606 1155 1637 imvi-

479 1653 562 1688 dere.
589 1655 698 1689 Tacit.
723 1658 815 1690 Ann.
845 1656 935 1690 XIII
953 1683 962 1699 ,
984 1670 1057 1703 cap.
1085 1661 1128 1698 42
1147 1683 1156 1699 ‚

481 1707 544 1740 ubi
569 1706 649 1741 vide
678 1710 741 1743 cel.
761 1710 899 1745 Ernest.
923 1710 1042 1744 Nostr.
1065 1710 1156 1744 infra

480 1759 541 1794 lib.
563 1761 619 1800 X,
645 1762 754 1808 epigr.
786 1775 928 1805 xxxvn,
951 1773 985 1797 et
1013 1764 1155 1798 Gevart.

481 1813 577 1847 Lect.
607 1814 729 1859 Papin.
752 1828 826 1861 cap.
857 1818 914 1851 18.
935 1816 1054 1850 Editio
1077 1817 1156 1858 illa,

480 1879 557 1912 quae
577 1867 828 1902 Amstelodami
855 1882 896 1902 ex
917 1870 1042 1903 Museo
1068 1869 1157 1904 Scri-

480 1920 565 1953 verii
584 1919 718 1966 prodiit
745 1935 800 1956 an.
829 1923 943 1963 1650,
971 1923 1077 1969 paulo
1099 1923 1158 1956 ali-

481 1981 533 2006 ter
551 1972 758 2020 distinguit3
782 1987 910 2021 nempe
934 1976 1001 2009 hoc
1024 1975 1155 2009 modo:

483 2027 531 2059 Et
560 2035 650 2071 potet
687 2028 824 2061 calidam
843 2056 851 2069 ,
893 2031 946 2075 qui
976 2030 1054 2062 mihi
1085 2030 1158 2062 livet

480 2092 607 2125 aquam.
622 2080 730 2122 Quod
753 2081 781 2115 si
803 2094 872 2115 non
897 2095 1016 2116 errore
1037 2095 1159 2128 opera-

480 2132 642 2175 rum,sed
653 2146 693 2167 ex
702 2142 821 2168 mente
833 2135 996 2169 Scriverii
1014 2135 1156 2178 sactum3

481 2198 524 2219 an
539 2199 626 2233 aqua
640 2187 755 2221 nivata
768 2188 875 2234 magis
887 2201 974 2235 aqua
992 2187 1138 2222 dicenda
1148 2214 1157 2229 ‚

481 2251 585 2284 quam
602 2239 737 2275 calida?
754 2241 831 2283 vel,
850 2254 893 2275 an
917 2254 1004 2288 aqua
1021 2241 1132 2275 calida
1145 2266 1155 2282 ‚

479 2292 562 2337 quia
581 2292 694 2327 calida
710 2303 802 2335 erat,
820 2307 906 2340 aqua
926 2308 998 2329 esse
1020 2294 1158 2328 desine-

480 2345 540 2378 bat
555 2345 569 2378 Ρ
590 2347 667 2392 quis
683 2347 750 2381 hoc
770 2348 917 2383 statuat?
935 2349 985 2382 Et
997 2356 1085 2394 potet
1104 2362 1158 2380 ca-

481 2398 577 2431 lidam
588 2426 596 2439 ,
617 2403 672 2446 qui
687 2402 763 2434 milei
774 2401 887 2434 laudat
897 2415 1010 2448 aquam
1026 2402 1060 2434 in
1076 2400 1158 2435 edd.

480 2459 562 2485 vett.
586 2453 631 2485 Et
655 2462 743 2498 potet
768 2455 891 2487 caldam
919 2454 998 2490 cod.
1017 2455 1158 2488 Thuan.

482 2512 515 2537 et
553 2505 757 2541 Beverlandi
797 2508 871 2541 MS.
898 2510 953 2555 qni
977 2509 1052 2541 milui
1081 2508 1160 2541 liber

481 2570 593 2603 aquam
622 2559 730 2594 codex
764 2562 948 2595 Pulmanni
971 2575 978 2596 :
1001 2564 1055 2608 qui
1084 2562 1159 2595 milui

1211 440 1286 473 libet
1297 452 1411 486 aquam
1425 439 1581 473 Florent.
1599 457 1614 470 ι
1628 440 1885 484 Πολυθρὺλλητον

1210 501 1261 527 est
1298 491 1388 526 illud
1428 493 1524 533 livet,
1557 492 1615 525 cui
1651 491 1886 536 suffragantur

1210 546 1315 580 etiam
1343 544 1422 579 cod.
1444 545 1584 579 Thuan.
1608 545 1645 578 in
1667 557 1738 590 quo
1762 543 1886 577 caldam

1210 599 1356 640 melius,
1382 611 1448 644 pro
1486 597 1635 632 calidam.
1669 597 1774 642 Pejor
1810 604 1887 638 est,

1211 652 1320 685 immo
1342 651 1473 685 nullius
1499 650 1638 684 numeri
1663 649 1817 683 aliorum
1837 649 1887 683 le-

1211 705 1300 744 ctio,
1324 704 1457 744 laudat,
1482 716 1586 749 quam
1612 701 1709 748 apud
1733 702 1776 736 G.
1800 701 1888 736 Chr.

1211 758 1435 791 Gebauerum
1467 769 1611 803 quoque
1641 755 1759 800 reperi
1795 754 1888 788 libro

1216 828 1229 841 α
1250 811 1302 844 De
1325 809 1430 844 caldae
1449 818 1484 844 et
1510 808 1601 843 caldi
1624 806 1720 853 apud
1742 808 1889 841 Veteres

1210 871 1299 909 potu
1320 881 1351 905 n,
1378 862 1504 908 Lipsiae
1540 874 1652 907 1721,
1684 854 1737 902 8⁰,
1762 861 1804 895 C.
1832 861 1889 902 H,

1211 929 1248 961 p.
1287 929 1341 949 20.
1365 931 1378 943 α
1393 916 1590 950 Carbonem
1610 926 1676 961 pro
1706 913 1889 955 thesauro;

1212 981 1377 1014 magnum
1399 969 1493 1002 enim
1510 966 1692 1014 quidpiam
1712 967 1754 999 ab
1772 978 1814 999 eo
1830 977 1890 999 ex-

1212 1029 1483 1067 spectaveram.-
1499 1021 1555 1054 Sic
1575 1019 1695 1054 scribit
1717 1020 1832 1052 Anon-
1853 1018 1889 1051 in

1213 1074 1324 1120 Epist.
1345 1074 1432 1109 Crit.
1447 1073 1491 1107 ad
1507 1078 1592 1107 Ant.
1606 1073 1645 1106 de
1660 1073 1762 1117 Rooy.
1775 1086 1788 1099 «ι
1800 1071 1892 1104 Con·

1211 1127 1279 1172 jeci
1296 1140 1383 1161 num
1410 1128 1501 1160 forte
1521 1126 1591 1159 levi
1615 1125 1811 1159 mutatione
1839 1124 1890 1157 le-

1213 1179 1367 1225 gendum
1385 1180 1452 1214 sit:
1474 1180 1643 1213 Possideat
1663 1177 1798 1224 Libycas
1818 1190 1893 1210 mes-

1213 1246 1279 1272 ses,
1306 1234 1538 1279 Hermumque,
1579 1233 1762 1278 Tagumque
1783 1243 1796 1263 .·
1824 1230 1892 1263 Nec

1209 1294 1312 1331 potet,
1328 1287 1464 1319 calidam
1482 1288 1536 1332 qui
1547 1286 1622 1318 mihi
1639 1285 1752 1318 laudat
1764 1296 1891 1329 aquam.

1215 1338 1344 1381 Vides,
1362 1339 1391 1372 si
1414 1340 1482 1373 hoc
1500 1337 1607 1372 modo
1626 1339 1718 1384 legas
1731 1361 1740 1377 ,
1762 1336 1893 1382 impre-

1214 1392 1387 1425 cationem
1403 1404 1492 1433 esse,
1508 1392 1611 1437 longe
1629 1388 1892 1424 vehementissi-

1215 1457 1332 1486 mam,
1361 1453 1396 1478 et
1430 1445 1576 1491 propius
1615 1441 1893 1489 praecedentibus

1213 1497 1509 1544 respondentem?
1533 1496 1640 1530 Midae
1674 1503 1802 1530 sortem
1827 1495 1892 1527 im-

1214 1559 1376 1597 precatur
1404 1549 1550 1585 calidam
1585 1549 1820 1584 laudantibus.
1840 1549 1894 1581 Ita

1215 1617 1270 1636 nec
1307 1605 1343 1637 in
1379 1613 1409 1636 et
1448 1603 1610 1637 transisse
1655 1599 1893 1648 deprehendit

1215 1657 1402 1691 Salmasius
1428 1655 1472 1690 ad
1498 1657 1592 1690 Flor.
1611 1657 1676 1697 IV,
1699 1669 1737 1697 2,
1764 1657 1824 1699 67.
1846 1654 1892 1687 Et

1215 1719 1337 1744 contra
1364 1710 1401 1743 in
1431 1710 1519 1749 Nec,
1545 1718 1639 1744 recte
1665 1707 1755 1742 vidit
1780 1707 1891 1741 Scriv.

1214 1763 1307 1797 infra
1322 1763 1384 1797 lib.
1399 1763 1431 1796 X
1443 1788 1453 1805 ‚
1467 1762 1576 1809 epigr.
1595 1775 1637 1796 11.
1651 1762 1720 1795 Nec
1735 1760 1894 1794 hocloco

1214 1815 1461 1850 resolvendum
1490 1816 1525 1849 in
1563 1824 1594 1849 et
1619 1828 1704 1855 non,-
1732 1813 1769 1847 id
1798 1812 1893 1859 quod

1216 1870 1399 1904 sententiae
1418 1881 1673 1915 nonnunquam
1696 1866 1892 1913 requirunt.

1216 1922 1310 1956 Vide
1329 1923 1487 1957 Gronov.
1506 1922 1607 1955 Obss.
1630 1921 1692 1954 lih.
1717 1921 1795 1961 111,
1817 1931 1892 1965 cap.

1218 1989 1253 2022 7,
1276 1985 1310 2010 et
1342 1988 1400 2018 11,
1426 1984 1459 2010 et
1481 1976 1569 2009 Gell.
1596 1975 1657 2008 lib.
1686 1974 1740 2013 ΙΙ,
1757 1985 1833 2018 cap.
1860 1985 1893 2006 2.

1216 2031 1297 2063 Ant.
1311 2030 1350 2063 de
1368 2030 1468 2076 Reos.
1492 2029 1525 2061 E
1528 2037 1540 2060 t
1550 2036 1641 2073 potet
1660 2027 1795 2060 calidam
1809 2052 1817 2065 ,
1841 2028 1895 2071 qui

1217 2083 1294 2115 mihi
1319 2083 1421 2122 libat,
1449 2095 1562 2129 aquam
1590 2080 1733 2114 invenio
1760 2079 1795 2112 in
1818 2077 1894 2111 edi-

1217 2136 1315 2169 tione
1333 2135 1510 2169 Calderini
1528 2146 1536 2167 :
1551 2134 1632 2166 libat
1646 2134 1895 2178 interpretatur

1212 2191 1375 2234 propinat.
1389 2210 1442 2215 —
1461 2189 1527 2232 Qui
1548 2188 1625 2220 mihi
1642 2187 1714 2219 livet
1736 2180 1892 2225 [laudat]⁸

1216 2242 1404 2275 Turnebus
1427 2241 1484 2274 lib.
1506 2241 1624 2280 XXV,
1643 2252 1717 2286 cap.
1750 2250 1806 2283 27.
1828 2237 1894 2271 Re·

1216 2295 1335 2340 perio,
1364 2294 1480 2340 inquit
1504 2294 1558 2326 vir
1583 2294 1686 2334 clar.‚
1709 2292 1743 2325 in
1768 2290 1895 2324 veteri-

1217 2349 1302 2388 bus,
1333 2350 1387 2394 qai
1404 2348 1479 2380 milui
1504 2347 1602 2387 libat,
1620 2355 1659 2380 ut
1687 2357 1806 2379 sensus
1828 2343 1892 2377 sit:

1218 2414 1262 2434 ue
1279 2401 1468 2434 liberaliter
1485 2399 1628 2446 quidem
1651 2399 1781 2445 praebet
1797 2424 1806 2438 ‚
1835 2395 1894 2430 sed

1218 2454 1394 2488 ministrat
1425 2466 1530 2500 parce
1556 2461 1591 2486 et
1619 2452 1786 2497 maligne,
1806 2458 1846 2483 ut
1866 2450 1894 2483 si

1218 2508 1358 2548 libaret,
1378 2516 1411 2541 et
1432 2515 1547 2540 tamen
1565 2505 1702 2546 laudat,
1723 2517 1787 2537 nos
1806 2515 1895 2548 quo-

1219 2573 1286 2607 quc
1303 2560 1497 2595 laudamus.
