1978 3305
406 247 989 293 EPIGRAMMATUM
1027 246 1149 289 LIB.
1177 243 1319 287 VIII.

142 337 268 371 Sensus
287 344 338 369 est
358 351 365 368 :
390 335 425 368 Si
444 335 570 368 laetaris
591 333 686 379 quod
710 335 814 368 semel

141 390 236 436 gravi
245 389 369 422 morbo
382 400 439 421 me
447 388 665 421 laborantem
674 386 815 428 videris,

141 450 272 488 quanto
279 442 385 487 magis
393 453 457 486 ego
465 441 616 480 laetabor,
622 440 682 487 qui
692 448 726 473 te
732 452 818 474 sem-

142 508 205 541 per
226 507 356 541 aegrum
372 493 520 528 videbo!
534 495 624 527 Aut:
644 506 688 526 ne
705 505 816 527 scom-

1449 238 1538 285 311

876 341 966 367 mata
989 332 1025 365 in
1043 344 1098 365 me
1117 340 1152 364 et
1172 329 1406 364 cavillationes
1427 329 1548 373 jacias,

876 399 920 420 ne
943 385 1032 419 mihi
1054 384 1217 424 insultes,
1237 381 1336 428 quod
1361 394 1416 414 ine
1444 381 1547 413 semel

877 451 1007 484 aegrum
1020 437 1228 482 vidisti;ego
1246 435 1337 469 enim
1354 442 1497 479 captum
1517 440 1549 465 te

877 490 1076 526 valetudine
1086 502 1175 535 saepe
1184 515 1192 531 ,
1203 497 1237 523 et
1252 499 1361 534 usque
1373 486 1546 532 aspiciam.

728 615 962 670 XXVI.

431 766 498 794 AD
537 764 795 793 CAESAREM
836 742 1235 795 ΒΟΜΙΤΙΑΝῌΜ.ἃμ

212 890 319 933 ΝοΝ
346 897 412 932 tot
442 889 485 931 in
515 889 617 932 Eois
646 887 791 931 timuit
822 887 1089 947 Gangeticus
1119 887 1233 929 arvis

282 960 469 1020 Raptor,
490 960 534 1002 in
556 960 762 1019 Hyrcano
788 959 861 1019 qui
889 957 999 1018 fugit
1020 956 1142 1001 albus
1171 973 1281 1017 equo
1296 991 1306 1010 ‚

211 1029 333 1086 Quot
359 1039 433 1073 tua
462 1030 602 1073 Roma
635 1045 771 1073 novas
802 1028 933 1083 vidit,
958 1027 1244 1082 Germanice,
1266 1027 1423 1086 tigrem

283 1099 470 1145 Delicias
499 1101 642 1161 potuit
673 1116 753 1143 nec
784 1114 1014 1143 numerare
1043 1114 1154 1142 suas.

209 1172 361 1215 Vincit
380 1170 627 1232 Erythraeos
655 1180 750 1226 tua,
777 1171 942 1225 Caesar,
968 1185 1095 1215 arena
1117 1167 1388 1228 triumphos,

1535 1185 1547 1207 ω.

213 1300 272 1340 Οὐ
299 1299 446 1349 τόσσας
473 1300 630 1358 ἔτρεσσε
653 1298 797 1359 τίγρεις
824 1299 1058 1359 γαγγιτικὸς
1087 1297 1225 1358 ἀγρεὺς

280 1359 443 1428 Ῠρκανῷ
467 1370 620 1430 φεύγων
644 1370 757 1424 ἵππῳ
781 1364 1032 1428 ἐφεζόμενος,

212 1426 369 1492 ὅσσας,
395 1441 576 1500 Καῖσαρ,
599 1434 660 1482 ἴδε
687 1429 832 1499 Ῥώμη,
862 1440 949 1482 τεὸν
977 1436 1077 1491 οἶς-υ,
1103 1438 1314 1497 νεοχμοὺς,

281 1504 391 1552 Οὐδὲ
414 1504 556 1570 χλιδῆς
582 1509 755 1570 ἀριθμεῖν
785 1509 921 1569 ἴσχυσε
948 1509 1096 1559 πλῆθος
1123 1511 1202 1557 ἑῆς.

210 1581 291 1627 Τὴν
323 1570 446 1622 Ῐνδῶν
473 1580 606 1628 νίκησε
630 1582 857 1642 κυνηγέσιον
887 1581 951 1623 σέο
982 1580 1170 1638 πομπὴν,

195 1709 377 1758 'Tigrides
390 1714 508 1759 plures
525 1714 561 1746 in
577 1714 813 1759 spectaculum

142 1764 334 1800 adduxerat
359 1767 578 1800 Domitianus
594 1793 602 1809 ‚
628 1780 645 1800 a
677 1780 747 1813 qua
776 1779 814 1800 re

142 1819 311 1853 Martialis
337 1818 437 1852 illum
465 1818 632 1853 laudandi
662 1819 813 1853 occasio-

142 1884 225 1905 nem
244 1872 393 1918 arripit;
416 1873 552 1918 ipsique
573 1873 709 1906 Baccho
722 1899 730 1914 ‚
753 1872 813 1918 qui

142 1924 277 1958 duabus
307 1932 444 1959 tantum
474 1925 622 1971 tigribus
655 1926 814 1959 invectus

142 1978 389 2024 triumphavit,
401 1977 648 2024 anteponendi.

200 2043 231 2065 1.
263 2031 460 2076 Gangeticus
487 2033 581 2063 armis
607 2030 815 2065 Beverlandi

142 2084 218 2118 MS.
231 2105 282 2111 —-
298 2084 492 2129 Gangeticus
510 2085 643 2129 Raptor.
658 2085 815 2117 Venator

143 2149 269 2182 nempe
290 2137 327 2170 in
347 2136 470 2180 India,
491 2137 552 2170 ubi
571 2136 698 2171 fluvius
719 2137 814 2172 Gan-

143 2202 219 2235 ges,
237 2203 308 2236 prae
327 2190 453 2224 timore
471 2188 624 2236 pallidus
641 2190 750 2235 raptis
769 2189 812 2223 ti-

84 2244 89 2247 ’
143 2241 251 2287 gridis
274 2243 396 2276 catulis
420 2242 518 2288 fugit.
541 2242 634 2276 Vide
659 2243 813 2276 Plinium

143 2295 205 2328 lib.
227 2295 318 2328 VIII
333 2321 342 2337 ‚
368 2308 444 2341 cap.
474 2297 517 2330 18
536 2320 546 2337 ‚
577 2304 611 2329 et
633 2296 814 2330 Valerium

144 2347 305 2382 Flaccum
324 2348 387 2381 lib.
407 2350 435 2381 I.

203 2414 234 2434 2.
256 2401 379 2446 Raptor
398 2409 428 2433 et
447 2401 601 2445 Hyrcano
623 2402 714 2447 conj.
737 2401 816 2435 Far-

144 2454 281 2487 nabius.
305 2475 357 2480 —-
382 2454 420 2487 In
444 2454 598 2499 Hyrcano
623 2467 711 2499 equo.
737 2454 814 2487 Hoc

145 2515 217 2548 est,
248 2506 351 2540 celeri
379 2519 386 2539 :
416 2506 464 2540 sic
490 2507 582 2541 enim
612 2505 815 2552 Hyrcanum

145 2572 273 2605 equum
299 2560 490 2605 intelligere
515 2559 655 2593 videtur
680 2560 786 2593 Poeta
807 2571 814 2592 :

146 2612 318 2656 Hyrcania
352 2626 434 2647 vero
470 2612 556 2645 Asiae
592 2612 687 2658 regio
707 2639 712 2650 ‚
757 2612 816 2646 ubi

148 2665 249 2698 etiam
271 2666 374 2711 tigres
397 2666 623 2701 ferocissimae.

930 1713 963 1746 3.
990 1714 1058 1746 Tua
1077 1714 1189 1751 Roma,
1215 1720 1277 1744 etc.
1304 1711 1417 1756 Supra
1438 1711 1549 1755 epigr.

875 1779 909 1799 m
921 1792 929 1807 ‚
938 1779 986 1799 vs.
1001 1778 1013 1799 1
1024 1765 1292 1804 .-Germamce,
1304 1772 1408 1808 tigres.
1419 1763 1548 1803 Lib.V‚

873 1819 983 1864 epigr.
1000 1831 1047 1859 11,
1067 1832 1115 1851 vs.
1137 1831 1171 1864 7.

928 1876 961 1911 4.
973 1871 1041 1905 Nec
1054 1884 1227 1904 numerare.
1239 1870 1301 1903 His
1314 1869 1429 1902 verbis
1442 1869 1547 1913 signi-

873 1924 953 1958 ficat
976 1924 1103 1957 multas
1124 1925 1157 1957 in
1181 1935 1284 1956 arena
1312 1922 1417 1967 tigres
1443 1921 1548 1954 fuisse

873 1977 1053 2012 exhibitas.
1076 1998 1128 2004 --
1147 1976 1288 2009 Delicias
1317 1988 1402 2008 suas.
1437 1975 1548 2007 Ferox

875 2031 968 2064 enim
980 2038 1014 2063 et
1023 2029 1176 2063 bellandi
1189 2026 1440 2063 consuetudine
1455 2027 1549 2061 soevi·

874 2084 950 2124 tiae,
966 2096 1072 2129 quam
1087 2081 1286 2116 fortitudini
1305 2081 1463 2126 propior,
1483 2093 1546 2125 po-

874 2137 977 2182 pulus
991 2137 1192 2182 sanguinem
1207 2136 1377 2173 ferarum,
1387 2133 1494 2165 immo
1513 2141 1547 2165 et

872 2189 1056 2223 hominum
1087 2189 1124 2222 in
1162 2188 1297 2221 deliciis
1323 2185 1445 2219 habuit
1462 2210 1471 2225 ‚
1508 2185 1548 2218 iis

873 2242 977 2276 etiam
993 2241 1212 2287 temporibus
1228 2252 1337 2285 quum
1353 2238 1487 2284 antiqui
1506 2238 1549 2271 ri-

873 2296 966 2342 goris
985 2295 1154 2341 nihiljam
1174 2294 1350 2327 retineret.
1372 2292 1439 2324 Eu.

930 2348 963 2381 5.
989 2349 1079 2380 Vicit
1097 2347 1284 2392 Erythrceos
1303 2345 1339 2377 in
1360 2343 1439 2377 edd.
1463 2353 1544 2378 velt.

874 2422 926 2426 -—-
955 2401 1065 2432 Vincit
1094 2400 1280 2444 Etytltnevs
1295 2425 1302 2438 ,
1335 2407 1400 2431 etc.
1428 2397 1544 2431 Tuum

875 2453 1192 2498 amphitheatrum,
1215 2464 1235 2484 o
1257 2452 1387 2492 Caesar,
1408 2460 1546 2497 superat

876 2506 1095 2550 triumphum
1120 2504 1246 2539 Bacchi
1266 2502 1404 2537 reducis
1426 2517 1465 2538 ex
1485 2504 1545 2537 In—

876 2557 931 2592 dia
944 2584 952 2600 ‚
970 2559 1085 2592 Persia
1096 2585 1104 2598 ‚
1121 2566 1154 2591 et
1169 2558 1329 2591 litoribus
1346 2557 1456 2590 Rubri
1472 2569 1543 2591 ma-

875 2612 922 2644 ris
934 2610 1080 2645 devictis
1093 2608 1187 2650 (aride
1197 2611 1304 2652 lib.V,
1321 2623 1373 2655 ep.
1389 2622 1527 2644 xxxvnz
1537 2637 1546 2651 ,

877 2678 925 2698 vs.
946 2663 997 2706 4);
1014 2678 1162 2712 namque
1178 2664 1237 2698 ille
1251 2663 1479 2709 triumphavit
1495 2675 1550 2709 ge-

1250 2735 1337 2781 20¹
