1978 3305
499 239 526 291 ’.ἱ
535 237 563 281 6
572 256 595 280 2

883 238 944 280 M.
969 239 1110 281 VAL.
1149 238 1537 282 MARTIALIS

1090 385 1324 445 XCVI.

944 543 1008 570 ΒΕ
1048 523 1462 572 ATHENAGORA.*

571 668 804 710 Anpmcns
833 675 933 709 ante
957 662 1062 722 fuit3
1091 666 1223 726 coepit
1250 683 1367 711 nunc
1392 665 1559 710 Olfieus
1585 683 1700 720 esse,

639 738 833 780 Uxorem
860 746 1091 797 postquam
1118 735 1242 780 duxit
1263 737 1577 798 Athenagoras.

567 808 742 851 Nomen
767 807 1058 867 Athenagorae
1088 807 1227 851 credis
1242 843 1253 863 ,
1279 806 1549 863 Callistrate,
1572 823 1751 861 verum3

639 879 683 921 Si
714 878 803 922 scio
819 913 830 932 ‚
858 877 1100 938 dispeream
1114 913 1125 933 ‚
1147 879 1241 938 quis
1265 879 1319 921 sit
1339 878 1654 939 Athenagoras.

566 947 651 992 Sed
677 958 784 1009 puto
814 965 884 992 me
910 964 1062 991 verum
1081 983 1092 1001 ‚
1120 946 1391 1005 Callistrato,
1415 948 1560 992 dicere
1584 965 1768 992 nomen:

636 1020 738 1063 Non
770 1035 851 1078 ego
868 1054 879 1074 ‚
902 1018 976 1061 sed
997 1027 1141 1062 vester
1162 1028 1317 1078 peccat
1337 1018 1654 1079 Athenagoras.

551 1152 564 1165 ¹⁶
580 1158 620 1190 ln
633 1157 701 1190 hoc
715 1157 963 1202 epigrammate
978 1155 1175 1189 exhibendo

496 1210 545 1242 nil
565 1210 699 1243 variant
718 1209 801 1242 libri
821 1217 881 1242 aut
897 1209 1120 1242 membranae.

553 1276 565 1296 1
579 1290 585 1295 .
597 1263 765 1307 Alplzt'cus.
781 1263 833 1295 De
844 1262 1068 1308 Athenagora
1084 1275 1174 1308 quo-

447 1305 457 1313 '
496 1315 576 1348 dam
596 1317 666 1359 jam
688 1314 822 1348 dictum
850 1315 912 1348 lib.
926 1316 1036 1353 vm,
1063 1315 1173 1361 epigr.

495 1381 576 1408 xu;
601 1377 635 1401 et
658 1367 822 1401 eumdem
841 1368 931 1401 forte
949 1367 986 1400 in
1008 1369 1076 1401 hoc
1095 1368 1174 1402 loco

496 1422 622 1454 Noster
653 1421 811 1466 exagitat.
835 1421 1013 1465 Alplricus,
1041 1421 1078 1454 id
1104 1429 1174 1461 est,

496 1473 652 1507 medicus
684 1486 808 1507 curans
833 1473 1063 1519 vitiliginem,
1098 1486 1174 1520 quae

496 1527 625 1561 Graecis
644 1527 740 1572 ἄλφος
764 1526 906 1560 dicitur.
929 1528 1040 1560 Porro
1070 1526 1174 1561 ducta

496 1593 604 1613 uxore
631 1581 737 1626 coepit
760 1580 891 1625 lingere
913 1592 1090 1621 cunnum,
1121 1581 1174 1613 in-

494 1633 569 1679 quit
604 1633 778 1666 Domitius
799 1646 807 1673 ;
844 1632 938 1666 unde
974 1633 1084 1666 factus
1125 1641 1174 1667 est

1236 1155 1357 1200 olficus,
1382 1156 1448 1189 hoc
1474 1165 1524 1189 est
1536 1182 1545 1198 ‚
1564 1156 1728 1189 olfaciens
1746 1168 1910 1190 cunnum.

1236 1208 1342 1243 Ludit
1358 1217 1472 1242 autem
1490 1210 1525 1241 in
1547 1208 1822 1254 paronomafici;
1833 1222 1911 1243 nain

1236 1261 1329 1295 idem
1347 1270 1380 1295 et
1395 1274 1507 1295 unum
1528 1274 1640 1307 prope
1660 1271 1784 1295 sonant
1793 1264 1914 1307 Alphi-

1235 1328 1288 1347 cus
1307 1324 1340 1348 et
1358 1314 1522 1360 Olpln'cus.

1290 1370 1325 1401 6.
1348 1368 1422 1401 Non
1445 1381 1503 1413 ego
1524 1379 1632 1413 pecco
1650 1392 1659 1407 ‚
1684 1367 1764 1413 quia
1793 1376 1912 1413 aperto

1235 1433 1314 1453 eum
1341 1421 1488 1454 nomino
1504 1445 1513 1461 ‚
1540 1432 1645 1466 quem
1662 1420 1849 1465 Alphicum
1879 1430 1913 1454 et

1235 1473 1388 1507 Olficum
1401 1474 1501 1507 novis
1514 1473 1716 1506 nominibus
1736 1472 1807 1506 dixi
1825 1485 1832 1506 :
1852 1473 1912 1506 sed

1234 1527 1308 1572 ipse
1325 1535 1445 1572 peccat
1461 1527 1719 1571 Athenagoras,
1740 1527 1799 1572 qui
1813 1539 1914 1572 argn-

1234 1588 1395 1614 mentum
1417 1589 1450 1613 et
1474 1592 1609 1613 causam
1631 1579 1735 1624 hujus
1759 1580 1911 1625 appella-

1236 1633 1341 1666 tionis
1361 1633 1448 1666 mihi
1467 1631 1716 1678 suppeditavit.
1730 1632 1795 1665 En.

1064 1768 1341 1826 XCVII.

1013 1925 1079 1952 Dr
1120 1904 1395 1953 Hunonff

566 2054 791 2096 CLlNlcUs
815 2049 1014 2094 Herodes
1042 2048 1215 2093 trullam
1247 2048 1514 2093 subduxerat
1537 2066 1675 2110 aegr03

637 2124 890 2183 Deprensus
914 2119 1046 2172 dixit,
1074 2119 1236 2173 Stulte,
1264 2119 1368 2180 quid
1400 2136 1504 2180 ergo
1534 2118 1675 2163 bibis?

549 2263 563 2275 ¹
588 2263 718 2295 Omnes
748 2260 830 2293 libri
860 2258 1108 2305 typographici
1141 2267 1173 2291 et

497 2316 628 2350 excusi.
663 2315 697 2347 in
730 2313 799 2346 hoc
831 2323 974 2358 quoque
1001 2311 1173 2357 epigram-

500 2379 588 2403 mato
602 2395 609 2408 ‚
625 2367 772 2401 similem
791 2365 1055 2411 inscriptionem
1072 2373 1106 2398 et
1126 2365 1174 2397 le·

498 2425 647 2456 ctionem
669 2420 846 2454 exhibent.

555 2490 582 2509 ι.
606 2475 756 2508 Clinicus.
778 2471 931 2505 Suband.
954 2469 1099 2503 medie-ui.
1125 2472 1174 2503 De

500 2529 632 2562 medico
672 2526 798 2560 clinico
824 2527 894 2570 jan·
930 2537 991 2557 nos
1021 2524 1174 2569 egimus,

498 2581 540 2614 ad
555 2581 633 2614 libri
651 2580 888 2625 lepigrainma
906 2590 1065 2611 xxx1.--
1079 2577 1174 2610 Trul-

1234 2259 1381 2291 lan1.Vas
1390 2283 1398 2298 ,
1409 2270 1480 2304 qno
1490 2257 1738 2292 adhibendum
1750 2267 1910 2293 utuntur.

1292 2324 1322 2343 2.
1350 2311 1526 2356 Deprensus
1547 2311 1639 2344 dia-it.
1663 2312 1720 2345 Sic
1742 2313 1912 2346 nimirum

1235 2365 1370 2397 furtum
1381 2373 1520 2398 excusat
1533 2363 1702 2406 Herodes,
1714 2365 1810 2410 quasi
1825 2366 1911 2398 trul-

1236 2417 1301 2450 lam
1337 2418 1560 2457 removisset,
1589 2430 1633 2450 ne
1668 2417 1792 2451 medici
1821 2419 1910 2464 jussa

1237 2482 1456 2516 nequaquam
1478 2483 1602 2504 curans
1630 2483 1720 2516 :eger
1741 2471 1796 2504 siti
1824 2471 1910 2504 clam

1235 2523 1452 2569 indulgeret,
1478 2522 1573 2569 quod
1601 2524 1648 2557 illi
1674 2523 1798 2558 lethale
1817 2523 1910 2557 sutu-

1236 2589 1312 2610 rum
1333 2586 1429 2610 esset.
