1978 3305
398 209 427 253 (3
768 210 831 252 M.
856 210 997 253 VAL.
1037 209 1431 253 MARTIALIS

464 299 566 341 Sors
587 313 682 341 moa
704 313 834 358 quam
857 297 1000 340 fratris
1024 294 1196 341 melior!
1219 298 1288 340 cui
1310 306 1399 340 tam
1420 311 1557 356 prope
1581 294 1645 338 fas
1669 304 1732 339 est
1789 315 1802 338 5

535 369 747 423 Cernere,
773 377 862 411 tam
892 366 1019 427 longe
1047 383 1177 427 quem
1209 366 1314 411 colit
1339 365 1409 409 ille
1435 367 1592 409 Deum.

463 503 546 545 Τοῦ
572 502 706 551 micum
737 497 917 552 ζηλωτὸς
942 502 1021 561 ἐγὼ
1045 501 1187 544 πλέον·
1215 502 1307 543 ὅττι
1336 498 1420 542 θεόν
1450 516 1545 558 μοι,

534 557 592 614 ὸν
621 567 780 614 σέὲετσι
806 570 988 630 μακράν,
1021 570 1180 632 ἐγγύθεν
1208 571 1290 620 ἐςὶν
1319 572 1429 630 ὁρᾶν.

447 714 481 745 (ἱ.
510 712 610 755 Quem
629 711 703 744 colit
728 711 781 743 ille
802 711 916 744 Deum.
943 711 1066 744 Domi-

393 764 507 797 tianus
525 776 651 810 nempe
677 775 686 797 :
712 762 838 797 eodem
857 776 961 798 sensu
980 764 1066 798 Ovi-

393 815 542 859 dius,dc
552 816 684 859 Ponto,
701 817 762 850 lib.
781 817 836 859 ΙΙ,
851 817 961 863 epigr.
979 829 1068 859 vrn,

1131 711 1201 756 57:
1224 727 1238 740 α
1259 710 1390 744 Felices
1415 709 1491 751 illi,
1519 709 1580 754 qui
1602 720 1674 741 non
1700 708 1806 741 simu-

1125 764 1240 805 lacra,
1272 762 1334 797 sed
1370 762 1496 809 ipsos;
1528 761 1670 807 Quique
1703 760 1807 795 desum

1128 829 1246 850 coram
1267 828 1417 862 corpora
1438 827 1518 850 vera
1539 813 1674 849 vident.
1700 832 1713 844 n

1040 951 1150 1006 IV.

723 1107 794 1136 AD
833 1106 1047 1135 PAULUM
1086 1107 1153 1135 DE
1193 1086 1479 1135 ΜΥΙὶΤΑΙΑΞΫι

535 1234 740 1277 Fot-:TERE
761 1231 899 1276 multo
923 1230 1112 1292 Myrtale
1143 1230 1253 1275 solet
1280 1232 1408 1285 vin03

534 1302 618 1347 Sed
639 1301 760 1346 fallat
779 1312 830 1346 ut
848 1318 928 1346 nos
943 1338 954 1359 ,
974 1301 1078 1346 folia
1096 1302 1280 1346 devorat
1302 1301 1434 1356 lauri,

536 1374 798 1434 Merumque
818 1383 946 1418 cauta
966 1372 1121 1417 fronde
1144 1390 1233 1417 non
1256 1389 1370 1433 aqua
1391 1373 1558 1417 miscet.

536 1446 662 1488 Hanc
689 1453 739 1488 tu
768 1444 999 1488 rubentem
1025 1443 1374 1505 prominentibus
1397 1444 1518 1487 venis

448 1579 462 1592 *
498 1583 652 1630 Myrtale.
685 1583 823 1617 Nomen
858 1583 981 1616 fictum
998 1609 1006 1624 ‚
1034 1592 1074 1616 ut

396 1637 504 1677 solet,
524 1636 670 1682 quando
686 1649 740 1670 res
759 1636 873 1681 turpis
888 1637 1076 1682 exprobra-

396 1697 467 1731 tur,
476 1689 541 1723 nisi
549 1702 661 1735 quum
669 1689 781 1735 agitur
788 1688 832 1723 de
839 1689 983 1723 nomine
991 1702 1076 1735 quo-

397 1741 477 1775 dam
493 1755 556 1788 per
574 1742 753 1776 infamiam
767 1751 802 1776 et
814 1743 942 1776 scelera
956 1743 1075 1787 vulga-

397 1805 433 1830 to
449 1820 459 1836 ‚
480 1808 513 1829 v.
531 1808 566 1841 g.
584 1794 629 1829 de
646 1796 789 1830 Nerone
811 1797 957 1841 ejusque
975 1795 1075 1829 satel-

397 1848 602 1890 litibus3nec
613 1849 660 1884 ita
669 1848 810 1894 pridem
823 1847 1075 1882 defunctorum

396 1901 541 1935 nomina
562 1902 646 1935 citat
671 1903 788 1936 etiam.
813 1901 934 1934 Exstat
961 1909 1077 1934 tamen

398 1954 442 1988 de
458 1955 609 2000 Myrtale
622 1954 804 2000 inscriptio
820 1967 861 1988 ex
875 1953 1075 2000 Onuplu‘io:

399 2008 521 2041 Gamo
548 2020 657 2042 sonnv.
685 2009 726 2042 L.
753 2009 1005 2046 Dona-rnnvffi
1033 2007 1073 2040 L.

399 2062 438 2094 L.
458 2062 629 2095 Ancxnvs
647 2062 830 2094 anfflvs
849 2061 1015 2093 Domni
1034 2061 1074 2093 L.

401 2115 440 2147 L.
461 2114 641 2148 Minu-Ami
667 2114 702 2148 S.
726 2115 765 2148 P.
793 2115 835 2147 D.
863 2115 905 2146 D.
929 2125 1074 2147 unnim.

399 2168 492 2200 lm.
512 2168 590 2201 Im.
608 2167 675 2202 En.

450 2242 503 2246 —
536 2221 681 2256 Lemma
714 2228 765 2254 est
794 2221 830 2253 in
864 2218 943 2253 Ald.
972 2220 1071 2253 Junt.

399 2272 519 2306 Colin.
543 2273 680 2320 Gryph.
708 2274 815 2319 Lang.
844 2273 986 2306 Junian.
1009 2282 1074 2306 cte.

400 2325 460 2359 Ad
480 2326 677 2371 Μ)”ι·ια1ι»ηι,·
699 2327 734 2359 in
762 2325 841 2360 cod.
863 2325 1048 2360 Pulmanni
1066 2350 1076 2363 ‚

400 2379 459 2412 Ad
476 2379 623 2412 Paulum.

459 2443 470 2464 1
481 2458 488 2464 .
513 2432 545 2464 F
543 2440 635 2465 ‹rtere
650 2432 746 2465 multo
761 2433 894 2466 Tuccius
906 2431 983 2465 solet
1000 2434 1076 2464 vino

401 2484 435 2517 in
455 2483 578 2517 eodem
601 2485 732 2519 codice.

454 2551 485 2571 2.
506 2538 619 2571 Fallat
635 2547 669 2571 ut
688 2551 762 2579 nos,
784 2547 849 2571 ctc.
869 2538 918 2571 Ut
937 2538 1076 2582 gravior

399 2590 486 2623 lauri
510 2591 561 2624 vis
587 2592 712 2625 obruat
737 2591 809 2624 vini
838 2589 1003 2631 odorem,
1022 2591 1075 2624 vel

403 2652 440 2677 ut
463 2644 497 2676 in
522 2645 724 2678 ebrietatem
746 2642 922 2678 defendat.
945 2645 1077 2677 Laurus

1135 1582 1227 1616 enim
1249 1582 1391 1616 inimica
1407 1581 1543 1615 Baccho
1557 1607 1566 1625 ‚
1585 1590 1681 1615 arcet
1698 1582 1813 1615 ebrie-

1135 1644 1252 1670 tatem.
1271 1636 1476 1677 Athenaeus,
1488 1635 1549 1668 lib.
1563 1635 1628 1676 IV,
1643 1634 1810 1680 Deipnos.

1134 1689 1316 1734 Theophr.

1191 1741 1226 1775 3.
1258 1741 1440 1786 illorumque
1468 1749 1563 1774 cauta
1585 1742 1706 1784 fronte.
1733 1739 1813 1774 Ald.

1134 1796 1234 1828 Junt-
1262 1802 1297 1829 et
1323 1794 1437 1828 Colin.
1459 1816 1512 1821 -—
1539 1793 1646 1828 Cauta
1666 1794 1786 1837 fronde
1803 1820 1812 1833 ,

1134 1855 1200 1882 etc.
1214 1847 1293 1890 Qua
1308 1855 1407 1881 cavet
1423 1847 1693 1893 graveolentiam
1711 1847 1815 1893 spiri·

1135 1909 1195 1934 tus
1210 1913 1227 1934 a
1242 1901 1336 1934 vino.

1189 1958 1221 1994 4.
1242 1955 1338 1986 Hanc
1358 1961 1413 1994 tu,
1441 1961 1507 1987 etc.
1533 1953 1679 1995 Quoties
1697 1952 1816 1999 itaque

1138 2007 1326 2052 Myrtalem
1347 2007 1432 2040 vino
1454 2005 1691 2040 rubicundam
1709 2014 1743 2040 et
1760 2018 1818 2039 vc-

1135 2072 1195 2093 nas
1227 2059 1382 2093 inflatam
1407 2059 1656 2105 conspexeris,
1683 2072 1728 2093 ne
1750 2059 1817 2092 im-

1136 2121 1235 2158 putes
1265 2113 1404 2146 Baccho
1435 2111 1496 2146 sed
1526 2112 1683 2158 Apollini
1700 2138 1710 2154 ‚
1742 2112 1816 2145 noli

1134 2165 1231 2199 illam
1243 2166 1376 2200 ebriam
1393 2164 1528 2207 dicere,
1542 2164 1601 2199 sed
1618 2173 1733 2199 vatem
1749 2177 1817 2198 nu-

1135 2219 1229 2252 mine
1250 2217 1413 2253 adflatum
1428 2244 1437 2258 ,
1465 2226 1568 2264 epota
1587 2218 1687 2251 lauro
1703 2243 1714 2259 ,
1742 2230 1815 2251 nou

1134 2284 1232 2305 secus
1245 2284 1283 2305 ac
1303 2271 1360 2305 alii
1379 2280 1473 2305 vates
1494 2272 1720 2317 ἐνθουσιασμὸν
1737 2283 1818 2316 pro·

1134 2333 1263 2358 curant
1280 2323 1487 2359 manducata
1502 2325 1614 2357 lauro.
1633 2323 1815 2370 Lycophr.

1135 2377 1228 2412 Cass.
1246 2376 1464 2423 ὃαφνπφσίγων
1479 2375 1628 2422 φοίῧαζεν
1643 2378 1678 2410 ἐκ
1691 2381 1815 2422 λαιμῶν

1135 2432 1214 2464 ὅπα..
1245 2431 1400 2464 Laurum
1422 2439 1538 2465 tamen
1564 2443 1582 2463 a
1604 2430 1732 2464 mensis
1760 2441 1815 2462 rc-

1135 2485 1323 2518 movebant
1337 2484 1506 2525 Romani,
1522 2484 1653 2530 quippe
1673 2482 1815 2527 gravio-

1135 2537 1182 2571 ris
1211 2536 1342 2571 odoris.
1367 2538 1523 2571 Coronas
1554 2544 1693 2570 tantum
1723 2534 1814 2568 lauri

1135 2591 1248 2635 prima
1283 2602 1400 2624 mensa
1426 2587 1490 2628 (au
1508 2591 1644 2634 premier
1673 2586 1808 2627 service)

1136 2642 1366 2677 admittebant
1385 2656 1393 2676 t
1415 2641 1543 2676 deinde
1563 2643 1783 2676 amovebant.
