1978 3305
814 243 873 284 M.
899 228 1037 285 VAL'.
1078 241 1470 285 MARTIALIS

576 329 747 373 Caesare.
773 337 982 381 venturo,
1006 327 1288 387 Phosphoro,
1314 327 1446 371 redde
1469 328 1595 372 diem.

507 402 648 443 Roma
673 407 799 459 rogat
824 414 833 441 ε
864 396 1022 458 placidi
1049 396 1262 458 numquid
1288 406 1330 440 te
1355 398 1478 459 pigra
1501 401 1647 443 Bootae

575 468 772 512 Plaustra
799 467 991 519 vehunt,
1019 466 1136 511 lento
1167 466 1285 528 quod
1314 468 1441 511 nimis
1470 468 1569 528 igne
1594 469 1744 513 venis.3

506 539 664 582 Ledaeo
695 548 870 598 poteras
900 537 1120 581 abducere
1145 536 1350 598 Cyllaron
1380 548 1520 589 δεῖνος

576 611 674 669 Ipse
706 625 784 652 suo
814 607 939 651 cedet
966 624 1084 652 nunc
1113 608 1189 651 tibi
1222 609 1376 651 Castor
1405 624 1529 669 equo.

505 678 625 735 Quid
654 678 863 739 cupidum
893 679 1050 721 Titana
1075 676 1224 721 tenes?
1244 677 1334 737 jam
1355 678 1560 722 Xanthus
1586 687 1628 722 et
1655 679 1812 722 AEthon

574 751 726 792 Fraena
755 747 911 792 volunt
937 765 945 790 :
973 747 1123 808 vigilat
1147 749 1399 792 Memnonis
1430 748 1543 792 alma
1574 764 1741 809 parens.

507 819 650 863 Tarda
677 829 824 863 tamen
855 818 1000 863 nitidae
1026 835 1116 862 non
1146 818 1307 862 cedunt
1337 818 1477 863 sidera
1505 818 1617 874 luci,

576 891 634 933 Et
658 890 779 951 cupit
805 890 1049 934 Ausonium
1077 891 1202 933 Luna
1229 888 1376 932 videre
1402 889 1572 933 ducem.

505 963 625 1015 Jam,
656 962 823 1013 Caesar,
848 959 916 1002 vel
943 968 1072 1003 nocte
1101 960 1201 1003 veni
1223 975 1232 1001 :
1265 968 1379 1004 stent
1408 969 1524 1004 astra
1550 958 1722 1015 licebit,

443 244 539 289 308

431 1079 638 1126 Φώσῳορος),
653 1089 732 1125 post
750 1080 831 1113 solis
849 1092 931 1112 vero
950 1091 1108 1113 occasum

433 1136 569 1179 Vesper
594 1133 734 1166 dicitur.
757 1153 807 1158 —
836 1132 967 1165 Gaudia
991 1141 1109 1165 noslra.

435 1187 577 1221 Caesaris
602 1185 793 1218 Domitiani
821 1193 997 1230 aspectum
1015 1210 1024 1226 ,
1052 1185 1112 1230 qui

434 1240 569 1285 populo
587 1245 820 1283 exspectatur,
845 1245 878 1270 et
897 1237 958 1270 ubi
978 1238 1036 1270 lux
1055 1237 1114 1271 ad-

436 1293 588 1333 fulserit,
609 1291 743 1324 Urbem
764 1290 987 1335 ingressurus
1006 1299 1068 1324 est.

489 1344 522 1377 3.
547 1345 647 1377 Roma
675 1351 781 1388 rogat.
804 1343 855 1376 Ut
878 1342 971 1376 diem
997 1343 1113 1377 subito

436 1397 593 1431 reducas.
624 1417 677 1423 ——
705 1397 810 1440 Pigra
845 1397 969 1429 Bootoe.
1008 1397 1114 1430 Stella

436 1462 511 1496 quae
543 1463 561 1484 a
584 1449 671 1483 Polo
705 1462 831 1495 parum
860 1447 964 1483 distat
991 1457 1025 1482 et
1058 1449 1117 1483 cui

436 1502 542 1536 modo
572 1503 836 1548 Arctophylax,
856 1501 962 1536 modo
991 1503 1117 1535 Bootes

435 1569 566 1590 nomen
583 1555 798 1601 adscriptum
815 1563 865 1588 est
879 1567 886 1586 τ
899 1553 1006 1595 illud,
1021 1554 1117 1600 quod

435 1610 534 1655 quasi
550 1617 665 1642 servet
681 1616 714 1641 et
729 1607 904 1641 custodiat
921 1601 1116 1653 (φυλάττει)

437 1665 568 1696 Arcton
588 1656 758 1707 (Ᾰρκτον);
778 1661 863 1700 hoc,
885 1661 981 1707 quod
1000 1669 1118 1707 pastor

437 1716 550 1749 houm
567 1714 885 1759 videatur‚septem
905 1715 998 1748 enini
1012 1714 1118 1748 stellae

437 1769 538 1802 Arcti
558 1770 686 1808 triones,
701 1767 798 1812 quasi
813 1767 965 1802 teriones
976 1793 986 1809 ,
1000 1766 1037 1801 id
1051 1776 1118 1809 est,

437 1822 547 1855 hoves
566 1819 791 1854 dicebantur.

496 1875 530 1908 5.
548 1873 670 1908 Codex
683 1873 870 1906 Pulmanni
883 1873 1024 1907 exhibet
1037 1885 1044 1906 :
1060 1873 1119 1906 ad-

439 1927 512 1960 dere
533 1926 688 1973 Cyllaron
697 1939 710 1966 ;
728 1927 785 1960 alii
796 1926 950 1959 adducere
966 1926 1118 1972 Cyllaron

437 1981 569 2024 legunt.
596 2001 650 2006 -—
673 1979 840 2012 Abducerc
879 1979 1044 2025 Cyllaron.
1078 1980 1117 2012 In

439 2035 564 2066 caeluin
576 2033 765 2066 translatus
776 2041 826 2065 est
836 2032 995 2076 Cyllarus
1007 2044 1118 2077 equus

439 2085 609 2120 Castoris.
628 2084 795 2118 Ledaeum
815 2093 946 2118 astrum
966 2085 1119 2129 intellige

440 2139 622 2172 Castorem
645 2147 678 2171 ct
699 2138 888 2171 Pollucem.

494 2195 528 2226 6.
546 2192 635 2225 Tunc
646 2191 703 2224 tibi
713 2189 829 2224 Castor
840 2189 918 2224 cod.
931 2190 1115 2223 Pulmann.

495 2258 528 2289 7.
564 2244 717 2277 Xanthus
748 2253 779 2276 ct
808 2243 946 2277 ,2Etl10n.
981 2243 1118 2276 Scilicet

439 2299 519 2342 equi
539 2297 745 2330 Solis.—At
761 2296 866 2330 Ovid.
884 2297 970 2329 Met.
984 2296 1046 2329 lib.
1064 2297 1116 2333 11,

439 2351 507 2384 fab.
526 2362 561 2383 ιν
575 2376 584 2391 ,
603 2362 714 2395 quum
737 2358 890 2394 quatuor
909 2348 990 2382 solis
1009 2361 1117 2394 equos

436 2411 636 2443 enumerat,
667 2403 845 2447 Pyroenta
863 2428 871 2443 ‚
901 2402 1092 2447 Phlegonta
1108 2428 1117 2443 ,

437 2456 601 2489 AEthonta
623 2481 632 2495 ‚
659 2455 773 2488 Eoum
809 2456 991 2495 nominat,
1019 2455 1115 2489 Xan-

436 2509 533 2542 thum
556 2521 640 2541 vero
670 2509 826 2542 minime.
851 2510 891 2542 In
915 2509 968 2542 his
996 2517 1114 2542 autem

434 2562 636 2607 saepiuscnle
650 2561 899 2607 mythographi
915 2562 1115 2603 variant3et

432 2627 540 2658 quum
571 2613 714 2648 aliunde
745 2615 876 2648 Xanthi
909 2628 1035 2648 nomen
1066 2615 1113 2647 oh

432 2668 535 2700 ssavos
552 2662 723 2707 (ξανθοὺς)
740 2668 854 2701 crines
880 2669 978 2711 equis
1008 2669 1112 2711 vulgo

1171 1078 1311 1120 (latum,
1325 1079 1418 1112 haud
1435 1079 1565 1113 mirum
1585 1088 1636 1113 est
1656 1080 1704 1113 sic
1721 1092 1850 1125 equum

1172 1132 1262 1165 Solis
1281 1132 1435 1165 Martiali
1454 1141 1638 1172 vocatum,
1662 1145 1771 1178 quum
1792 1133 1850 1166 Sol

1174 1184 1284 1219 flavus
1303 1185 1358 1218 sit.
1379 1185 1448 1218 En.

1229 1239 1263 1271 8.
1281 1238 1458 1272 ,Memnonis
1479 1238 1564 1270 alma
1585 1250 1701 1282 parcns
1721 1239 1850 1283 vigilat.

1174 1291 1309 1324 Aurora
1322 1316 1331 1331 ‚
1352 1292 1451 1336 cujus
1468 1290 1615 1324 historia
1633 1298 1728 1324 nota.

1232 1356 1285 1377 10.
1298 1345 1476 1377 Ausoniam
1492 1344 1588 1376 lucem
1600 1342 1680 1377 cod.
1696 1344 1850 1378 Florem.

1176 1409 1279 1442 quam
1298 1397 1387 1430 male
1404 1397 1468 1438 sit,
1483 1396 1539 1429 vel
1560 1409 1600 1430 ex
1617 1396 1786 1441 rhythmo
1801 1396 1852 1430 di-

1174 1449 1303 1494 judica.
1323 1450 1500 1483 Ausonium
1508 1450 1607 1482 Roma
1619 1449 1728 1481 ‘videre
1744 1449 1850 1482 ducem

1176 1503 1211 1535 in
1233 1502 1373 1536 Thuan.
1392 1502 1503 1543 Male;
1527 1515 1608 1535 nam
1637 1514 1756 1535 sensus
1778 1503 1852 1535 vult

1178 1556 1289 1595 Luna;
1305 1564 1339 1589 et
1352 1556 1423 1601 jam
1437 1568 1486 1588 vs.
1501 1556 1520 1589 3
1532 1580 1542 1596 ,
1554 1556 1655 1588 Roma
1668 1562 1772 1600 rogat.
1784 1555 1849 1588 En.

1236 1620 1248 1641 1
1262 1621 1275 1642 1
1287 1634 1293 1640 .
1309 1608 1381 1642 Sint
1397 1616 1483 1641 astra
1500 1608 1605 1641 licebit
1621 1608 1655 1641 in
1675 1607 1754 1642 edd.
1765 1617 1848 1642 vett.

1178 1661 1271 1695 Stent
1296 1670 1382 1694 astra
1414 1661 1519 1695 licebit
1548 1661 1584 1694 in
1615 1660 1736 1696 codice
1768 1661 1845 1694 Pul-

1178 1714 1310 1748 mauni.
1335 1732 1348 1744 a
1364 1715 1440 1748 Hoc
1464 1714 1500 1747 in
1523 1726 1594 1748 uno
1612 1714 1711 1748 Junii
1731 1713 1852 1748 codice

1178 1776 1357 1813 repertum
1368 1780 1376 1809 ;
1387 1780 1494 1813 quum
1502 1768 1538 1801 in
1547 1767 1678 1801 caeteris
1686 1792 1696 1809 ,
1705 1776 1739 1802 et
1750 1766 1852 1801 editis

1177 1821 1341 1855 omnibus
1355 1821 1541 1867 legeretur,
1554 1822 1619 1854 sint
1630 1828 1729 1855 astra.
1745 1820 1854 1854 Satin'

1177 1874 1331 1908 Latine?
1355 1874 1472 1920 inquit
1497 1873 1665 1913 Colerus;
1692 1883 1727 1907 at
1751 1874 1851 1919 lego,

1178 1935 1282 1966 πεπυ
1311 1927 1411 1961 aliter
1440 1940 1511 1961 non
1539 1926 1644 1960 video
1673 1925 1852 1972 quomodo

1177 1988 1268 2013 stare
1286 1980 1396 2025 possit
1417 1980 1597 2014 Martialis.
1615 1980 1704 2013 Dein
1722 1979 1851 2013 Grute-

1178 2046 1237 2066 rus
1268 2045 1276 2065 :
1302 2034 1353 2067 Ita
1381 2034 1470 2066 hene
1495 2033 1705 2077 Anglicanus
1729 2033 1851 2069 Junii:

1177 2098 1292 2131 neque
1313 2085 1470 2119 dubitavi
1492 2086 1621 2118 inferre
1642 2085 1820 2118 contextui
1842 2111 1850 2122 .

1177 2139 1335 2184 quamvis
1355 2147 1486 2172 starent
1504 2150 1522 2170 a
1542 2138 1683 2184 vulgato
1705 2138 1850 2172 Palatini

1178 2192 1256 2231 alii,
1274 2192 1530 2237 haberentque,
1547 2193 1613 2223 sint
1630 2199 1716 2223 astra
1733 2203 1745 2223 .·
1760 2203 1852 2236 quo-

1177 2244 1269 2277 niam
1295 2244 1443 2278 alterum
1473 2242 1559 2277 illud
1586 2256 1622 2277 se
1646 2244 1762 2278 statim
1791 2257 1851 2290 ap-

1178 2298 1327 2343 probare
1346 2305 1463 2343 posset
1484 2297 1667 2338 omnibus,
1686 2297 1781 2330 velut
1800 2297 1850 2330 sol

1177 2351 1248 2383 an
1267 2350 1373 2383 modo
1392 2350 1484 2384 lotus
1500 2362 1585 2396 aqua
1598 2375 1607 2391 ‚
1621 2350 1696 2395 ipso
1713 2358 1849 2383 exortu.

1177 2405 1266 2437 Eant
1283 2415 1376 2437 nunc
1391 2403 1506 2449 magni
1523 2403 1683 2436 homines
1694 2428 1703 2443 ‚
1719 2411 1753 2436 et
1766 2415 1849 2436 conv

1177 2466 1333 2490 temnant
1363 2456 1529 2490 minutias
1543 2482 1551 2497 ,
1577 2467 1702 2502 easque
1732 2454 1850 2488 dicant

1175 2509 1413 2555 paedagogicas
1425 2522 1508 2543 esse.
1524 2509 1583 2543 Me
1597 2521 1678 2543 vero
1694 2521 1766 2542 non
1785 2521 1850 2553 ρκ-

1175 2562 1329 2609 (lagogus
1353 2563 1478 2609 aliquis
1495 2589 1502 2599 ,
1530 2561 1588 2595 sed
1612 2561 1677 2607 ipsi
1702 2562 1848 2594 Romani

1174 2615 1392 2654 docuerunt.
1410 2617 1458 2649 sic
1469 2627 1505 2649 se
1519 2615 1638 2648 solitos
1648 2626 1720 2647 esse
1731 2613 1827 2660 loqui
1840 2641 1848 2650 ,

1174 2670 1274 2701 salex}
1285 2696 1292 2708 ,
1306 2670 1379 2701 Imm
1395 2677 1439 2700 es!
1453 2695 1460 2706 ,
1473 2677 1559 2701 astra
1571 2676 1642 2700 sun!
1656 2695 1662 2705 ,
1677 2667 1772 2700 imber
1781 2676 1826 2699 cs!
1836 2681 1846 2705 ,-
