1978 3305
458 238 554 298 278

836 239 895 281 M.
921 240 1059 281 VAL.
1100 232 1488 283 MARTIALIS

1045 390 1282 448 XCIII.

946 546 1019 574 AD
1057 522 1374 575 minimum*

524 673 738 721 NARmA,
762 669 954 715 sulfureo
976 687 1108 732 quam
1135 672 1306 732 gurgite
1336 669 1547 714 candidus
1573 673 1711 713 amnis

596 742 786 797 Circuit,
810 742 987 803 ancipiti
1015 742 1085 784 vix
1111 740 1312 785 adeunda
1337 741 1468 802 jugo,

525 811 644 869 Quid
671 822 759 856 tam
793 828 905 873 saepe
936 828 1082 856 meum
1113 811 1238 855 nobis
1263 811 1479 855 abducere
1510 812 1723 869 Quintum

597 885 659 926 Te
685 883 832 943 juvat,
858 892 901 926 et
925 882 1042 926 lenta
1069 881 1305 926 detinuisse
1332 880 1484 925 mora?

527 953 646 1010 Quid
671 953 937 997 Nomentani
963 968 1140 997 causam
1169 952 1276 995 mihi
1302 952 1446 1012 perdis
1472 951 1622 1013 agelli,

597 1025 782 1085 Propter
807 1024 998 1068 vicinum
1023 1024 1096 1083 qui
1122 1023 1336 1084 pretiosus
1361 1021 1482 1066 erat?

528 1094 614 1138 Sed
633 1095 724 1155 jam
747 1110 879 1155 parce
904 1093 1034 1147 mihi,
1056 1110 1137 1138 nec
1163 1093 1366 1147 abutere,
1391 1093 1580 1148 Narnia,
1606 1093 1798 1149 Quinto,

598 1166 814 1226 Perpetuo
839 1163 969 1208 liceat
998 1165 1057 1209 sic
1087 1164 1164 1208 tibi
1190 1173 1324 1225 ponte
1353 1163 1450 1207 frui.

512 1300 523 1311 '¹
544 1304 654 1348 Rogat
673 1303 841 1336 Narniam
865 1303 1040 1336 civitatem
1055 1328 1065 1344 ,
1091 1315 1135 1336 ne

457 1355 589 1389 diutius
613 1355 768 1390 detineat
790 1356 836 1398 Q.
861 1355 1032 1389 Ovidium
1054 1369 1136 1401 agro

457 1409 680 1443 Nomentano
695 1409 852 1443 vicinum
868 1422 989 1455 agrum
1002 1409 1136 1442 hahen-

460 1471 550 1504 tem;
571 1475 607 1495 se
628 1475 717 1508 aegre
741 1462 850 1508 ipsius
874 1463 1057 1508 praesentia
1081 1475 1136 1496 ca-

460 1528 546 1549 rere.
555 1515 640 1549 Rad.

517 1581 547 1602 1.
573 1569 697 1603 Circuit
710 1571 810 1601 amnis
825 1567 990 1601 Candidus
1013 1573 1137 1601 Rever-

459 1621 557 1655 landi
574 1622 649 1656 MS.
664 1639 716 1648 —-
726 1622 863 1656 Narnia.
881 1621 1040 1655 Umbriae
1055 1622 1138 1654 urbs

462 1675 578 1720 primo
587 1676 623 1709 N
621 1677 777 1722 eqnz‘nzcm,
789 1674 896 1708 hodie
903 1675 1022 1716 Narui,
1032 1687 1138 1720 quam

461 1728 568 1773 cingit
601 1729 711 1762 amnis
737 1728 832 1769 Nar,
868 1727 978 1762 hodie
1005 1729 1138 1773 Negra;

460 1780 556 1814 unde
570 1794 702 1815 nomen
720 1781 864 1815 civitati.

519 1848 535 1867 2
545 1861 551 1867 .
563 1834 806 1880 Ancipitijugo.
818 1834 896 1868 Hoc
907 1842 974 1876 est,
987 1835 1139 1880 gemino,

461 1900 589 1934 nempe
604 1889 690 1933 jugo
705 1887 833 1921 montis
850 1887 1039 1934 Apennini.

519 1942 553 1975 3.
579 1941 747 1974 Abducere
777 1941 941 1985 Quintum.
971 1939 1140 1973 Ovidium

464 1995 595 2028 scilicet
606 2020 615 2035 ,
631 1993 675 2028 de
691 2006 762 2040 quo
774 1994 833 2027 lib.
847 1994 900 2035 X,
915 1994 1024 2040 epigr.
1041 2006 1139 2027 κων.

519 2048 550 2080 5.
577 2048 726 2082 Causam.
753 2048 829 2080 Hoc
856 2047 934 2081 loco
961 2059 1062 2081 causa
1084 2059 1141 2080 su-

465 2102 573 2134 mitur
586 2123 595 2139 ,
618 2109 655 2134 ut
671 2100 817 2145 opinor,
839 2113 904 2146 pro
924 2101 1142 2133 emolumen-

465 2163 515 2186 to.
540 2155 583 2187 Et
605 2166 724 2187 sensus
746 2162 795 2187 est
818 2165 825 2186 :
854 2152 886 2186 Ο
908 2153 1057 2194 Narnia,
1080 2166 1143 2186 rur

464 2219 520 2241 me
533 2207 648 2253 privas
661 2207 901 2241 emolumento
913 2207 983 2253 agri
995 2206 1061 2239 mei
1074 2206 1144 2239 No-

465 2261 641 2304 mentani,
665 2261 701 2294 iu
734 2273 803 2307 quo
832 2260 962 2294 scilicet
984 2261 1054 2307 jam
1081 2260 1141 2293 ha-

1194 1303 1305 1335 bitare
1336 1314 1472 1348 nequeo
1503 1311 1650 1348 propter
1682 1302 1870 1336 absentiam

1195 1354 1344 1396 Quinti?
1356 1354 1531 1388 Domitius
1542 1355 1589 1389 sic
1600 1355 1634 1388 in
1640 1363 1849 1400 terpretatur
1863 1368 1869 1388 1

1195 1408 1227 1441 O
1239 1408 1380 1449 Narnia,
1391 1421 1454 1442 cur
1462 1408 1576 1442 aufers
1587 1420 1723 1442 causam
1735 1408 1872 1442 amandi

1195 1461 1295 1494 illum
1305 1473 1491 1501 recessum,
1500 1470 1534 1494 et
1543 1462 1760 1507 voluptatem
1768 1474 1871 1507 quam

1195 1527 1258 1560 ego
1276 1514 1515 1560 percipiebam
1533 1523 1679 1561 propter
1698 1514 1871 1556 Quintum

1195 1568 1350 1601 vicinum
1361 1568 1376 1600 ?
1387 1569 1404 1601 J
1412 1566 1530 1601 udicet
1546 1568 1871 1601 lecton—Damam

1196 1633 1260 1667 ego
1275 1620 1458 1667 μεταφορὰν
1477 1634 1496 1655 a
1510 1621 1630 1654 litibus
1645 1619 1872 1660 crediderim,

1197 1687 1274 1720 quae
1287 1682 1321 1708 et
1338 1673 1433 1720 apud
1448 1682 1618 1708 nostrates
1633 1674 1871 1713 usitatissima,

1196 1740 1260 1761 nec
1276 1741 1294 1761 a
1309 1728 1517 1761 Latinorum
1530 1726 1786 1761 consuetudine
1800 1727 1873 1772 pla-

1197 1793 1242 1813 ne
1259 1780 1437 1814 abhorret.
1454 1781 1522 1813 En.

1252 1836 1285 1867 6.
1306 1834 1374 1867 Pro
1394 1835 1478 1879 turpi
1494 1835 1575 1867 vitio
1593 1835 1647 1880 qui
1665 1831 1774 1866 codex
1792 1832 1873 1866 Pul-

1199 1899 1330 1920 manni.

1254 1941 1288 1974 8.
1312 1941 1468 1985 Perpetuo
1488 1939 1589 1972 liceat.
1609 1939 1641 1972 Ο
1661 1939 1807 1981 Narnia,
1826 1938 1878 1972 sic

1198 2001 1408 2039 perpetuum
1432 1992 1481 2025 dii
1504 1992 1650 2038 propitii
1669 1992 1811 2031 sinant,
1835 2000 1873 2024 ut

1200 2046 1386 2080 incolumis
1396 2046 1441 2079 sis
1451 2058 1528 2079 cum
1541 2045 1670 2078 eximio
1683 2053 1743 2078 tuo
1754 2053 1875 2090 ponte,

1200 2099 1261 2145 qui
1274 2099 1363 2133 duos
1375 2101 1542 2145 abruptos
1554 2106 1691 2131 montes
1707 2095 1808 2144 (quos
1821 2110 1876 2131 su-

1202 2165 1262 2198 pra
1275 2178 1283 2189 .
1303 2165 1429 2197 anceps
1448 2154 1569 2197 jugum
1582 2178 1590 2191 ,
1610 2149 1771 2190 vocavit)
1794 2151 1875 2184 sub-

1202 2206 1393 2239 terlabente
1420 2205 1564 2238 flumine
1590 2205 1763 2249 jungebat.
1792 2201 1874 2237 Vid.

1202 2259 1336 2293 Schotti
1356 2258 1574 2292 itinerarium
1587 2283 1595 2299 ,
1611 2258 1670 2292 lib.
1693 2258 1730 2297 1,
1749 2260 1874 2304 panti.
