1978 3305
395 226 974 271 EPIGRAMMATUM
1010 227 1135 271 LIB.
1175 227 1263 270 IX.

1436 224 1531 288 375

270 314 384 357 Cum
415 312 529 368 sole,
560 322 603 357 et
628 315 753 358 astris
768 349 780 370 ‚
802 330 987 374 cumque
1011 312 1107 358 luce
1130 329 1324 357 romana.

269 384 439 427 Invicta
459 383 668 444 quidquid
691 384 883 429 condidit
904 400 1081 439 manus,
1101 383 1255 429 caelum
1281 393 1358 428 est.

189 529 239 550 10.
276 516 358 550 Caeli
382 524 427 549 est
450 515 558 550 codex
593 518 798 559 Pulmauni3
860 525 916 552 est.
941 517 1018 551 Hoc
1043 526 1114 561 est,
1132 517 1349 558 immortale,
1369 526 1536 551 aeternum

130 567 225 614 quod
251 569 302 602 illi
326 570 433 615 magis
459 569 599 604 arridet.
614 569 800 604 —Caelum

861 579 899 604 ut
918 571 1041 604 caelum
1065 570 1192 615 ipsum.

773 715 892 770 III.
926 780 928 782 ,

652 871 711 899 IN
762 870 974 900 LUPUM.
997 850 1014 867 ⁴¹

200 999 411 1042 PAUPER
443 996 639 1040 amicitiae
668 1011 803 1056 quum
837 995 918 1050 sis,
946 996 1096 1055 Lupe,
1126 1011 1213 1038 non
1244 1012 1288 1040 es
1319 996 1491 1048 amicae3

268 1069 326 1111 Et
350 1067 546 1127 queritur
576 1066 629 1109 de
655 1075 696 1109 te
725 1064 919 1109 mentula
949 1064 1040 1109 sola
1065 1064 1186 1108 nihil.

200 1136 278 1181 llla
309 1137 513 1198 siligineis
541 1137 787 1198 pinguescit
818 1135 1014 1180 adultera
1044 1136 1220 1189 cunnis‚

268 1209 512 1252 Convivam
539 1208 677 1268 pascit
698 1208 820 1267 nigra
848 1207 986 1250 farina
1011 1216 1148 1250 tuum.

199 1280 437 1322 Incensura
466 1279 587 1322 nives
612 1277 799 1322 dominae
822 1278 968 1321 Setina
993 1276 1240 1338 liquantum

269 1349 361 1393 Nos
386 1348 574 1392 bibimus
595 1349 720 1393 Corsi
746 1347 864 1409 pulla
889 1364 1057 1391 venena
1083 1347 1188 1392 cadi.

199 1421 359 1480 Empta
384 1419 461 1463 tibi
492 1436 577 1463 nox
605 1429 670 1463 est
694 1418 838 1463 fundis
864 1436 952 1462 non
979 1428 1070 1462 tota
1097 1419 1314 1480 paternis;

269 1489 399 1534 Haud
426 1506 502 1534 sua
527 1489 722 1534 desertus
749 1506 850 1532 rura
878 1487 1036 1533 sodalis
1064 1499 1170 1532 arat.

183 1626 197 1639 ¹
227 1629 367 1673 Lupum
394 1627 623 1673 reprehendit
652 1627 802 1660 avaritiae

130 1682 165 1714 in
188 1681 337 1723 amicos,
357 1681 473 1714 nimiae
488 1681 524 1714 in
541 1681 666 1714 amicas
679 1680 804 1713 libera·

128 1734 247 1768 litatis.
273 1734 342 1768 En.

188 1800 218 1820 1.
249 1788 395 1833 Pauper,
425 1796 489 1820 etc.
517 1786 588 1828 Qui
613 1798 803 1832 pauperem

129 1849 163 1874 te
195 1840 336 1874 simulas
366 1840 538 1885 rogitante
563 1841 693 1879 amico,
724 1850 802 1872 ecce

129 1905 235 1939 quam
255 1894 371 1927 subito
392 1893 583 1939 opulescis‚
600 1893 699 1938 juxta
721 1892 805 1924 ami·

131 1958 205 1980 cam
221 1947 228 1979 ἔ
248 1947 314 1979 Eo.

187 2011 218 2032 2.
237 1999 331 2032 Laesa
344 1999 426 2031 niln'l
438 1999 474 2031 in
490 1997 570 2032 edd.
587 2006 672 2032 vett.
694 1999 802 2042 Digna

131 2053 212 2085 nihil
224 2051 410 2085 Pulmanni
426 2050 556 2085 codice.

185 2105 217 2138 3.
231 2105 295 2138 Illa
313 2105 475 2150 siligineis.
497 2105 542 2138 Et
563 2104 653 2137 hanc
675 2104 800 2137 Juven.

130 2158 235 2191 offert
245 2157 444 2191 antithesim
454 2182 463 2198 ,
475 2166 535 2191 sat.
549 2170 580 2198 v,
590 2169 639 2190 vs.
651 2159 713 2202 67,
729 2169 801 2202 sqq.

135 2226 147 2239 ι
165 2222 290 2255 panem
316 2211 386 2244 Vix
412 2210 577 2251 fractum,
594 2209 714 2243 solidae
730 2211 802 2255 jam

132 2262 269 2296 mucida
288 2264 396 2296 frusta
412 2263 530 2297 farinae
547 2290 554 2296 .
571 2289 578 2295 .
594 2289 600 2296 .
618 2261 686 2296 Sed
705 2271 804 2296 tener

131 2324 164 2349 et
185 2315 307 2349 niveus
333 2315 502 2361 mollique
529 2316 665 2361 siligine
693 2315 804 2349 factus

131 2368 297 2402 Servatur
322 2367 479 2402 domino.
500 2386 514 2397 u
542 2369 663 2414 Lupus
687 2377 803 2402 autem

131 2421 257 2455 amicas
269 2421 431 2467 pascebat
443 2433 532 2466 pane
545 2421 703 2465 siligineo
717 2416 802 2466 (gal-

130 2474 212 2515 lice,
225 2477 304 2520 ]ιαίη
319 2475 358 2506 de
371 2468 501 2519 granu).
519 2472 610 2507 Vide
625 2473 686 2507 lib.
701 2474 803 2512 XIV,

131 2527 239 2573 epigr.
260 2540 352 2561 Lxrx.
368 2527 433 2560 En.

188 2581 220 2614 5.
252 2581 418 2614 Incensura
433 2607 442 2620 ‚
477 2587 541 2612 etc.
574 2578 702 2613 Amicae
735 2586 803 2612 tuae

133 2633 291 2667 colantur
310 2633 388 2667 vina
408 2632 538 2678 optima
562 2644 579 2664 e
599 2631 689 2665 Setia
707 2628 804 2678 (quae

862 1626 1005 1673 quidem
1033 1626 1271 1660 celeberrimis
1300 1627 1388 1659 vinis
1419 1629 1539 1672 Augu-

862 1688 933 1712 stus
955 1679 1128 1713 antetulit.
1151 1677 1254 1719 Eu),
1272 1687 1305 1712 et
1327 1692 1403 1725 quae
1425 1681 1538 1714 calore

862 1745 924 1765 suo
942 1732 1057 1774 nives,
1068 1732 1194 1777 quibus
1209 1731 1404 1772 diluuntur,
1418 1732 1537 1766 incen-

863 1784 957 1818 dant.
977 1785 1055 1818 Lib.
1074 1786 1140 1825 IV,
1158 1786 1270 1830 epigr.
1290 1797 1390 1826 Lux,
1409 1797 1457 1819 vs.
1481 1799 1509 1820 1.

916 1840 951 1871 6.
970 1837 1064 1871 Corsi
1073 1838 1176 1883 pulla.
1193 1838 1338 1872 Vilioris
1355 1846 1448 1871 notae
1463 1838 1536 1872 vini

862 1903 880 1924 e
899 1890 1060 1933 Corsica,
1084 1892 1182 1937 cujus
1204 1891 1324 1932 mella,
1345 1891 1484 1937 thyma,
1504 1901 1538 1925 et

861 1943 982 1978 caelum
1010 1945 1136 1989 gravia.
1160 1944 1305 1989 Legitur
1335 1953 1368 1977 et
1397 1947 1471 1977 torti
1502 1945 1537 1977 in

861 1996 941 2030 Ald.
953 1998 1054 2031 Junt.
1067 1997 1182 2031 Colin.
1198 1997 1334 2043 Gryph.
1350 1997 1536 2030 Pulmann.

861 2049 973 2083 Plant.
1001 2051 1146 2084 Junian.
1176 2051 1284 2095 Lang.
1313 2049 1438 2095 Delph.
1468 2059 1534 2083 etc.

862 2102 957 2148 quod
974 2111 1173 2149 exponunt,
1189 2103 1371 2148 Supremam
1389 2103 1538 2135 torculari

862 2160 1008 2201 expressi.
1029 2178 1080 2183 —
1100 2157 1228 2188 Venena
1248 2157 1332 2189 cadi.
1352 2155 1442 2188 Vina
1463 2168 1535 2188 non

863 2209 1006 2243 meliora
1041 2209 1221 2243 Vaticanis
1238 2234 1247 2248 ,
1286 2221 1362 2253 quae
1401 2207 1537 2242 dixerat

867 2279 880 2291 σ
900 2263 1013 2296 toxica
1029 2279 1042 2291 ι»
1062 2287 1071 2304 ,
1097 2261 1158 2294 lib.
1188 2262 1205 2294 I
1222 2287 1231 2302 ‚
1255 2261 1364 2306 epigr.
1393 2273 1472 2300 nx,
1502 2268 1536 2294 et

861 2315 1001 2356 lib.V1,
1017 2315 1125 2360 epigr.
1147 2326 1231 2347 xc11.

915 2367 1096 2413 7.Fundis.
1118 2383 1131 2396 α
1147 2367 1327 2408 Quantum
1346 2366 1383 2399 in
1398 2366 1536 2411 legione

862 2421 994 2454 tribuni
1017 2419 1231 2465 Accipiunt,
1253 2418 1360 2452 donat
1383 2418 1538 2452 Calvinae

861 2474 916 2507 vel
928 2473 1078 2507 Catienae
1088 2472 1154 2513 ‚Ut
1165 2472 1270 2505 semel
1282 2480 1339 2505 aut
1349 2472 1475 2505 iterum
1487 2485 1536 2506 sa-

862 2526 1026 2572 perillam
1038 2525 1197 2571 palpitet.
1206 2525 1307 2559 »Juv.
1320 2525 1424 2566 111‚13
1433 2525 1538 2558 2.En.

918 2581 951 2613 8.
972 2579 1021 2612 At
1038 2591 1093 2611 sua
1112 2577 1220 2612 codex
1240 2578 1437 2611 Pulmanni.
1461 2578 1535 2611 Non

863 2645 917 2665 suu
937 2631 1005 2665 alii.
1023 2651 1075 2658 —
1094 2631 1197 2665 Haud
1211 2644 1279 2665 sua.
1299 2629 1492 2665 Conducta.

1241 2694 1333 2757 24⁴
