1978 3305
440 242 470 286 Ὀ

478 227 503 270 8
809 222 869 264 Μ.
897 221 1037 263 VAL.
1077 221 1469 264 MARTIALIS

647 309 832 362 Turani,
857 316 980 366 potes
1005 307 1168 350 esurire
1196 322 1383 350 mecum.
1640 323 1661 345 ‹-

648 380 751 423 Non
776 377 960 422 deerunt
984 374 1085 432 tibi,
1107 377 1142 421 si
1166 374 1276 420 soles
1297 375 1521 437 προπίνειν,

647 447 768 491 Viles
794 445 1094 507 Cappadocae,
1117 461 1357 507 gravesque
1381 445 1513 506 porri.

645 518 804 562 Divisis
833 516 1008 576 cybium
1034 516 1184 561 latebit
1211 517 1325 572 ovis;

648 590 839 631 Ponetur
869 586 1012 647 digitis
1036 586 1248 631 tenendus
1273 586 1416 629 unctis

440 755 594 784 coenare,
614 741 738 786 frugali
765 750 800 775 et
823 741 968 786 parabili
996 754 1114 775 mensa

438 803 635 833 contentus.
655 793 709 827 Ad
723 792 896 840 ejusmodi
912 806 1047 828 coenam
1059 795 1115 828 in-

439 851 524 884 vitat
544 848 720 882 Persicum
739 847 938 890 Juvenalis‚
965 848 1035 881 Sat.
1057 860 1115 889 113

439 912 473 938 et
489 901 677 947 Septitium
700 900 835 934 Plinius
847 925 856 941 ‚
874 900 937 933 lib.
953 901 970 932 I
981 925 991 940 ‚
1011 901 1114 945 epist.

444 969 459 989 1
470 956 562 990 5.-
574 955 692 994 Tristi,
711 961 776 987 etc.
794 957 872 988 Non
888 952 984 998 quod
1001 954 1112 986 Tura-

438 1009 519 1043 nius
541 1019 693 1053 pauper3
718 1005 779 1039 sed
808 1004 904 1051 quod
927 1004 1024 1040 domi
1043 1007 1118 1039 sine

439 1060 664 1095 familiarium
689 1059 797 1092 affatu
824 1066 858 1092 et
879 1071 945 1092 usu
959 1083 969 1100 ‚
984 1058 1118 1092 tristius

441 1127 544 1161 quam
557 1114 648 1146 inter
664 1111 797 1146 sodales
807 1119 1007 1145 coenaturus
1017 1119 1117 1145 esset.

498 1180 531 1201 2.
547 1167 681 1200 Esurire
702 1178 828 1198 mecum.
851 1165 928 1198 Hoc
947 1173 1016 1206 est,
1035 1176 1118 1197 con·

442 1228 559 1254 tentus
576 1230 647 1252 esse
667 1218 795 1263 frugali
811 1229 941 1250 mensa.

498 1272 532 1306 3.
552 1272 628 1306 Non
649 1271 791 1303 dederint
813 1272 840 1302 si
856 1270 936 1302 soles
949 1272 1121 1315 propinqui

443 1322 653 1361 Beverlandi
682 1324 759 1357 MS.
790 1325 820 1356 si
845 1322 925 1356 soles
952 1324 1122 1368 propinqui

442 1379 550 1413 habet
582 1377 686 1411 etiam
716 1374 828 1409 codex
858 1375 1014 1409 Heraldi.
1046 1375 1120 1408 Non

445 1433 576 1465 deerunt
595 1430 651 1463 tibi
667 1429 786 1463 sessiles
801 1431 986 1474 propinquae
1002 1428 1121 1474 legen·

445 1484 530 1518 dum
550 1492 667 1518 censet
685 1482 824 1517 Merula
845 1494 886 1515 ex
904 1489 988 1515 vett.
1010 1481 1121 1515 libris.

444 1559 496 1565 -—-
513 1537 552 1570 Si
575 1536 654 1569 soles
687 1535 861 1581 προπίνειν.
888 1536 1123 1581 Apponentur

446 1590 512 1623 tibi
533 1591 566 1621 3..
592 1589 794 1622 libationem
810 1613 819 1629 ,
841 1586 1096 1633 promulsidem
1111 1613 1120 1628 ‚

447 1641 678 1676 antecoenium
692 1667 701 1683 ‚
719 1640 954 1687 gustationem
977 1652 1038 1674 seu
1060 1653 1122 1685 gu-

448 1704 558 1735 stum,
581 1693 624 1728 de
643 1706 716 1739 quo
735 1693 799 1727 lib.
818 1694 870 1734 X,
888 1693 998 1739 epigr.
1016 1705 1098 1727 xxm
1112 1719 1120 1733 ,

447 1762 499 1782 γε.
521 1752 539 1788 4
551 1761 560 1789 ;
573 1748 635 1782 lib.
652 1747 725 1789 XI,
741 1746 850 1792 epigr.
871 1758 971 1781 xxx11
985 1772 994 1789 ‚
1012 1759 1062 1780 vs.
1080 1751 1101 1787 4
1115 1772 1125 1789 ,

450 1811 486 1835 et
518 1801 629 1846 epigr.
661 1811 729 1833 1.111
744 1825 754 1841 ,
778 1812 830 1834 vs.
863 1811 877 1832 1
890 1811 922 1833 1.
952 1799 1123 1844 Πρω-,τίνειν

450 1866 532 1899 ergo
555 1861 607 1886 est
628 1859 839 1899 praegustare
867 1860 949 1885 ante
977 1864 1123 1886 coenam.

449 1908 531 1940 Vox
546 1906 702 1951 πρόπομα
717 1905 846 1939 dicitur
862 1903 905 1938 de
921 1913 1022 1950 gustu
1034 1929 1043 1946 ,
1059 1917 1126 1950 qua

451 1971 538 1993 voce
565 1959 667 1991 etiam
694 1971 763 1991 esca
788 1957 1016 2004 significatur.
1037 1958 1126 1991 Ver·

452 2013 541 2046 bum
572 2011 666 2045 enim
692 2012 826 2056 propino
860 2009 954 2056 apud
983 2010 1127 2044 Latinos

452 2077 526 2099 non
557 2063 601 2097 de
633 2064 777 2109 potione
810 2071 946 2097 tantum
959 2089 968 2104 ,
991 2062 1051 2096 sed
1084 2062 1128 2096 cle

454 2118 534 2151 cibo
548 2117 651 2151 etiam
666 2125 876 2161 usurpatum
890 2116 1040 2161 reperio.
1052 2116 1124 2149 Jul.

455 2170 646 2216 Capitolin.
662 2169 697 2202 in
713 2169 762 2202 M.
780 2168 937 2202 Antonio
950 2195 959 2210 ‚
982 2186 995 2198 u
1011 2169 1128 2202 Vene-

457 2231 573 2256 natam
596 2230 733 2268 partem
746 2222 845 2255 fratri
864 2221 1033 2254 edendam
1051 2235 1131 2267 pro-

457 2276 585 2320 pinans
608 2293 636 2307 ».
655 2276 799 2308 Terent.
813 2274 974 2308 lssunucli.
995 2292 1008 2304 «ι
1026 2275 1130 2307 Hunc

458 2340 521 2374 ego
548 2328 648 2361 vobis
683 2325 942 2361 comedendum
977 2336 1011 2360 et
1037 2326 1130 2360 ‹leri-

458 2379 613 2414 ‹lendum
650 2380 814 2425 propino.
842 2397 855 2409 n
890 2380 935 2413 Et
969 2380 1132 2414 translate

459 2433 611 2478 aliquem
639 2431 826 2466 ridendum
851 2433 925 2466 aliis
945 2433 1132 2479 propinare

458 2485 593 2519 dicunt.
608 2486 722 2518 Placet
732 2485 868 2520 Radero
879 2485 973 2532 quod
989 2487 1132 2520 Bisciola

460 2538 614 2579 notavit3
630 2537 741 2572 credit
756 2540 847 2571 enini
864 2539 1058 2573 Martialem
1075 2552 1133 2573 vo-

459 2592 562 2625 luisse
580 2590 698 2625 dicere
714 2602 721 2623 :
746 2608 760 2621 ι
777 2591 854 2625 Νοιι
876 2591 1028 2626 dcerunt
1045 2592 1106 2626 tibi
1122 2618 1130 2631 ‚

460 2645 486 2679 si
504 2645 598 2679 voles
616 2645 801 2689 προπίνειν,
817 2645 902 2678 viles
918 2645 1025 2690 Cnpp.
1038 2663 1050 2674 n
1066 2654 1131 2678 etc.

1174 743 1264 776 Nam
1276 767 1285 782 ‚
1312 740 1445 786 inquit,
1472 741 1642 785 propinare
1656 766 1665 779 ,
1697 751 1769 773 non
1804 738 1849 772 de

1175 795 1255 827 cibo
1282 793 1415 827 dicitur
1427 819 1436 834 ,
1469 791 1528 826 sed
1556 791 1599 825 de
1627 800 1726 838 potu.
1756 793 1849 826 Prae-

1174 855 1268 881 terea
1299 847 1377 892 quis
1410 843 1499 880 vidit
1534 857 1691 890 unquam
1724 845 1851 879 herhas

1174 899 1381 946 propinari,
1407 906 1442 932 et
1461 898 1499 932 in
1519 898 1697 944 principio
1716 897 1850 932 coeuae?

1176 952 1285 994 Quasi
1306 951 1400 985 dicat
1417 963 1426 985 :
1446 951 1527 984 Non
1547 950 1710 985 defutura
1727 951 1779 984 illi
1794 963 1851 997 ge-

1175 1017 1258 1039 nera
1272 1005 1436 1039 ciborum
1447 1029 1456 1044 ,
1474 1016 1551 1050 quae
1565 1004 1593 1037 si
1607 1004 1712 1038 vellet
1730 1004 1852 1038 hibere

1175 1058 1352 1092 Turanius
1365 1083 1375 1099 ‚
1392 1055 1606 1091 desiderium
1630 1065 1772 1103 possent
1792 1069 1852 1090 ex-

1176 1111 1283 1145 citare
1303 1109 1449 1144 bibendi
1465 1121 1473 1144 :
1489 1108 1666 1156 hodieque
1685 1122 1795 1156 quum
1810 1108 1855 1144 ad

1176 1162 1370 1198 hibendum
1397 1162 1585 1197 invitamus
1597 1189 1606 1204 ,
1628 1161 1667 1196 id
1685 1162 1830 1197 facimus
1843 1187 1853 1203 ,

1177 1217 1277 1251 olivis
1293 1241 1302 1258 ,
1318 1215 1434 1262 porris
1447 1242 1457 1259 ‚
1471 1224 1536 1250 etc.
1552 1215 1689 1250 Merula
1707 1227 1790 1249 vero
1805 1215 1855 1249 le·

1177 1269 1331 1316 gendum
1353 1277 1469 1303 censet
1482 1294 1492 1311 ,
1508 1269 1638 1303 Sessiles
1650 1270 1853 1315 propinquae,

1178 1322 1217 1356 id
1233 1330 1284 1357 est
1295 1348 1304 1364 ‚
1323 1323 1466 1356 lactucae
1484 1321 1644 1367 vulgares
1662 1322 1699 1355 in
1714 1321 1857 1355 urbanis

1178 1376 1291 1410 hortis
1311 1387 1424 1421 usque
1439 1375 1570 1416 obviae,
1590 1374 1635 1408 de
1650 1374 1777 1421 quibus
1793 1375 1854 1407 lib.

1180 1430 1234 1462 III
1243 1455 1253 1471 ‚
1268 1428 1377 1474 epigr.
1388 1440 1498 1461 xrvn.
1515 1428 1650 1461 Plinius
1661 1453 1670 1469 ‚
1681 1428 1744 1461 lib.
1756 1427 1857 1467 XIX,

1180 1494 1256 1527 cap.
1278 1493 1298 1526 7
1314 1506 1323 1523 ,
1342 1481 1423 1514 facit
1437 1481 1655 1515 mentionem
1672 1478 1857 1526 Cappado-

1180 1547 1313 1568 carum.
1327 1551 1340 1564 α
1349 1533 1597 1579 Diligentiores
1607 1560 1616 1575 ,
1626 1536 1740 1580 inquit,
1758 1533 1857 1579 plura

1180 1599 1306 1633 genera
1315 1584 1556 1628 (lactucarum)
1568 1587 1715 1627 faciunt,
1725 1598 1859 1632 purpu-

1180 1653 1267 1681 reas,
1279 1639 1423 1684 crispas,
1437 1638 1678 1686 Cappadocas,
1688 1639 1857 1673 Graecas.»

1238 1698 1270 1734 4.
1292 1693 1381 1726 Viles
1396 1692 1609 1738 Cappadocae.
1622 1693 1651 1726 I.
1666 1704 1697 1726 e.
1712 1693 1856 1726 lactucae

1183 1744 1402 1792 Cappadocae
1417 1758 1427 1787 ;
1445 1746 1509 1779 lib.
1525 1746 1616 1779 XIII
1629 1770 1638 1787 ,
1657 1745 1769 1791 epigr.
1784 1756 1858 1778 nv.

1182 1819 1236 1829 -.
1256 1799 1377 1834 Graves
1392 1801 1494 1844 porri.
1512 1797 1704 1832 Odorene?
1721 1810 1764 1831 an
1781 1809 1859 1843 gra-

1183 1864 1244 1886 ves
1261 1851 1442 1886 stomacho
1458 1877 1468 1893 ,
1484 1851 1610 1897 capiti,
1626 1851 1736 1885 oculis
1750 1850 1765 1884 ?

1241 1904 1274 1939 5.
1288 1905 1339 1938 Et
1350 1904 1433 1938 dives
1449 1905 1607 1950 Syn-ibium
1627 1904 1663 1937 in
1684 1902 1762 1937 cod.
1780 1902 1861 1936 Flo-

1185 1965 1276 1991 rent.
1297 1958 1416 1990 Divisis
1434 1957 1546 1990 cibium
1567 1956 1647 1990 Ald.
1669 1957 1690 1990 J
1695 1963 1771 1990 unt.
1791 1956 1860 1990 Co-

1185 2011 1252 2044 lin.
1267 2009 1310 2043 al.
1328 2031 1379 2036 -
1389 2011 1511 2044 Divisis
1526 2010 1647 2057 cybium
1662 2009 1771 2042 latebit
1784 2011 1859 2041 ovis.

1186 2063 1294 2097 Piscis
1314 2075 1332 2096 e
1353 2061 1571 2096 Pelamidum
1588 2074 1714 2108 genere
1731 2061 1862 2096 concisi

1187 2116 1224 2149 in
1242 2116 1349 2149 frusta
1362 2141 1371 2156 ‚
1386 2117 1460 2150 ovis
1472 2116 1584 2161 ruptis
1601 2116 1690 2148 frixa
1709 2123 1743 2148 et
1757 2122 1859 2147 tecta.

1188 2169 1345 2209 Plinius,
1364 2169 1423 2202 lib.
1449 2169 1612 2210 XXXII,
1629 2180 1704 2213 cap.
1730 2179 1770 2201 21
1787 2192 1798 2207 ‚
1828 2174 1862 2199 et

1189 2221 1396 2260 Athenaeus,
1422 2221 1482 2254 lib.
1504 2222 1576 2260 111,
1601 2233 1674 2266 cap.
1694 2223 1754 2254 52.

1245 2277 1280 2308 (5.
1309 2275 1451 2307 Ponetur
1478 2274 1588 2319 digitis
1613 2274 1760 2306 tenendus
1786 2274 1862 2305 ustis

1191 2326 1247 2361 ed.
1264 2327 1372 2372 antiq.
1390 2327 1525 2360 Feri-ar.
1548 2327 1630 2360 anni
1657 2338 1670 2359 1
1682 2330 1767 2371 471.
1780 2323 1862 2359 Ald.

1190 2381 1288 2413 Junt.
1321 2380 1436 2414 Colin.
1466 2379 1604 2425 Gryph.
1630 2379 1772 2413 Gruter.
1795 2385 1863 2412 etc.

1192 2436 1290 2467 unctis
1301 2432 1450 2466 debetur
1463 2432 1593 2478 Lipsio,
1607 2431 1718 2478 Epist.
1733 2431 1863 2474 Quaest.

1191 2488 1207 2520 Ι
1223 2513 1232 2527 ,
1257 2485 1287 2519 5.
1308 2486 1362 2520 Cf.
1384 2486 1479 2519 Pers.
1501 2486 1655 2524 Sat.vl‚
1679 2496 1725 2530 7⁰
1741 2496 1750 2525 ;
1769 2483 1863 2517 Flor.

1192 2540 1226 2573 ll
1241 2566 1250 2582 ,
1272 2539 1342 2573 Sat.
1364 2550 1430 2580 ιιι,
1454 2538 1520 2572 125
1535 2551 1544 2579 ς
1559 2546 1594 2573 et
1613 2537 1775 2571 Juvenal.
1792 2537 1862 2571 Sat.

1192 2605 1227 2633 v,
1248 2593 1308 2637 87.
1327 2594 1407 2625 Ant.
1425 2592 1464 2624 de
1483 2592 1574 2637 Rooy
1590 2591 1746 2624 tentabat
1771 2589 1860 2628 udis,

1193 2647 1234 2679 ab
1250 2645 1398 2679 humore
1411 2657 1456 2678 sc.
1471 2644 1530 2689 qui
1547 2642 1695 2678 succidis
1706 2643 1863 2677 caulibus
