1978 3305
383 198 483 254 664
517 201 578 244 M.
593 201 727 245 VAL.
751 202 1076 247 MARTIALIS
1100 205 1438 249 EPIGRAMM.
1463 206 1570 248 LIB.
1593 207 1671 248 XI.

978 338 1187 395 CVII.

829 493 898 521 AD
936 493 1345 523 SEPTICJANURL

448 614 750 658 EXPLIClTUM
773 614 899 658 nobis
924 631 1061 676 usque
1085 616 1140 660 ad
1164 632 1241 660 sua
1264 632 1429 660 cornua
1453 615 1613 660 librum
1628 651 1640 671 ‚

518 685 577 727 Et
596 685 719 744 quasi
742 684 982 745 perlectum
995 721 1007 741 ‚
1034 687 1280 748 Septiciane
1295 722 1307 743 ‚
1328 686 1476 731 refers.

449 754 610 797 Omnia
629 753 767 815 legisti
788 772 796 798 ε
821 755 975 812 credo,
1000 757 1114 813 scio,
1141 756 1309 818 gaudeo
1325 792 1336 813 ,
1362 773 1515 800 verum
1538 766 1613 800 est.

518 823 687 885 Perlegi
710 824 842 869 libros
868 827 928 869 sic
951 842 1032 887 ego
1057 828 1248 888 quinque
1272 837 1381 871 tuos.

436 973 468 995 1.
483 962 693 1007 Explicitum.
707 965 877 1010 Apertum
896 983 909 995 α
924 964 967 998 ad
981 978 1053 999 cor-

378 1026 449 1048 nua
464 1031 477 1044 ιι
510 1015 579 1048 hoc
606 1025 656 1050 est
672 1041 682 1057 ‚
708 1016 752 1050 ad
773 1025 923 1050 extrema
945 1019 1054 1063 usqu'e

376 1067 483 1100 verba
501 1079 509 1101 t
527 1066 572 1101 de
602 1069 769 1103 cornibus
806 1070 933 1115 quibus
971 1071 1053 1104 libri

378 1120 606 1162 ornabantur,
622 1121 694 1156 vid.
717 1130 834 1155 notata
866 1122 909 1156 ad
932 1123 992 1156 lib.
1016 1125 1052 1165 I,

379 1173 489 1218 epigr.
508 1186 620 1207 van.

433 1237 466 1259 2.
476 1227 614 1269 Persect.
628 1226 708 1260 edd.
720 1235 803 1261 vett.
818 1228 936 1261 Minus
952 1229 1053 1262 bene.

377 1278 509 1312 Caetera
522 1279 616 1313 nulla
631 1289 681 1314 est
697 1280 842 1314 varietas
858 1281 1054 1326 scripturae.

1167 971 1202 1006 4.
1225 966 1280 1000 Sic
1298 979 1367 1010 ego.
1384 965 1546 1011 Explicui
1567 977 1694 1010 nempe
1715 974 1793 998 tuos

1112 1018 1241 1061 libros,
1259 1027 1294 1052 et
1319 1031 1443 1052 rursus
1470 1017 1605 1051 involvi
1628 1017 1726 1063 quasi
1746 1017 1796 1050 le-

1113 1071 1243 1116 gerim3
1280 1084 1395 1116 neque
1432 1083 1513 1104 sane
1549 1071 1627 1115 legi.
1672 1070 1795 1103 Innuit

1114 1136 1241 1169 nempe
1256 1133 1381 1157 notum
1397 1124 1528 1169 optime
1546 1123 1631 1164 sibi,
1648 1122 1795 1156 minime

1115 1189 1133 1210 a
1147 1177 1345 1222 Septiciano
1361 1177 1608 1222 epigrammata
1624 1188 1686 1209 sua
1707 1176 1795 1210 lecta

1115 1242 1202 1269 esse,
1228 1230 1288 1275 qui
1311 1237 1422 1275 poetae
1445 1238 1559 1262 tamen
1581 1241 1716 1262 morem
1740 1240 1796 1273 ge-

1115 1294 1196 1315 rens
1214 1283 1354 1316 volebat
1367 1282 1489 1328 legisse
1503 1281 1628 1316 videri.

980 1414 1207 1472 CVIII.

873 1570 941 1599 AD
981 1571 1296 1601 LECTOREM.

449 1696 676 1752 QUAmvis
699 1705 786 1738 tam
813 1694 944 1756 longo
970 1697 1108 1757 possis
1133 1707 1252 1740 satur
1275 1713 1367 1740 esse
1394 1695 1537 1740 libello
1553 1731 1564 1750 ,

522 1766 708 1821 Lector;
730 1765 874 1809 adhuc
901 1782 925 1809 a
948 1783 1017 1810 me
1037 1767 1223 1811 disticha
1245 1783 1384 1829 pauca
1412 1768 1534 1828 petis.

448 1835 533 1879 Sed
560 1837 711 1896 Lupus
736 1852 913 1880 usuram
930 1873 941 1893 ‚
964 1839 1176 1898 puerique
1201 1838 1335 1881 diaria
1361 1847 1559 1898 poscunt.

517 1908 704 1962 Lector,
731 1905 849 1951 solve
872 1924 880 1950 ε
903 1917 1045 1965 taces,
1071 1907 1427 1970 dissimulasque?
1451 1906 1557 1951 vale.

439 2056 471 2078 1.
493 2044 568 2077 Jam
588 2043 643 2078 ed.
663 2045 767 2078 Barb.
788 2054 822 2079 et
840 2046 925 2081 alios
941 2047 989 2080 sic
1011 2047 1058 2081 le-

381 2108 462 2142 gere
480 2097 615 2131 notavit
636 2098 784 2132 Farnab.

435 2149 472 2184 3.
488 2151 618 2183 Diaria.
633 2150 708 2184 Hoc
722 2160 773 2185 est
783 2177 792 2193 ‚
809 2151 1057 2197 quotidianum

381 2202 511 2237 victum
530 2211 656 2248 petunt
675 2204 779 2238 servi.
795 2204 921 2238 Editur
940 2207 976 2238 in
997 2219 1058 2251 pu·

380 2255 512 2289 blicum
533 2257 636 2298 liber,
653 2258 752 2303 cujus
772 2258 882 2303 empti
904 2259 1056 2303 pretium

381 2316 419 2341 tu
438 2317 577 2354 emptor
595 2319 780 2356 promptus
798 2311 885 2345 mihi
905 2310 976 2345 des.

1171 2052 1205 2088 4.
1227 2047 1336 2081 Solve.
1366 2045 1407 2079 Id
1437 2054 1488 2079 est
1515 2045 1674 2079 libellum
1694 2057 1768 2079 eme
1784 2071 1793 2086 ,

1117 2109 1151 2134 et
1178 2100 1361 2146 pecuniam
1380 2098 1444 2139 da,
1469 2111 1536 2144 qua
1560 2106 1594 2131 et
1615 2098 1668 2132 his
1694 2099 1795 2132 obso-

1117 2154 1174 2186 nia
1198 2162 1232 2187 et
1251 2154 1353 2198 Lupo
1379 2164 1520 2186 usuram
1540 2151 1674 2185 solvere
1693 2151 1795 2185 suffi-

1116 2206 1218 2239 ciam.
1231 2204 1316 2239 Vid.
1333 2213 1408 2239 not.
1428 2217 1531 2251 supra
1556 2209 1678 2237 En.—
1696 2204 1791 2237 Vale.

1118 2259 1236 2300 Quum
1253 2271 1376 2292 avarus
1397 2258 1506 2303 fingas
1523 2267 1556 2292 te
1572 2269 1642 2290 non
1665 2257 1793 2290 intelli-

1116 2325 1214 2357 gere,
1233 2310 1321 2358 quid
1339 2323 1459 2357 rogem
1482 2319 1516 2345 et
1534 2310 1620 2344 mihi
1643 2310 1759 2343 velim.
