1978 3305
476 248 571 305 544

854 249 915 290 Μ.
940 248 1078 290 VAL.
1120 247 1491 292 MARTIALIS

542 338 662 381 Scire
687 336 808 396 cupis
828 351 915 395 quo
939 342 1056 378 casta
1080 333 1212 376 modo
1235 343 1435 377 matrona
1459 332 1674 395 loquaris:

611 404 837 466 Numquid
859 420 995 465 quum
1018 404 1174 448 crissas
1189 438 1200 459 ,
1224 402 1424 448 blandior
1448 420 1540 448 esse
1564 404 1721 465 potes?
1844 431 1877 446 m

540 479 606 521 Tu
625 476 726 520 licet
749 475 912 519 ediscas
933 483 1093 531 totam,
1114 473 1362 535 referasque
1384 475 1630 519 Corinthon
1646 510 1659 531 ‚

610 549 710 591 Non
733 555 880 589 tamen
904 545 1103 600 omnino,
1132 543 1288 601 Laelia,
1313 545 1414 589 Lais
1438 545 1533 589 eris.

524 677 558 709 9.
579 665 744 710 Loquaris.
758 662 827 696 Pro
839 663 986 707 loqueris.
1005 662 1047 694 In
1066 661 1144 708 qui-

471 717 617 753 busdam
637 715 718 749 edd.
738 715 895 761 loquatur.

529 784 582 804 ιο.
606 769 742 809 Crissas,
766 776 832 802 etc.
854 767 1030 812 Κιγκλίζῃ,
1047 765 1142 812 quod

472 825 507 858 in
529 822 682 856 maribus
702 834 804 854 cevere
825 819 966 854 dicitur.

522 889 535 910 1
547 889 571 911 1.
589 875 773 909 Corinthon.
787 874 960 919 Linguam
974 884 1117 918 graecam
1131 883 1139 906 ε

471 930 526 964 vel
540 929 650 974 magis
661 927 804 974 proprie
820 925 1007 960 blanditias
1021 933 1054 958 et
1069 937 1142 958 ser-

470 995 590 1016 mones
601 993 751 1027 nequam
765 979 928 1014 Corinthi
938 991 947 1020 ;
958 990 1025 1023 qua
1038 978 1073 1010 in
1086 990 1143 1010 ur-

468 1038 528 1075 be,
545 1035 690 1069 Graeciae
705 1042 739 1066 et
754 1032 946 1066 insularum
964 1030 1141 1076 emporio,

468 1098 503 1123 et
523 1089 570 1123 ob
588 1086 625 1121 id
642 1086 773 1120 divitiis
793 1094 827 1119 et
843 1083 976 1118 deliciis
996 1083 1143 1117 asiaticis

468 1143 560 1176 ultra
579 1153 684 1186 quam
701 1152 766 1185 par
787 1146 838 1172 est
857 1136 1040 1176 affluente,
1061 1136 1142 1182 pul—

468 1194 720 1229 cherrimarum
733 1190 972 1224 meretricium
986 1189 1143 1222 multitu-

469 1248 588 1282 dinem
605 1245 774 1279 exstitisse
791 1256 912 1277 omnes
928 1243 1055 1277 sciunt.
1066 1243 1141 1275 Un-

467 1301 511 1334 de
529 1298 761 1333 Horatianum
777 1296 886 1330 illud:
909 1296 1011 1329 «Non
1030 1295 1140 1329 cuivis

466 1353 606 1388 homini
619 1349 892 1396 contingitadire
900 1348 1117 1383 Corinthum
1128 1373 1138 1389 ‚

467 1416 555 1441 etc.»
575 1404 660 1439 Vid.
677 1405 738 1439 lib.
751 1404 827 1449 huj.
847 1402 956 1449 epigr.
975 1414 1052 1436 ην.
1071 1402 1138 1436 En.

1260 673 1272 694 1
1285 673 1316 694 2.
1336 662 1424 695 Lais.
1444 662 1486 695 In
1513 659 1595 695 edd.
1626 669 1712 696 vett.
1745 663 1843 696 Thais
1861 677 1874 697 .-

1201 712 1263 747 sed
1291 714 1466 748 Gruterus
1487 713 1625 760 legend.
1644 723 1760 748 censet
1773 716 1851 749 Lais
1863 743 1872 754 ‚

1201 764 1297 812 quod
1326 767 1454 813 probat
1487 766 1628 801 SchreV.
1652 789 1704 794 —
1722 768 1871 806 Merito,

1202 818 1376 866 siquidem
1395 828 1474 854 nata
1494 820 1640 854 Athenis
1659 820 1765 854 Thais
1785 829 1819 854 et
1838 821 1875 854 in

1201 873 1280 906 Asia
1293 885 1372 906 cum
1387 872 1586 907 Alexandro
1596 897 1606 914 ‚
1627 881 1662 906 et
1676 874 1713 906 in
1723 875 1875 920 AEgypto

1201 937 1283 958 cum
1311 924 1499 959 Ptolemaeo
1526 925 1648 959 Sotere
1668 925 1784 972 degit,
1805 927 1876 960 Co-

1200 977 1311 1011 rinthi
1329 990 1521 1024 nunquam.
1533 979 1600 1012 En.
1611 999 1664 1005 ·-—-
1675 979 1750 1012 Non
1773 986 1876 1012 tamen

1201 1033 1347 1071 omnino,
1375 1039 1441 1064 etc.
1468 1031 1659 1077 Nunquam
1689 1039 1804 1065 tamen
1835 1044 1875 1065 ex

1201 1082 1351 1117 deformi
1371 1092 1406 1118 et
1431 1083 1556 1117 clauda
1582 1084 1686 1118 Laelia
1712 1084 1774 1117 fies
1797 1085 1876 1130 pul-

1201 1136 1284 1170 chra
1297 1144 1331 1170 et
1347 1137 1484 1182 elegans
1497 1137 1594 1179 Lais;
1611 1137 1691 1171 Lais
1704 1136 1797 1170 enim
1812 1137 1877 1170 Co-

1200 1189 1310 1223 rinthi
1347 1188 1492 1223 domum
1521 1189 1683 1224 habebat.
1717 1211 1761 1216 --
1782 1191 1876 1224 Acu-¹

1200 1251 1273 1276 tum
1293 1241 1463 1289 quiddam
1481 1243 1518 1275 in
1541 1246 1678 1281 omnino,
1702 1243 1799 1288 quasi
1822 1242 1875 1276 di-

1200 1304 1294 1329 ceret
1312 1308 1320 1329 :
1342 1295 1497 1329 Lascivia
1518 1295 1659 1341 quidem
1681 1296 1759 1329 Lais
1780 1295 1848 1330 eris
1865 1321 1875 1336 ‚

1199 1347 1259 1382 sed
1277 1361 1349 1381 non
1370 1348 1633 1394 pulchritudine
1657 1348 1814 1394 corporis
1842 1357 1877 1382 et

1201 1401 1323 1435 fortnae
1341 1409 1534 1436 venustate.
1548 1402 1618 1435 En.

1050 1534 1286 1590 LXIX.

1021 1671 1088 1699 DE
1127 1671 1324 1700 POLLA.

535 1769 778 1811 Cnsromzs
805 1763 881 1807 das
899 1798 910 1819 ,
937 1760 1083 1817 Polla,
1105 1763 1230 1824 yir03
1258 1779 1346 1806 non
1373 1762 1531 1823 accipis
1559 1764 1663 1825 ipsa.

609 1839 702 1880 Hoc
732 1844 797 1879 est
825 1850 1004 1877 uxorem
1040 1832 1225 1886 ducere,
1251 1831 1396 1887 Polla,
1428 1834 1584 1877 virum.

527 1961 556 1981 1.
579 1947 652 1980 Non
671 1957 738 1991 pro
758 1957 811 1976 nec
829 1943 933 1976 habet
956 1941 1034 1975 cod.
1058 1942 1142 1975 Pul-

467 2014 584 2034 mann.
598 2020 633 2026 -—-
653 1996 924 2032 Custodes.Vir0s
940 2007 1067 2042 nempe
1082 1995 1142 2041 qui

468 2067 547 2088 eum
564 2060 753 2099 sequantur
773 2059 805 2083 et
822 2047 994 2095 quidquid
1012 2048 1080 2093 agit
1096 2048 1144 2081 vi-

468 2107 590 2147 deant,
602 2105 644 2139 ad
658 2104 835 2138 dominam
850 2114 975 2147 nempe
990 2101 1144 2134 relaturi.

469 2161 636 2195 solebant
652 2159 772 2191 Romae
796 2154 911 2188 mariti
927 2155 1009 2188 tales
1026 2154 1143 2199 impo-

469 2227 552 2248 nere
562 2211 767 2258 conjugibus
779 2207 1112 2242 suis.Ovid.Amor.
1134 2218 1142 2239 :

475 2285 487 2298 α
506 2269 600 2300 Dure
615 2265 668 2298 vir
682 2262 846 2309 imposito
858 2269 984 2295 tenerae
1000 2258 1144 2294 custode

468 2320 603 2367 puellae.
615 2318 759 2350 n—Das
776 2316 883 2349 Polla.
903 2314 980 2348 Alia
998 2325 1079 2347 sane
1095 2321 1146 2347 est

468 2387 488 2408 a
512 2373 607 2407 Polla
630 2368 833 2416 Argentaria
855 2380 964 2401 uxore
989 2366 1145 2405 Lucani,

472 2426 516 2459 de
539 2438 606 2472 qua
631 2424 740 2470 epigr.
766 2433 847 2456 thv
871 2433 987 2466 supra.
1007 2420 1144 2453 —Non

471 2481 594 2524 accipis.
614 2477 717 2511 Etita
733 2474 937 2522 promissam
959 2473 1087 2507 marito
1107 2473 1145 2505 fi-

472 2531 550 2566 dem
574 2531 691 2564 violas.
707 2552 758 2556 -—
772 2530 824 2561 An
845 2527 971 2562 violet,
994 2538 1057 2559 nec
1073 2525 1144 2559 scio

469 2597 533 2619 nec
545 2585 698 2621 interest;
711 2583 768 2616 hic
782 2581 876 2615 enim
888 2580 1018 2613 Noster
1029 2580 1141 2613 virum

471 2635 699 2683 reprehendit
731 2634 847 2681 pusilli
886 2642 918 2666 et
954 2632 1142 2678 mancipati

472 2691 574 2725 animi
589 2717 596 2729 ‚
615 2689 776 2723 feminam
797 2685 983 2732 superbiae,
997 2685 1144 2719 lasciviae

1202 1950 1389 1983 neutrum3
1415 1951 1448 1976 et
1471 1954 1618 1976 acumen
1645 1955 1749 1977 omne
1775 1943 1810 1976 in
1835 1955 1876 1977 eo

1202 1994 1297 2041 quod
1319 1994 1465 2029 ductum
1486 2008 1504 2029 a
1524 1996 1670 2029 muliere
1694 1995 1807 2029 virum
1826 1995 1878 2031 di-

1203 2057 1281 2090 cat,
1308 2061 1419 2094 quum
1449 2049 1633 2094 proprium
1657 2049 1723 2082 viri
1748 2049 1793 2082 sit
1815 2049 1876 2082 du-

1204 2115 1270 2133 cere
1289 2114 1300 2134 .·
1321 2101 1369 2135 sic
1388 2101 1560 2137 libXIII,
1579 2102 1781 2148 epigramm.
1801 2113 1875 2136 xu:

1209 2154 1342 2187 «Uxori
1358 2154 1440 2187 nolo
1453 2155 1603 2196 nubere,
1615 2155 1728 2193 Paule,
1747 2167 1843 2188 meae.
1858 2173 1870 2184 »-

1204 2207 1247 2240 Et
1270 2207 1304 2239 in
1333 2206 1393 2240 lib.
1418 2208 1455 2248 I,
1477 2208 1585 2253 epigr.
1608 2221 1696 2249 xxv,
1719 2207 1876 2242 vitiosius

1204 2258 1371 2305 quiddam
1386 2260 1552 2294 innuens:
1568 2278 1580 2290 ι
1596 2261 1730 2307 Aspicis
1740 2261 1876 2295 incom-

1204 2313 1273 2358 ptis
1287 2313 1383 2346 illum
1393 2339 1402 2354 ‚
1410 2314 1573 2355 Deciane,
1583 2314 1715 2360 capillis
1726 2314 1772 2348 l...
1782 2314 1879 2348 Noli·

1205 2374 1240 2398 to
1257 2366 1363 2399 fronti
1380 2365 1520 2400 credere
1531 2393 1539 2407 ,
1553 2367 1672 2413 nupsit
1682 2367 1793 2401 heri.»
1809 2367 1875 2400 En.

1261 2432 1291 2453 α.
1312 2420 1385 2452 Hoc
1403 2428 1449 2452 est
1472 2433 1609 2453 uxorem.
1631 2421 1706 2454 Hoc
1731 2433 1802 2453 non
1825 2428 1877 2454 est

1205 2473 1336 2506 nubere¹
1355 2473 1431 2506 viro
1443 2498 1451 2513 ,
1469 2472 1527 2506 sed
1548 2475 1664 2519 potius
1681 2473 1794 2507 virum
1811 2485 1876 2506 nu-

1203 2527 1285 2559 bere
1306 2526 1426 2565 uxori,
1446 2539 1504 2559 seu
1522 2527 1662 2560 servire.
1684 2526 1876 2572 Amphibo·

1204 2579 1291 2624 logia
1309 2591 1390 2612 vero
1402 2605 1412 2619 ,
1427 2579 1481 2611 vel
1495 2580 1693 2624 proximum
1710 2577 1877 2625 quiddam

1204 2631 1472 2677 amphibologiae
1506 2633 1624 2677 plu-asi
1662 2633 1750 2666 inest
1772 2656 1782 2672 ‚
1816 2630 1876 2665 sed

1205 2685 1306 2719 facile
1322 2685 1533 2719 extricabile.
