1978 3305
407 224 504 281 654

779 229 840 271 M.
868 228 1007 272 VAL.
1047 230 1436 274 MARTIALIS

548 313 736 357 Paedicas
757 330 963 374 puerum,
986 331 1119 375 verpe
1143 325 1295 376 poeta,
1321 332 1482 359 meum.

476 385 589 426 Ecce
614 399 766 443 negas,
786 384 993 444 jurasque
1017 385 1121 428 mihi
1149 402 1226 446 per
1248 385 1411 446 templa
1431 389 1656 431 Tonantis.

461 501 492 533 7,
509 490 543 522 8.
560 489 642 521 Ecce
659 501 767 533 negas,
785 497 849 522 etc.
868 489 945 523 Erit
962 490 1081 536 itaque

407 541 465 574 hic
482 550 595 586 poetae
614 553 745 574 sensus.
767 541 847 575 Scio
863 554 926 587 ego
946 555 1007 575 vos
1023 544 1082 576 Ju-

407 593 499 627 daeos
515 594 801 640 projectissimam
819 607 892 628 esse
908 594 952 628 ad
968 595 1082 629 libidi-

408 659 487 680 nem
504 655 662 692 gentem,
677 655 717 680 ut
731 655 771 680 ut
785 647 971 693 religione,
987 660 1081 681 coin-

409 700 538 733 mercio
549 726 558 740 ‚
578 699 703 732 officiis
714 726 723 741 ,
739 708 773 734 et
791 701 983 734 concubitu
1001 701 1083 734 alie-

408 765 537 786 norum
566 752 738 785 abstinere
769 753 957 798 professam
982 766 990 787 ε
1012 754 1083 788 scio

409 804 530 839 itidem
553 804 647 850 apud
664 818 726 839 vos
745 806 893 852 profana
914 818 986 840 esse
1007 819 1082 840 om-

409 859 483 899 nia,
497 871 574 904 quae
593 857 686 904 apud
701 870 765 892 nos
777 871 891 892 sacra:
906 860 976 893 scio
990 859 1083 905 apud

408 924 469 945 vos
498 911 590 957 ipsos
615 910 718 944 fidem
750 924 822 945 esse
847 912 1056 946 obstinatam
1072 939 1081 953 ‚

409 963 572 998 adversus
598 964 682 997 alios
711 965 836 998 levem.
863 964 942 998 Seio
972 965 1084 998 nihilo

409 1030 471 1051 vos
483 1017 581 1063 prius
593 1017 703 1050 imbui
715 1043 723 1056 ‚
739 1029 843 1063 quam
860 1025 1084 1052 contemnere

408 1070 493 1104 deos
504 1070 650 1109 alienos,
663 1078 818 1103 vestrum
833 1071 945 1103 solum
957 1071 1083 1112 colere,

411 1123 536 1162 vereri..
550 1124 722 1168 respicere
732 1151 739 1161 ,
752 1124 933 1157 etc.Tacit.
951 1123 1082 1158 Histor.

410 1177 607 1222 lib.V‚cap.
622 1175 655 1209 5.
668 1175 847 1216 Quoniam
858 1176 974 1221 itaque
983 1185 1018 1210 te.
1029 1189 1084 1210 su-

410 1238 568 1275 spectum
583 1229 696 1261 habeo
712 1241 779 1273 pro
797 1230 970 1262 scarabaeo
983 1255 991 1270 ,
1008 1243 1085 1263 καν-

408 1284 490 1327 θάρῳ
515 1285 651 1314 τοιαῦτα
673 1278 869 1322 κυλίνδον-ει,
890 1295 963 1315 non
980 1281 1086 1316 credo

411 1336 474 1368 tibi
500 1334 639 1379 neganti
658 1347 720 1379 per
741 1334 930 1380 Templum
948 1337 1083 1381 jurato,

410 1397 447 1421 ut
481 1388 540 1433 qui
572 1387 666 1420 nulla
690 1395 724 1420 te
750 1387 808 1421 hic
834 1388 1003 1433 religione
1027 1397 1086 1422 aut

409 1440 552 1486 perjurii
568 1453 668 1486 poena
688 1440 800 1473 teneri
818 1449 919 1486 putes
935 1451 942 1473 :
962 1453 1084 1474 verum

408 1493 510 1539 adigo
523 1501 557 1526 te
573 1493 616 1526 ad
633 1495 874 1539 juramentum
895 1507 957 1539 per
972 1495 1083 1527 Deum

408 1555 561 1581 vestrum
574 1572 583 1585 ,
600 1559 665 1591 per
681 1559 783 1591 quein
798 1548 916 1591 jurato
934 1547 996 1580 tibi
1012 1560 1085 1581 cre-

411 1600 503 1634 dam.
526 1600 659 1633 clariss.
683 1600 836 1633 Seldenus
860 1600 893 1632 in
916 1600 1084 1646 Prolego·

408 1653 520 1687 menis
543 1652 585 1686 ad
607 1653 850 1698 pernitissimae
876 1652 1086 1687 eruditionis

409 1707 642 1752 opusculum,
667 1707 716 1738 De
738 1706 1007 1746 Successc'onibus,
1031 1720 1085 1739 seu

409 1761 487 1793 Jure
507 1759 709 1792 lzoereditario
729 1759 937 1792 Hebraeorum
951 1787 960 1800 ‚
982 1759 1086 1793 etiam

409 1812 524 1846 tendit
552 1813 697 1845 ulterius
711 1835 719 1850 ,
754 1821 967 1859 conceptum
1001 1813 1086 1847 scri—

409 1875 580 1913 ptumque
597 1877 614 1898 a
635 1873 735 1910 poeta
753 1878 891 1899 versum
909 1866 1006 1899 hunc
1024 1878 1085 1899 au-

411 1929 548 1953 tumans
565 1917 608 1951 ad
627 1918 723 1952 hunc
739 1918 883 1951 modum
902 1931 910 1952 :
928 1919 1004 1952 Non
1019 1933 1086 1951 cre-

411 1973 452 2005 do
463 1986 474 2011 ,·
488 1974 562 2018 jura
574 1999 583 2012 ,
604 1985 696 2017 verpe
711 1998 718 2010 ,
739 1973 853 2016 iperum
873 1972 1018 2004 cltiolum.
1037 1973 1087 2005 Ut

413 2026 544 2070 integra
567 2025 611 2057 sit
636 2025 825 2069 juramenti
851 2025 1012 2058 formula.
1035 2046 1087 2051 --

415 2080 517 2124 I'erpe
528 2092 587 2124 pet·
605 2079 808 2111 Anchialum.
825 2078 892 2111 Hic
911 2077 1009 2111 locus
1024 2078 1086 2110 mi-

410 2145 490 2166 rum
509 2133 543 2165 in
563 2130 710 2164 moduni
733 2140 876 2165 vexatus
897 2140 947 2164 est
966 2143 983 2163 a
1004 2131 1087 2164 viris

410 2185 522 2218 doctis
537 2184 687 2218 Seldeno
698 2211 706 2225 ,
727 2185 851 2218 Vossio
865 2210 874 2223 ,
894 2183 1009 2217 Petito
1021 2209 1030 2224 ,
1053 2192 1087 2217 et

410 2239 485 2272 aliis
503 2250 606 2284 quani
624 2237 796 2282 plurimis.
820 2238 892 2271 Nec
912 2246 1026 2270 tamen
1043 2236 1087 2270 de

412 2304 516 2326 sensu
551 2291 751 2336 ambigitur.
785 2289 968 2335 Quidquid
994 2291 1088 2324 enim

411 2345 592 2391 scripturae
628 2345 776 2390 legatur,
806 2344 994 2384 scribatur,
1020 2344 1087 2376 lin-

411 2406 554 2443 quatur,
593 2406 830 2443 proponatur,
872 2405 1064 2443 reponatur
1079 2422 1088 2436 ,

412 2460 506 2496 patet
527 2451 584 2484 hic
603 2449 756 2484 voluisse
773 2450 969 2484 Martialem
993 2450 1027 2482 in
1052 2449 1087 2482 id

409 2504 518 2548 jocari
546 2503 642 2549 quod
675 2516 737 2536 nee
766 2505 857 2536 Deos
884 2516 948 2536 nec
983 2501 1088 2535 fidem

413 2559 552 2590 laesuros
568 2569 639 2590 sese
653 2556 766 2590 Judaei
781 2555 964 2590 crederent
982 2556 1007 2588 si
1026 2568 1089 2600 per

413 2612 568 2644 Deorum
593 2610 776 2654 gentilium
794 2610 936 2643 nomina
956 2610 1088 2654 pejera-

410 2672 497 2696 rent.
513 2662 685 2696 Videatur
704 2676 800 2707 supr.
825 2663 900 2696 init.
924 2670 996 2695 not.
1018 2660 1088 2695 Sed

1140 489 1226 536 quid
1247 491 1438 524 Anchialum
1453 496 1472 524 :⁷
1490 492 1570 524 Isue
1597 492 1814 526 hebraeorum

1141 543 1262 576 Deus?
1289 542 1373 577 idne
1415 544 1698 578 sacramentum?
1731 546 1818 579 Vult

1141 596 1180 628 de
1203 597 1294 641 Rooy
1309 609 1402 641 verpe
1411 604 1516 641 poeta,
1540 597 1643 637 Clziel‚
1666 610 1692 631 s.
1717 598 1816 631 Chai-

1144 649 1208 687 El,
1235 648 1331 694 quod
1352 649 1418 694 fuit
1433 651 1673 695 juramentum
1693 651 1729 682 in
1753 663 1816 683 usu

1142 700 1285 735 Judaeis.
1318 702 1509 736 «Instituta
1535 711 1586 736 est
1614 703 1755 737 collatio
1775 705 1817 736 ab

1143 754 1188 787 Is·
1207 754 1336 788 Vossio
1356 753 1399 788 ad
1420 754 1635 801 edsGryph.
1657 757 1697 789 A.
1720 756 1814 790 1585

1142 819 1162 840 e
1181 806 1320 849 codice,
1336 817 1375 841 ut
1396 807 1549 849 videtur,
1562 808 1725 850 Thuani,
1744 809 1817 842 lau-

1142 858 1224 892 dato
1256 859 1301 894 ad
1330 861 1402 901 VI,
1420 874 1458 902 x,
1479 874 1533 895 xu
1548 886 1557 902 ‚
1576 869 1611 894 et
1632 862 1706 903 XI,
1727 874 1817 904 V111,

1143 924 1201 945 x1v
1231 914 1424 958 praesertim
1449 913 1491 947 ad
1522 914 1560 946 P.
1594 914 1724 947 Melam
1738 939 1747 953 ‚
1779 915 1816 953 Ι,

1145 977 1222 1010 pag.
1242 968 1286 998 63
1300 991 1308 1004 ‚
1330 966 1393 998 ubi
1409 966 1474 999 ita:
1492 983 1505 996 ιι
1527 966 1692 1011 Optimus
1709 965 1818 1000 codex

1144 1017 1306 1058 Thuani,
1324 1019 1396 1061 jam
1417 1027 1498 1052 ante
1520 1019 1739 1065 octingentos
1757 1032 1818 1052 an-

1144 1082 1208 1103 nos
1230 1064 1331 1113 (Saec.
1349 1065 1457 1114 VIII)
1479 1082 1635 1105 exaratus
1648 1098 1657 1113 ,
1677 1073 1739 1118 qui
1761 1085 1818 1105 ex-

1145 1131 1262 1169 cerpta
1282 1124 1437 1157 continet
1454 1125 1625 1159 Martialis
1646 1125 1819 1170 epigram-

1145 1184 1257 1216 mata,
1282 1177 1365 1221 legit
1390 1177 1459 1211 hoc
1485 1178 1563 1211 loco
1590 1179 1780 1211 anclzalium.
1800 1195 1813 1206 ι·

1146 1229 1263 1262 Locus
1282 1238 1332 1262 est
1347 1230 1420 1271 XI,
1440 1243 1506 1263 xcv
1526 1225 1655 1274 (κεῖν),
1673 1231 1735 1264 ubi
1754 1243 1818 1276 pro

1146 1283 1339 1315 Anchialum
1352 1283 1536 1316 ascribitur
1543 1283 1819 1316 ThuauAnclaa-

1146 1334 1232 1367 lium.
1255 1334 1417 1369 Servatur
1438 1336 1511 1370 haec
1530 1337 1565 1369 in
1588 1336 1753 1370 Biblioth.
1778 1337 1818 1369 L.

1145 1388 1218 1420 Bat.
1235 1405 1247 1417 π
1275 1389 1421 1433 Epistola
1436 1403 1541 1434 quum,
1560 1390 1645 1421 adse
1656 1392 1816 1433 scripstzm,

1144 1440 1295 1486 praefigit
1307 1453 1375 1474 suae
1385 1440 1441 1474 ed.
1454 1442 1492 1474 de
1499 1443 1598 1487 Rooy.
1609 1441 1764 1475 Omnino
1774 1442 1820 1474 le-

1145 1492 1296 1538 gendum
1308 1503 1377 1527 est:
1396 1511 1409 1523 «
1419 1495 1498 1528 Non
1509 1494 1616 1528 credo
1626 1507 1635 1536 3
1646 1496 1735 1539 jura,
1745 1507 1821 1528 ver-

1144 1559 1188 1591 pe
1198 1572 1207 1587 ,
1222 1559 1286 1592 per
1301 1547 1515 1580 ancharium.
1532 1565 1544 1577 ›—
1557 1548 1751 1581 Ancharius
1764 1548 1819 1580 vel

1145 1599 1304 1633 ancarius
1317 1607 1367 1633 est
1379 1601 1505 1634 asinus.
1519 1595 1695 1646 Ᾱχθοφόρον
1707 1600 1821 1634 Graeci

1144 1652 1422 1698 interpretantur
1434 1649 1608 1700 Ᾰγγοίριον,
1626 1653 1820 1700 accipiunt-

1144 1718 1212 1751 que
1233 1704 1324 1739 istud
1347 1707 1558 1741 vocabulum
1579 1719 1677 1752 aeque
1702 1705 1746 1739 de
1763 1708 1821 1752 ju-

1144 1766 1265 1792 mento
1283 1767 1389 1805 atque
1407 1753 1557 1794 Bbffine
1576 1760 1751 1805 ἀχθοφόρῳ.
1769 1760 1821 1793 Si·

1146 1812 1276 1845 militer
1290 1813 1476 1865 saginaf'wd
1497 1813 1552 1846 vol
1571 1813 1762 1846 saumarius
1778 1811 1822 1845 (le

1145 1874 1299 1910 utroque
1315 1861 1494 1918 acciffur.
1515 1866 1639 1899 Utitur
1655 1866 1720 1899 hac
1737 1878 1822 1900 voce

1147 1916 1307 1951 Lucilius
1333 1930 1340 1951 :
1374 1937 1387 1949 u
1405 1923 1485 1952 Haec
1509 1919 1651 1964 inquam
1678 1917 1780 1951 rudet
1804 1930 1822 1950 e

1146 1971 1268 2005 rostris
1281 1980 1384 2017 atque
1398 1972 1569 2006 elulitavit
1579 1997 1589 2013 ‚
1601 1973 1823 2005 Concursans

1146 2024 1254 2058 veluti
1296 2025 1471 2066 aunarius,
1512 2025 1676 2070 clareque
1716 2025 1823 2070 quiri-

1146 2086 1233 2111 tans.
1258 2095 1271 2107 n
1295 2077 1388 2112 Hinc
1415 2078 1590 2112 Ancharia
1617 2077 1768 2116 familia,
1788 2086 1823 2110 et

1147 2129 1446 2176 quemadmodum
1462 2131 1599 2164 Asellia.
1616 2131 1756 2163 Vossius.
1771 2151 1822 2156 —

1147 2184 1212 2216 Per
1243 2184 1445 2217 Anchialum.
1478 2184 1624 2217 Omissis
1656 2196 1735 2229 quae
1764 2183 1822 2216 hie

1148 2237 1324 2270 Domitius
1348 2236 1556 2271 Calderiuus
1582 2236 1626 2271 de
1650 2245 1763 2271 statua
1789 2244 1823 2270 et

1147 2290 1291 2323 numine
1323 2289 1547 2335 Sardanapali
1580 2290 1617 2323 in
1654 2289 1824 2324 Anchiala

1147 2344 1236 2377 urbe
1262 2343 1393 2377 Ciliciae
1419 2344 1514 2377 culto
1535 2356 1544 2383 ;
1573 2352 1606 2377 et
1631 2355 1708 2389 quae
1734 2343 1824 2376 Her-

1147 2397 1283 2430 molaus
1306 2395 1349 2430 ad
1377 2397 1482 2429 Plinii
1510 2396 1572 2429 lib.
1588 2397 1633 2432 V,
1655 2407 1730 2440 cap.
1755 2408 1823 2439 ⁴27;

1148 2462 1225 2494 quae
1244 2450 1348 2482 etiam
1367 2450 1412 2483 N.
1430 2449 1598 2495 Rigaltius
1617 2447 1660 2483 de
1673 2449 1823 2482 Anchia-

1151 2503 1206 2544 lo,
1227 2515 1331 2548 quem
1356 2503 1464 2547 ipsius
1482 2502 1650 2535 Martialis
1674 2514 1825 2547 puerum

1523 2554 1663 2589 attende
1700 2554 1825 2588 clarius

1150 2608 1234 2654 (τόγ’
1253 2609 1323 2654 ἐμοὶ
1340 2606 1471 2647 δοκοῦν)
1489 2609 1606 2641 lumen
1627 2616 1661 2641 et.
1680 2619 1824 2640 acumen

1148 2662 1219 2694 Jos.
1250 2662 1412 2707 Scaligeri
1437 2662 1470 2694 in
1500 2662 1690 2705 prolegom.
1715 2659 1755 2692 ad
1783 2660 1825 2691 li-

1150 2555 1252 2589 fuisse
1287 2564 1444 2589 autumat
1478 2568 1485 2588 :
