1978 3305
372 212 954 258 EPIGRAMMATUM
992 212 1117 255 LIB.
1157 212 1241 254 XI.
1413 210 1509 271 (507

175 304 190 345 Ι
225 319 367 357 nunc,
390 303 524 346 Livor
549 301 682 356 edax,
713 300 782 345 dic
813 310 855 344 te
884 302 1063 344 cessisse
1086 300 1276 353 Neroni3

229 373 360 417 *Vicit
392 374 620 428 nimirum,
644 388 732 415 non
759 372 902 426 Nero,
928 370 1002 415 sed
1023 370 1242 414 Prasinus.

171 500 293 542 Βάσκ’
318 499 394 551 ἴθι,
422 498 642 554 βασκανίη,
666 495 763 549 εἶξαι
791 493 953 555 ψεύδοιο
983 499 1148 559 Νέρωνι.

241 571 334 629 Οὐχ
355 574 374 613 ὁ
401 570 540 629 Νέρων
567 569 710 620 vind,
736 569 824 611 ἀλλ’
851 572 871 611 ὁ
895 568 1012 627 μόνος
1038 568 1249 627 Πράσινος.

156 689 188 724 3.
214 691 263 723 Tu
278 690 441 724 exhibent
460 689 540 724 edd.
560 698 646 724 vett.
661 690 778 722 —Dic
839 697 908 722 tem
928 706 940 718 n
958 689 1115 722 timuisse
1128 715 1136 729 ‚
1155 697 1189 721 et
1209 701 1287 734 quae
1307 697 1365 722 tua
1387 689 1512 722 merito

102 751 130 774 te
148 745 271 776 cessisse
293 744 427 778 Neroni.
447 744 500 776 Te
518 754 646 788 nempe
664 742 777 775 Nero·
836 742 958 775 fuisset
976 742 1126 788 palmam
1149 742 1369 787 imperatoris
1395 742 1511 775 clienti

101 795 153 828 nis
174 796 261 829 iram
282 804 317 829 et
341 806 355 822 τ(
374 796 447 829 Diis
470 807 603 841 {equam
622 803 775 841 potesta·
835 795 1054 828 concessisse.
1070 795 1138 828 En.

645 943 948 998 XXXIV.

655 1095 718 1122 m:
758 1076 909 1122 Apim.
930 1073 950 1089 *

168 1206 306 1249 AEDEs
337 1206 441 1249 emit
474 1207 612 1265 Aper,
643 1204 718 1249 sed
749 1221 856 1266 quas
886 1222 966 1249 nec
997 1215 1156 1249 noctua
1189 1205 1316 1249 vellet

235 1277 342 1319 Esse
370 1291 495 1331 suas;
525 1275 634 1319 adeo
664 1276 813 1336 nigra,
830 1285 1042 1336 vetusque
1068 1292 1167 1319 casa
1194 1286 1270 1320 est.

169 1346 345 1390 Vicinos
376 1345 436 1389 illi
466 1346 628 1389 nitidus
659 1347 787 1390 Maro
817 1346 1010 1407 possidet
1033 1346 1198 1390 hortos.

235 1416 438 1461 Coenabit
459 1415 596 1470 belle,
622 1433 711 1460 non
735 1416 952 1461 habitabit
979 1420 1106 1478 Aper.

149 1538 162 1551 ⁴
184 1543 222 1576 In
243 1542 367 1588 Aprum
389 1541 443 1576 ed.
469 1542 567 1575 Barb.
831 1555 912 1576 nam
938 1543 1148 1576 invitaretur
1175 1556 1191 1576 a
1218 1542 1332 1577 nitido
1358 1553 1390 1577 et
1418 1545 1509 1578 lauto

153 1608 181 1629 1.
211 1595 315 1628 AEdes
344 1598 428 1629 emit.
455 1595 600 1641 Optimo
629 1594 772 1641 quidem
832 1597 985 1629 Marone
1007 1609 1070 1630 suo
1090 1596 1220 1630 vicino.

93 1647 260 1687 consilio,
282 1657 321 1681 nt
345 1660 475 1694 nempe
497 1649 621 1694 saepius
641 1647 683 1682 ad
705 1661 773 1682 coe-
889 1649 923 1681 3.
947 1649 1017 1682 Illic
1034 1649 1109 1682 Ms.
1129 1650 1263 1682 Beverl.

662 1795 948 1851 XXXV.

595 1948 662 1976 AD
703 1947 1004 1976 FABULLUM.

303 2046 514 2088 IGNoros
543 2042 652 2087 mihi
682 2059 817 2104 quum
849 2059 979 2087 voces
1009 2052 1254 2096 trecentos,

302 2116 452 2172 Quare
484 2130 573 2158 non
603 2114 777 2157 veniam
808 2123 991 2158 vocatus
1019 2130 1043 2157 a
1076 2123 1144 2165 te,

300 2186 473 2229 Miraris
489 2221 500 2237 ,
525 2185 827 2246 quererisque,
853 2183 1093 2244 litigasque.

301 2301 542 2369 Ᾱγνώστους
570 2308 741 2357 καλέσας
767 2307 854 2364 ἐμοὶ
881 2308 1121 2360 ‘rosch-005,

294 2378 346 2420 Τί
371 2378 526 2429 κληθεὶς
553 2378 630 2421 ὑπὸ
657 2382 736 2420 σεῖο
763 2379 806 2420 οὐ
830 2377 1014 2438 πάρειμι,

297 2446 551 2508 Θαυμάζεις,
577 2448 706 2507 ἐρίσας
732 2464 777 2490 τε
803 2446 938 2491 πολλὰ
962 2449 1116 2508 μέμφῃ·

144 2600 176 2622 1.
204 2588 371 2620 Trecentos
392 2599 457 2632 pro
483 2587 593 2619 multos
620 2585 675 2619 hic
694 2584 765 2618 dici
825 2593 944 2618 centos
965 2584 1089 2625 latine,
1104 2593 1137 2618 et
1148 2585 1270 2630 gallice
1285 2589 1398 2632 vingt,
1417 2596 1506 2627 cene,

86 2638 298 2674 crediderim
330 2649 367 2673 ut
392 2639 516 2684 μυρίους
539 2651 666 2685 graece,
691 2650 766 2672 sex·
829 2638 924 2671 mille.
946 2638 1013 2671 En.
