1978 3305
433 215 456 241 2
804 197 865 239 M.
888 194 1029 239 VAL.
1069 192 1461 238 MARTIALIS

569 289 734 341 Caesar,
761 295 803 329 et
826 285 928 328 hinc
951 282 1143 326 Triviam
1167 283 1400 344 prospieis,
1423 284 1522 328 inde
1547 285 1728 342 Thetin3

499 360 583 401 Seu
612 367 685 401 tua
712 355 913 399 veridicae
938 352 1110 397 discunt
1133 367 1342 412 responsa
1365 370 1536 399 sorores
1551 388 1562 408 ,

567 426 698 471 Plana
727 425 965 470 suburbani
993 437 1080 483 qua
1107 421 1239 466 cubat
1268 419 1387 467 unda
1415 424 1540 482 freti;

496 498 579 541 Seu
605 496 747 558 placet
771 496 916 538 AEneae
940 493 1110 547 nutrix,
1134 508 1210 536 seu
1233 491 1319 536 filia
1345 493 1478 550 Solis,
1822 512 1835 535 5

566 568 666 611 Sive.
691 565 921 611 salutiferis
946 561 1155 607 candidus
1178 564 1331 607 Anxur
1355 566 1498 625 aquis3

425 721 504 754 tale.
539 720 621 753 Haec
658 719 730 752 duo
767 730 861 752 sacra
893 717 1101 763 plerumque

423 773 741 818 conjungebantur.
760 770 853 804 Vide
872 770 1030 804 Gronov.
1056 768 1101 804 ad

421 826 507 860 Stat.
528 825 652 871 Papin.
675 837 752 871 pag.
779 837 864 869 ²77·

479 892 511 912 2.
543 879 676 925 leetJm
703 878 741 910 in
769 876 848 910 edd.
875 884 959 910 vett.
981 895 1034 902 —-
1052 876 1102 909 Et

422 932 494 964 hinc
519 933 668 965 Triviam.
687 931 716 963 A
729 938 852 964 monte
871 930 1006 963 Albano
1019 941 1101 974 pro-

421 984 635 1030 spiciebatur
666 984 752 1017 hinc
780 983 900 1017 Dianae
928 982 1099 1027 templum

419 1038 651 1071 Artemisium
662 1037 699 1070 in
714 1048 858 1070 nemore
870 1034 915 1069 ad
925 1035 1077 1068 Ariciam
1087 1059 1096 1071 ‚

422 1090 550 1133 hodie,
569 1091 695 1130 Rizza,
722 1089 821 1122 illinc
849 1101 933 1122 vero
957 1087 1096 1129 Thetis,

421 1156 528 1189 quam
542 1143 648 1177 sumit
664 1155 731 1189 pro
748 1142 847 1176 mari.
861 1140 955 1174 Vide
969 1140 1031 1174 lib.
1045 1141 1096 1180 X,

420 1197 533 1242 epigr.
565 1207 658 1236 xnx,
685 1204 720 1229 et
745 1195 807 1228 lib.
839 1194 955 1240 Spect.
986 1193 1096 1239 epigr.

419 1261 482 1283 111.
506 1249 654 1282 Dianam
672 1249 744 1294 jam
762 1247 901 1282 vocavit
918 1246 1075 1280 Triviam
1090 1272 1100 1290 ,

417 1302 481 1336 lib.
505 1302 620 1348 Spect.
636 1302 744 1347 epigr.
766 1313 790 1334 1.

476 1354 510 1388 3.
540 1355 603 1388 Seu
627 1362 680 1387 tua
702 1354 854 1387 veridica»
877 1352 996 1386 discent
1017 1350 1095 1386 cod.

419 1408 633 1450 Pulmanni3
661 1407 772 1440 dicunt
792 1405 1001 1440 Beverlandi
1020 1404 1096 1439 MS.

420 1483 474 1488 —-
496 1461 558 1494 Seu
583 1469 638 1493 tua
652 1460 814 1493 veridicoe.
835 1460 912 1492 Hoc
932 1450 1005 1500 esf,
1026 1458 1098 1492 sive

419 1521 455 1547 et
472 1513 590 1555 Antii,
608 1514 669 1547 ubi
686 1513 752 1547 sub
774 1511 925 1558 imagine
946 1501 1099 1545 duarum

418 1579 582 1601 sororum
611 1568 770 1600 Fortuna
795 1566 986 1599 colebatur.
1013 1563 1097 1598 Sue-

418 1621 539 1653 tonius
556 1621 593 1653 in
610 1620 783 1665 Caligula,
802 1631 877 1664 cap.
898 1617 942 1663 57
963 1630 971 1652 :
994 1635 1007 1648 α
1026 1631 1100 1651 mo-

417 1682 578 1707 nuerunt
598 1682 633 1706 et
657 1681 767 1707 sortes
794 1672 965 1705 Antianae.
988 1688 1001 1700 u
1024 1671 1097 1704 Ho-

418 1727 546 1767 ratius,
561 1728 594 1769 I,
607 1726 665 1760 od.
684 1726 752 1760 35:
773 1742 786 1755 α
801 1725 832 1758 Ο
846 1724 943 1768 diva,
961 1732 1097 1770 gratum

417 1792 494 1825 qum
507 1781 596 1825 regis
610 1779 768 1812 Antium.
783 1795 796 1808 n
812 1778 1002 1813 Germanas
1012 1790 1096 1811 vero

417 1845 555 1867 sorores
577 1832 705 1866 dixisse
730 1831 889 1871 videtur,
910 1829 1008 1876 quod
1026 1843 1096 1864 una

415 1897 587 1932 prospera
602 1913 610 1928 ,
641 1886 747 1919 altera
780 1883 922 1918 adversa
954 1884 1009 1917 sit.
1042 1885 1095 1917 De

417 1939 583 1972 Fortuna:
601 1938 741 1983 templis
763 1938 836 1971 fuse
856 1937 927 1982 agit
943 1937 1094 1970 Alexan-

417 1991 482 2025 der
498 1993 539 2026 ab
551 1991 752 2026 Alexandro
765 1990 903 2024 Genial.
918 1990 1014 2023 Dier.
1031 1990 1093 2023 lib.

415 2046 433 2078 I
446 2072 455 2087 ‚
475 2057 550 2091 cap.
572 2047 631 2080 13.
656 2045 800 2078 Antium
817 2071 827 2087 ,
846 2043 957 2077 hodie
976 2044 1090 2083 Antio,

417 2107 491 2132 erat
512 2099 596 2133 urbs
619 2099 654 2132 in
674 2097 864 2143 Tyrrheno
880 2097 1001 2137 litore,
1020 2109 1092 2129 non

413 2152 538 2197 procul
559 2152 657 2185 Ostia
669 2177 680 2193 ,
702 2151 914 2184 Volscorum
933 2150 1017 2183 olim
1036 2162 1092 2183 ca-

414 2214 491 2250 put.
504 2206 570 2238 En.
580 2206 670 2238 —T
668 2218 709 2237 αα
723 2217 881 2248 responsa.
900 2203 963 2236 His
976 2203 1090 2236 verbis

413 2258 616 2291 Domitiano
639 2256 801 2292 adulatur
828 2257 934 2290 Poeta
954 2268 963 2297 ;
990 2268 1089 2289 nam-

412 2323 484 2357 que
495 2310 648 2345 ostendit
660 2311 852 2344 Fortunam
861 2321 878 2342 a
888 2309 1088 2342 Domitiano

411 2365 505 2397 velut
518 2376 535 2397 a
549 2365 679 2407 majore
690 2363 756 2396 deo
769 2362 1092 2408 (lisccreresponsa‚

410 2429 487 2462 quae
508 2425 549 2450 ut
571 2417 712 2450 oracula
737 2416 928 2450 certissima
950 2416 1086 2461 populo

409 2470 648 2510 renuntiaret,
668 2478 704 2502 ut
727 2469 908 2502 inferiores
925 2467 975 2502 (lii
998 2480 1014 2501 a
1028 2481 1084 2502 su·

409 2522 606 2568 perioribus
623 2521 743 2555 adflari
760 2522 882 2554 solent.

465 2581 482 2616 [Ι
491 2602 497 2608 .
514 2576 615 2607 l'lena
627 2574 795 2607 subm-bani
815 2588 875 2618 qua
891 2575 985 2606 cubat
1000 2576 1086 2608 wula’

409 2631 502 2660 maris
526 2628 559 2661 in
581 2626 789 2661 Bevcrlandi
809 2627 880 2661 MS.
904 2649 955 2654 —
979 2629 1083 2660 I'latm

1160 716 1343 751 suburbani.
1362 717 1460 751 Mare
1479 718 1571 752 enim
1588 719 1690 752 alluit
1711 721 1834 753 urbem

1159 770 1304 803 Antium
1317 796 1326 811 ,
1343 779 1446 816 atque
1460 770 1507 804 ita
1519 771 1613 805 illius
1628 772 1835 806 suburbium

1159 835 1232 856 esse
1243 822 1404 866 videtur;
1423 832 1458 857 et
1471 836 1581 870 quum
1598 825 1641 858 sit
1656 825 1831 870 quietum,

1159 875 1319 909 cubantis
1340 877 1453 910 simile
1470 885 1532 911 est.

1214 929 1248 963 5.
1262 930 1382 962 AEneae
1394 931 1511 963 nutrix.
1528 929 1603 963 Hoc
1616 938 1667 964 est
1677 955 1686 971 ‚
1703 930 1834 973 Caieta,

1157 981 1241 1015 urbs
1260 982 1433 1016 maritima
1448 983 1483 1015 in
1501 982 1632 1016 finibus
1648 983 1739 1017 Latii
1755 996 1833 1017 ver-

1157 1047 1213 1068 sus
1237 1035 1488 1080 Campaniam,
1510 1043 1545 1069 et
1567 1034 1612 1068 ad
1632 1049 1730 1069 oram
1759 1049 1832 1070 ma-

1156 1087 1204 1121 ris
1223 1087 1421 1132 Tyrrheni,
1441 1088 1479 1121 in
1503 1088 1688 1133 provincia
1714 1089 1834 1125 Terrae

1155 1139 1303 1174 Laboris
1313 1166 1322 1183 ,
1336 1149 1375 1174 ut
1388 1149 1525 1174 vocant.
1540 1140 1693 1183 Quidam
1708 1151 1833 1187 putant

1156 1193 1248 1226 hanc
1260 1194 1385 1227 urbem
1399 1194 1441 1226 ab
1458 1196 1578 1227 AEneae
1591 1194 1731 1228 nutrice
1746 1207 1832 1228 con-

1156 1245 1278 1281 ditam.
1297 1247 1368 1280 Alii
1383 1245 1564 1280 deducunt
1583 1259 1603 1280 a
1623 1247 1744 1289 καίειν,
1761 1261 1832 1281 ure-

1157 1313 1210 1340 re,
1233 1298 1332 1345 quod
1359 1300 1409 1332 ibi
1443 1299 1559 1334 classis
1587 1300 1739 1346 Trojana
1763 1301 1833 1336 fuit

1155 1352 1307 1386 incensa.
1337 1352 1454 1386 Hodie
1483 1353 1601 1387 Gaetu.
1626 1353 1725 1399 Virg.
1749 1356 1832 1388 AEn.

1157 1406 1228 1438 VII
1241 1418 1249 1439 :
1266 1406 1343 1439 «Tu
1355 1418 1494 1452 quoque
1507 1406 1672 1440 litoribus
1683 1407 1812 1441 nostris
1822 1433 1832 1449 ‚

1156 1459 1278 1492 AEneia
1302 1459 1447 1501 nutrix,
1473 1462 1652 1493 AEternam
1678 1459 1832 1494 moriens

1154 1512 1281 1545 famam
1297 1538 1307 1555 ,
1329 1512 1464 1554 Caieta,
1492 1511 1632 1546 dedisti.
1647 1529 1662 1541 u
1678 1512 1804 1546 Strabo
1822 1539 1831 1553 ,

1156 1564 1217 1599 lib.
1238 1566 1297 1597 V:
1318 1565 1368 1598 Τὰ
1392 1565 1453 1611 γὰρ
1482 1567 1574 1599 κοῖλα
1599 1566 1713 1600 πάντα.
1746 1569 1830 1600 Καῖ-

1152 1618 1261 1657 ὀίττας
1290 1620 1317 1652 οἱ
1342 1620 1489 1656 Λάκωνες
1513 1620 1830 1664 προσαγορεύουσαι

1160 1671 1277 1705 Omnes
1297 1674 1376 1704 enim
1391 1674 1540 1704 cavitates
1558 1671 1705 1705 Caiattas
1722 1672 1832 1717 appel-

1150 1724 1264 1757 ‘larunt
1289 1725 1439 1758 Lacones.
1472 1725 1556 1757 Non
1581 1733 1699 1758 tamen
1727 1733 1830 1770 negat

1155 1777 1198 1810 ab
1233 1780 1352 1811 AEneae
1384 1777 1520 1811 nutrice
1557 1777 1663 1811 etiam
1700 1776 1829 1811 dictam

1154 1831 1320 1865 Caietam.
1337 1853 1389 1858 —
1404 1829 1549 1875 Seufilia
1567 1830 1662 1864 Solis.
1677 1829 1758 1864 Sive
1773 1829 1830 1864 de-

1153 1884 1204 1929 gis
1219 1884 1256 1917 in
1279 1897 1317 1917 ea
1335 1885 1424 1917 urbe
1441 1896 1546 1930 quam
1569 1884 1670 1918 Circe
1691 1884 1780 1917 Solis
1796 1892 1829 1917 et

1153 1938 1275 1971 Perses
1295 1938 1386 1975 filia,
1410 1938 1485 1978 vel,
1507 1945 1546 1971 ut
1563 1945 1663 1982 putat
1680 1936 1828 1971 Diodor.

1154 1993 1262 2024 AEetae
1283 1999 1316 2024 et
1340 1990 1509 2031 Hecates,
1533 1989 1704 2023 condidit.
1728 1991 1828 2023 Hanc

1148 2043 1307 2077 Circeios
1324 2045 1522 2077 vocabant:
1541 2051 1614 2076 erat
1634 2043 1670 2076 in
1693 2042 1829 2076 ditione

1154 2096 1366 2130 Volscorum
1380 2122 1390 2137 ‚
1413 2097 1449 2129 in
1471 2109 1531 2129 ora
1553 2096 1732 2141 Tyrrheni
1754 2108 1827 2130 ma-

1151 2150 1199 2183 ris
1216 2176 1226 2191 ‚
1249 2158 1283 2183 et
1307 2149 1350 2183 nd
1371 2148 1504 2183 radices
1525 2149 1653 2182 montis
1676 2148 1800 2183 Circaei
1815 2174 1824 2187 ,

1152 2210 1254 2235 monte
1276 2202 1413 2235 Circello
1426 2229 1434 2243 ,
1458 2203 1495 2235 in
1517 2202 1641 2243 Lati03
1661 2213 1757 2235 nunc
1775 2209 1826 2235 est

1148 2254 1265 2290 diruta
1283 2282 1292 2297 ,
1325 2264 1359 2289 et
1391 2256 1427 2288 in
1458 2257 1531 2300 ejus
1556 2253 1746 2288 ruderibus
1776 2262 1827 2288 est

1147 2321 1272 2354 pagus,
1292 2308 1392 2341 Sama
1410 2309 1546 2342 Felicita
1569 2307 1694 2341 dictus.
1714 2308 1782 2341 En.

1202 2365 1235 2394 6.
1251 2361 1443 2405 Salutilhris.
1458 2362 1606 2406 Propter
1620 2360 1804 2394 Pontinam
1814 2386 1823 2401 ‚

1146 2415 1201 2448 vel
1221 2415 1302 2448 alias
1320 2414 1485 2456 paludes,
1510 2415 1544 2447 in
1565 2426 1649 2460 quas
1668 2425 1821 2459 pronum

1147 2477 1197 2502 est
1225 2470 1368 2507 Anxur,
1395 2469 1437 2501 ab
1460 2467 1581 2500 Ufenti
1610 2466 1717 2499 fluvio
1750 2478 1822 2499 non

1146 2534 1251 2567 parva
1269 2533 1437 2567 aquarum
1455 2520 1667 2554 salubritate.
1687 2519 1744 2552 Sic
1761 2519 1820 2552 lib.

1148 2576 1176 2608 Χ
1196 2602 1204 2615 ,
1226 2574 1335 2621 epigr.
1358 2587 1414 2614 m,
1433 2586 1483 2606 vs.
1506 2575 1539 2605 6.
1560 2594 1613 2599 --
1636 2571 1818 2610 Candidas,

1146 2637 1209 2662 otc.
1249 2647 1261 2657 ‹-
1291 2628 1494 2671 [inpositum
1529 2626 1595 2658 latr
1623 2625 1710 2658 saxis
1743 2637 1820 2657 can·
