1978 3305
366 222 942 268 EPIGRAMMATUM
980 227 1102 269 Llss.
1146 228 1196 269 X.

1390 225 1485 270 5355

690 372 880 427 LVII.

606 526 672 555 AD
711 527 927 555 SEXTUM
948 508 964 524 *

157 652 370 695 Asterum
403 649 555 694 librani
583 651 781 694 mittebas
800 669 807 694 :
826 652 937 696 facta
965 652 1121 697 selibra
1150 665 1233 704 est,

227 720 311 764 Sed
338 722 495 783 piperis
517 738 525 763 :
549 722 658 765 tanti
689 738 775 764 non
804 738 921 771 eino,
946 725 1093 778 Sexte,
1123 726 1261 785 piper.

139 852 155 867 ⁶
182 859 285 892 Nulla
311 859 347 892 in
376 860 481 904 hujus
510 859 651 894 distichi
678 861 761 894 scri-

88 910 208 955 ptione
222 911 366 945 varietas
383 911 675 957 deprehenditur,
689 914 760 946 sive

89 965 123 997 in
139 963 241 998 codd.
260 977 366 998 manu
387 965 545 1005 exaratis,
562 966 633 999 sive
647 966 682 999 in
698 966 758 999 lib.

88 1017 193 1062 praelo
210 1016 324 1050 editis.

146 1082 175 1103 t.
191 1070 340 1115 Argenti.
357 1069 388 1103 Ο
403 1071 520 1110 Sexte,
534 1084 643 1116 quum
661 1081 758 1106 antea

87 1121 242 1156 mitteres
272 1122 358 1156 mihi
398 1135 523 1157 munus
555 1124 680 1157 libram
703 1138 757 1158 ar-

86 1175 199 1219 genti,
214 1177 284 1221 jam
301 1175 409 1209 mittis
425 1184 558 1210 tantum
576 1175 756 1211 dimidiam

87 1228 230 1269 libram,
243 1236 276 1261 at
294 1240 368 1261 eam
388 1241 432 1261 ne
449 1230 579 1274 argenti
595 1229 735 1275 quidem
749 1257 757 1269 ‚

821 860 880 895 sed
890 861 1125 907 piperis.Vid.
1144 875 1265 909 supra,
1284 865 1343 897 lib.
1365 866 1401 905 Ι,
1421 866 1493 910 epi-

820 926 972 958 gramma
992 927 1086 948 Lxxt.

877 981 892 999 -ι
901 994 907 1000 .
918 968 1015 1000 Tanti
1023 980 1084 1001 non
1095 981 1173 1008 emo,
1184 969 1289 1008 berte,
1298 972 1402 1014 piper.
1416 971 1490 1004 Hoc

821 1028 870 1053 est
881 1046 889 1059 ,
904 1020 1064 1053 selibram
1076 1021 1209 1066 piperis
1227 1034 1298 1055 non
1316 1035 1388 1055 mos
1406 1023 1492 1056 inihi

819 1071 990 1106 redimere
1001 1074 1132 1118 argenti
1145 1074 1244 1108 libra.
1259 1074 1365 1116 Quod
1376 1083 1490 1109 tamen

819 1138 912 1159 nunc
930 1125 1017 1159 facio
1033 1138 1040 1159 :
1055 1139 1167 1171 quum
1185 1127 1278 1160 enim
1293 1128 1419 1161 libram
1437 1141 1489 1162 ar-

817 1179 913 1223 genti
930 1179 1138 1224 acciperem,
1154 1192 1248 1213 nunc
1264 1180 1423 1214 selibram
1437 1182 1491 1227 pi-

820 1231 932 1275 peris,
951 1232 1039 1264 hanc
1060 1231 1180 1265 videor
1197 1233 1253 1266 illa
1276 1242 1437 1267 mutasse.

674 1371 902 1426 LVIII.

1019 1509 1037 1525 η.

544 1527 614 1555 ΑΙ)
656 1528 991 1556 FRONTINUM.

159 1651 368 1695 Amxums
398 1651 585 1710 aequorei
618 1649 828 1710 placidos,
857 1652 1080 1706 Frontine,
1106 1669 1317 1701 recessus,

228 1722 285 1764 Et
315 1722 492 1781 propius
521 1722 663 1772 Baias,
691 1719 971 1781 litoreamque
1002 1721 1202 1773 domum,

158 1792 214 1834 Et
243 1790 360 1850 quod
389 1790 638 1834 inhumanae
667 1792 838 1835 Cancro
871 1791 1064 1835 fervente
1095 1792 1253 1837 cicadae

230 1860 330 1904 Non
361 1878 523 1905 novere
552 1877 727 1916 nemus,
757 1861 1070 1922 flumineosque
1102 1862 1242 1912 lacus,

158 1932 277 1975 Dum
309 1931 444 1980 colui„
475 1931 625 1975 doctas
650 1941 794 1976 tecum
823 1931 1043 1976 celebrare
1070 1933 1253 1977 vacabat

146 2058 158 2073 *¹
186 2064 333 2098 Excusat
362 2065 559 2110 neglectum
586 2078 602 2097 a
625 2077 660 2098 se
686 2079 763 2110 erga

90 2116 300 2150 Frontinum
320 2117 495 2151 salutandi
511 2117 679 2151 officium.
698 2119 764 2151 Ra-

91 2169 195 2203 deras-

824 2067 944 2099 Anxur
965 2066 976 2106 )
1015 2066 1104 2099 ultra
1139 2067 1246 2100 Baias.
1285 2069 1499 2114 Litai-eamque

824 2119 958 2151 domum.
981 2120 1130 2152 Centum
1149 2120 1280 2159 Cellas,
1296 2121 1349 2152 vel
1372 2122 1496 2166 palatia

825 2172 916 2205 Baiis
938 2171 981 2204 ad
1004 2183 1098 2205 mare
1119 2180 1301 2205 exstructa.

150 2233 162 2254 1
174 2247 181 2254 .
197 2223 352 2256 Anxuris.
369 2222 469 2256 Ordo
485 2231 546 2256 est.
562 2224 655 2256 Dum
671 2224 765 2256 colui

91 2275 231 2316 Anxur,
263 2274 380 2314 Baias,
411 2275 603 2320 Rhegium,
635 2283 701 2308 etc.
715 2297 766 2302 —

94 2328 252 2373 sEquorei
262 2328 417 2373 placidos.
443 2328 564 2361 Anxur
589 2336 623 2360 et
641 2328 766 2361 Tarra-

91 2380 170 2415 cina
189 2378 310 2414 eadem
329 2380 460 2414 civitas.
478 2381 529 2413 De
557 2393 622 2425 qua
649 2381 766 2425 paullo

91 2441 171 2467 ante
201 2432 309 2479 epigr.
338 2446 394 2474 ω,
420 2445 471 2466 vs.
503 2435 543 2467 8.
573 2441 607 2466 et
636 2433 698 2466 lib.
722 2434 767 2472 V,

92 2486 202 2532 epigr.
223 2498 234 2519 1
246 2512 255 2526 ,
273 2499 320 2519 vs.
341 2489 374 2519 6.
392 2487 514 2519 Anxur
530 2499 547 2518 a
565 2494 667 2530 poeta
684 2499 767 2519 non-

93 2551 275 2585 nunquam
301 2551 366 2584 pro
391 2537 535 2571 flumine
557 2538 706 2583 capitur.

151 2605 180 2624 ιι.
207 2592 253 2625 Et
270 2594 399 2636 propius
422 2591 535 2624 Baias.
561 2591 658 2626 Baias
687 2604 767 2635 prn-

95 2643 209 2689 piores
230 2644 340 2685 Urhi3
360 2645 546 2677 Tarracina
571 2644 663 2677 enim
682 2638 769 2685 <sive

879 2224 910 2257 3.
921 2225 968 2256 Et
977 2225 1072 2269 quod,
1086 2232 1150 2258 etc.
1162 2224 1300 2269 Sylvam
1312 2251 1320 2265 ,
1332 2234 1365 2258 et
1376 2239 1494 2271 agrum

826 2277 1046 2322 Rheginum,
1067 2275 1111 2309 de
1128 2289 1198 2322 quo
1215 2277 1351 2311 Plinius
1368 2279 1428 2312 lib.
1444 2280 1478 2312 II
1490 2306 1497 2318 ,

826 2340 900 2374 cap.
935 2341 978 2373 27
1007 2341 1015 2362 z
1047 2346 1060 2358 α
1076 2331 1120 2362 At
1145 2329 1181 2362 in
1211 2330 1370 2375 Rhegino
1395 2332 1496 2365 silent

828 2394 947 2415 omnes
960 2380 1087 2415 cicadae
1098 2407 1106 2421 ‚
1127 2382 1217 2416 ultra
1232 2382 1361 2416 flumen
1382 2385 1418 2416 in
1435 2385 1500 2417 Lo-

827 2434 939 2471 crensi
955 2443 1097 2467 canunt.
1114 2452 1127 2463 n
1146 2457 1198 2461 ——
1215 2435 1338 2468 Cancro
1354 2438 1499 2476 set-venle.

830 2487 904 2520 Hoc
923 2495 992 2525 est,
1011 2499 1129 2520 mense
1151 2488 1256 2522 Julio.

886 2543 916 2578 23.
957 2540 1192 2586 ,flumineosque
1230 2542 1328 2575 lactu.
1367 2543 1498 2576 Alicem

831 2605 966 2625 amnem
995 2593 1051 2626 hie.
1086 2591 1258 2638 designari
1292 2594 1403 2628 credit
1436 2597 1495 2628 Ra*

831 2643 931 2678 dorus
959 2657 996 2677 ex
1020 2645 1180 2678 Leandro
1203 2673 1211 2681 .
1233 2647 1290 2691 qui
1316 2648 1348 2679 in
1383 2661 1503 2691 magur<

1210 2719 1268 2773 ,ἦῆ
1286 2709 1296 2729 >,
