1978 3305
463 239 552 268 100

833 220 895 263 M.
917 219 1057 263 VAL.
1095 218 1482 262 MARTIALIS

661 310 766 352 Post
795 307 888 350 haec
919 305 1066 349 onmia
1090 303 1204 348 forte
1228 305 1265 349 si
1289 304 1485 349 movebit

660 376 879 432 Bacchus,
905 391 1037 436 quam
1063 372 1192 430 solet,
1219 374 1523 431 esuritionem,

662 449 930 491 Succurrent
959 444 1036 489 tibi
1065 442 1231 488 nobiles
1255 442 1404 498 olivae,

663 517 807 561 Piceni
836 515 969 560 modo
997 530 1105 575 quas
1134 513 1273 559 tulere
1299 515 1434 571 rami,

661 589 719 630 Et
742 586 915 630 fervens
935 586 1069 641 cicer,
1093 594 1138 629 et
1162 594 1314 646 tepens
1336 584 1525 646 lupinus.

663 658 802 700 Parva
826 665 892 700 est
917 655 1112 710 coenula,
1141 655 1237 716 quis
1267 665 1412 717 potest
1440 656 1635 717 negare?

663 727 749 771 Sed
774 726 913 788 finges
935 725 1066 781 nihil,
1093 725 1297 770 audiesve
1327 725 1502 782 fictum,

661 799 720 841 Et
745 795 868 841 vultu
895 795 1090 858 placidus
1118 805 1195 840 tuo
1226 796 1480 851 recumbes;

661 867 756 912 Nec
785 883 980 911 crassum
1005 866 1208 910 dominus
1231 865 1345 928 leget
1367 865 1595 921 volumem
1832 887 1863 911 25

662 938 757 981 Nec
783 937 836 981 de
859 936 1055 982 Gadibus
1079 935 1288 997 improbis
1311 935 1466 997 puellae

662 1007 913 1052 Vibrabunt
936 1007 1026 1051 sine
1051 1005 1138 1050 fine
1162 1006 1408 1066 prurientes

453 1167 696 1214 qualecunque
724 1164 835 1209 sapiet
859 1162 925 1196 tibi
949 1175 1023 1195 non
1050 1170 1130 1196 ante

454 1220 547 1254 sitim
574 1217 732 1259 hibenti3
751 1216 825 1257 vel,
850 1215 1044 1249 Liberalius
1074 1215 1130 1248 bi-

453 1271 571 1307 bendo
593 1269 768 1304 videberis
795 1269 990 1314 approbare
1006 1266 1131 1301 vinum

453 1338 571 1359 meum
589 1323 853 1368 qualecumque.

513 1391 570 1422 17.
593 1377 674 1409 Post
694 1376 760 1408 lzaec
786 1375 909 1413 omnia,
932 1381 997 1407 etc.
1023 1372 1130 1414 Quod

455 1432 484 1465 si
515 1432 637 1464 vinum
663 1427 728 1461 tibi
758 1426 908 1460 moverit
935 1426 1130 1472 appetitum

454 1496 586 1517 novum
602 1508 610 1523 ,
639 1480 791 1514 naturali
817 1479 930 1513 calore
961 1491 1129 1520 accenso;

456 1537 510 1570 vel
533 1535 636 1568 etiam
656 1533 801 1567 vomitu.
821 1532 897 1565 Hoc
918 1540 1033 1565 autem
1051 1539 1130 1564 ante

454 1590 511 1625 vel
532 1589 569 1621 iu
590 1599 687 1621 coena
708 1585 911 1619 factitabant
922 1585 1067 1618 Veteres
1087 1582 1131 1617 ad

455 1639 684 1689 purgandum
705 1638 922 1672 stomachum
946 1645 980 1670 et
1001 1649 1130 1683 provo-

455 1694 606 1730 candum
622 1691 828 1738 appetitum.
849 1691 973 1723 Juven.
994 1691 1066 1731 VI,
1081 1703 1128 1723 vs.

460 1749 548 1788 428.
573 1745 703 1779 Athen.
725 1745 786 1777 lib.
813 1744 896 1783 XV,
925 1756 999 1789 cap.
1028 1755 1069 1785 13
1097 1750 1131 1776 et

455 1801 607 1839 Seneca,
629 1797 730 1843 epist.
755 1796 801 1841 95
832 1807 840 1830 :
873 1813 886 1825 α
906 1797 1067 1829 vomunt
1091 1803 1131 1829 ut

454 1852 582 1893 edant,
605 1849 714 1884 edunt
739 1857 779 1882 ut
801 1857 957 1883 vomant.
978 1866 991 1878 n
1022 1848 1129 1882 Mox:

461 1924 474 1936 «ι
494 1907 539 1939 Et
565 1904 688 1938 vinum
718 1914 823 1935 omne
848 1901 986 1935 vomitu
1016 1913 1130 1935 reme-

454 1959 594 1993 tiuntur
612 1973 626 1986 ι

515 2012 572 2045 18.
596 2007 805 2042 Beverlandi
832 2006 907 2040 MS.
934 2020 1027 2052 quam
1053 2007 1132 2040 solet

455 2065 711 2098 exlium-itionem.

514 2130 570 2150 πο.
598 2115 719 2149 Piceni.
741 2115 831 2159 Ager
855 2112 1004 2146 Picenus
1025 2120 1075 2146 cst
1094 2111 1131 2145 in

457 2168 626 2209 Umbria,
648 2166 756 2200 Italiae
782 2173 882 2212 parte
898 2191 907 2206 ‚
927 2165 1028 2199 olivis
1062 2165 1131 2198 fre-

458 2234 569 2268 quens
584 2247 593 2264 ,
613 2218 719 2253 hodie
749 2219 781 2251 la
804 2218 917 2252 Marca
944 2218 1128 2252 (ΓΑιιι-οηα.

457 2277 510 2309 De
539 2274 638 2308 olivis
670 2271 805 2306 Picenis
833 2270 990 2312 dictum,
1011 2271 1073 2304 lib.
1092 2272 1126 2309 1,

458 2328 566 2373 epigr.
589 2337 687 2359 xmv.

515 2392 569 2413 21.
596 2379 730 2412 Ferreus
754 2380 855 2417 cicer,
882 2384 947 2410 etc.
973 2376 1026 2409 Ab
1052 2375 1130 2422 igne

456 2441 594 2467 coctum
611 2456 620 2470 ,
649 2443 730 2464 nam
753 2430 965 2475 frigebatur:
983 2429 1054 2471 vel,
1073 2442 1131 2462 na-

459 2494 544 2520 turae
564 2482 720 2524 servidae;
743 2482 920 2516 comburit
936 2482 1048 2524 enim,
1062 2483 1130 2516 uri-

455 2551 535 2572 nam
551 2545 668 2571 movet
679 2562 689 2577 ‚
702 2535 963 2569 etc.Athenae11s
977 2561 986 2576 ,
1001 2535 1061 2568 lib.
1080 2536 1126 2574 ΙΙ,

454 2605 531 2638 cap.
558 2595 615 2631 πή.
641 2609 693 2618 --
718 2589 836 2633 Tcpens
865 2589 999 2633 lupinus.
1030 2589 1128 2633 Aqua

456 2652 649 2678 maceratus
663 2641 806 2687 tepenti.

1245 1174 1262 1194 2
1273 1174 1306 1195 2.
1319 1163 1428 1195 Parva
1441 1169 1489 1195 est
1505 1162 1638 1196 coenula.
1654 1160 1722 1196 Sed
1735 1162 1864 1208 jucun-

1189 1212 1233 1247 da
1248 1239 1257 1257 ,
1277 1215 1388 1260 qualis
1405 1227 1477 1248 esse
1493 1215 1580 1248 solet
1599 1214 1691 1248 inter
1711 1215 1840 1249 amicos
1853 1241 1863 1257 ,

1189 1266 1225 1300 in
1244 1279 1313 1313 qua
1325 1294 1335 1308 ‚
1351 1266 1529 1314 quidquid
1545 1267 1582 1300 in
1597 1268 1741 1302 buccam
1755 1281 1864 1302 vene-

1188 1319 1252 1362 rit,
1271 1320 1418 1366 quisque
1433 1321 1564 1365 garriet
1582 1320 1658 1354 sine
1674 1321 1747 1355 ullo
1768 1320 1863 1355 dela-

1187 1379 1308 1407 torum
1324 1374 1462 1407 timore.

1245 1426 1303 1459 23.
1323 1426 1390 1460 Sed
1399 1425 1518 1471 finges.
1538 1427 1672 1460 Verum
1688 1439 1794 1460 coenae
1812 1435 1865 1461 te-

1187 1478 1357 1512 nuitatem
1390 1479 1630 1524 compensabit
1660 1480 1802 1514 libertas
1830 1488 1865 1513 et

1188 1531 1386 1572 sinceritas,
1415 1532 1474 1565 ubi
1506 1544 1578 1564 non
1609 1532 1677 1565 erit
1702 1544 1794 1577 opus
1822 1532 1865 1566 si-

1188 1584 1378 1617 mulatione
1398 1593 1432 1617 et
1451 1583 1746 1621 dissimulatione,
1765 1593 1805 1618 ut
1825 1585 1863 1618 in

1188 1637 1316 1669 mensis
1331 1635 1492 1671 divitum.
1508 1637 1575 1670 Vel
1591 1650 1663 1671 non
1680 1637 1768 1671 fictis
1786 1650 1865 1672 nar-

1188 1689 1385 1723 rationibus
1409 1699 1442 1724 et
1469 1690 1625 1724 molestis
1653 1690 1864 1725 condieutur

1190 1742 1323 1787 epulae,
1357 1750 1396 1776 ut
1423 1742 1518 1788 apud
1548 1742 1674 1777 divites
1700 1744 1761 1777 ubi
1783 1756 1865 1778 con-

1187 1795 1276 1829 vivae
1297 1795 1414 1829 omnia
1431 1796 1563 1830 faciunt
1578 1795 1623 1829 ad
1640 1796 1804 1842 gratiam,
1819 1795 1864 1830 ad

1188 1848 1369 1881 veritatem
1389 1849 1460 1882 fere
1471 1849 1574 1882 nihil.

1244 1905 1303 1941 πά.
1342 1901 1445 1934 I'ulm
1477 1910 1540 1934 tuo.
1575 1901 1652 1935 Hoc
1686 1909 1760 1943 est,
1790 1914 1863 1936 non

1188 1954 1383 1999 composito
1404 1955 1441 1987 in
1461 1954 1600 1988 alterius
1616 1954 1773 2000 gratiam.

1245 2019 1261 2039 2
1272 2006 1303 2040 5.
1327 2007 1396 2040 Nec
1415 2020 1551 2040 crassum
1571 2007 1690 2040 domini
1707 2009 1790 2053 leges
1803 2020 1863 2041 co-

1188 2057 1254 2092 dex
1287 2059 1522 2094 Florentinus.
1549 2081 1602 2087 —
1627 2060 1695 2093 Nec
1727 2074 1862 2093 crassum

1188 2112 1330 2145 (lominus
1345 2113 1427 2157 leget
1443 2113 1597 2146 volumen.
1618 2113 1691 2146 Nec
1706 2126 1769 2159 ego
1784 2126 1861 2147 mo-

1187 2165 1292 2198 lestus
1311 2165 1376 2199 tibi
1395 2177 1476 2206 ero,
1498 2166 1603 2211 longo
1619 2166 1799 2200 volumine
1814 2167 1862 2201 le-

1188 2216 1304 2263 gendo
1324 2218 1416 2251 inter
1436 2231 1613 2259 mensam;
1634 2227 1671 2252 ut
1700 2219 1761 2253 lib.
1790 2220 1860 2258 XI,

1188 2271 1298 2317 epigr.
1333 2283 1420 2312 un,
1449 2284 1499 2305 vs.
1531 2283 1587 2315 ¹9·
1616 2273 1664 2304 Οὐ
1694 2274 1862 2317 μελοποιὸς

1190 2325 1250 2368 ἐρεῖ
1271 2325 1514 2369 κατακείμενα.
1536 2324 1681 2358 Anthol.
1710 2324 1771 2359 lib.
1806 2325 1862 2367 ΙΙ,

1189 2389 1263 2423 cap.
1287 2381 1345 2420 47.

1245 2432 1303 2463 26.
1323 2430 1372 2462 Dc:
1397 2430 1554 2464 Gadibus.
1578 2431 1631 2464 De
1649 2430 1780 2476 quibus
1798 2430 1860 2466 lib.

1188 2483 1224 2525 1,
1245 2482 1354 2528 epigr.
1377 2495 1452 2515 ,xm
1468 2497 1477 2524 ;
1496 2482 1591 2516 uude
1614 2483 1739 2529 puellae
1759 2483 1861 2517 salta-

1188 2535 1321 2569 triculae
1342 2536 1480 2569 levitate
1505 2544 1537 2569 et
1557 2536 1694 2570 lascivia
1720 2535 1861 2570 famosae

1188 2589 1335 2622 Romam
1351 2587 1579 2622 ducebantur.
1593 2588 1670 2622 Lib.
1684 2589 1736 2630 ΙΙ,
1750 2590 1858 2635 epigr.

1190 2653 1289 2682 x1.11;
1312 2650 1344 2675 et
1363 2642 1522 2677 Juvenal.
1539 2641 1611 2676 Sat.
1630 2653 1680 2682 n,
1704 2654 1751 2675 vs.
1775 2644 1856 2678 162.
