1978 3305
457 231 555 279 320

835 235 895 276 Μ.
921 235 998 277 VA
1013 235 1061 277 L.
1101 236 1491 281 MARTIALIS

523 319 603 363 Illa
630 330 773 381 potest
794 319 977 365 culicem
1002 319 1131 382 longe
1156 322 1315 366 sentire
1340 322 1559 369 volantem
1575 361 1586 378 ‚

594 392 650 434 Et
679 391 845 434 minimi
874 407 1017 451 penna
1046 390 1277 452 papilionis
1303 394 1386 454 agi.

525 461 703 521 Exiguae
729 460 884 505 volitat
908 478 1118 522 suspensa
1140 477 1305 523 vapore
1330 463 1541 520 lucernae,

594 533 652 574 Et
677 530 831 575 leviter
857 531 953 575 fuso
982 533 1200 593 rumpitur
1230 534 1314 577 icta
1341 551 1478 578 mero.

524 603 621 645 Hoc
648 600 797 645 linitur
822 611 951 663 sputo
973 604 1071 646 Jani
1093 612 1270 664 caryota
1295 603 1530 661 Kalendis,

594 672 740 729 Quam
771 671 856 716 fert
883 689 983 717 cum
1012 689 1150 734 parvo
1179 673 1378 719 sordidus
1403 691 1498 720 asse
1523 674 1668 719 cliens.

524 743 665 785 Lenta
697 743 839 787 minus
867 743 1018 805 gracili
1043 754 1247 789 crescunt
1271 744 1485 790 colocasia
1507 745 1606 802 filo;

594 812 727 856 Plena
753 815 890 875 magis
918 815 1052 859 nimio
1081 814 1167 858 lilia
1189 814 1279 859 sole
1306 816 1489 871 cadunt3

523 884 618 927 Nec
640 899 752 945 vaga
775 893 865 928 tam
888 886 1006 928 tenui
1029 885 1242 930 discursat
1265 902 1424 930 aranea
1446 887 1555 942 tela,
1835 908 1865 930 15

594 956 701 998 Tam
729 953 823 999 leve
851 971 931 998 nec
960 955 1155 1016 bombyx
1181 955 1396 1017 pendulus
1419 967 1548 1019 urget
1569 973 1690 1018 opus.

524 1026 724 1069 Crassior
751 1026 795 1068 in
822 1025 931 1069 facie
956 1025 1113 1069 vetulae
1138 1036 1222 1069 stat
1247 1037 1366 1070 creta
1388 1027 1599 1081 Fabullae;

594 1096 796 1139 Crassior
826 1095 1004 1140 offensae
1027 1095 1145 1139 bulla
1169 1098 1371 1141 tumescit
1393 1113 1526 1158 aquae.

452 1246 530 1266 nam
541 1260 550 1273 ‚
565 1231 724 1266 carnifici
740 1231 924 1264 confestim
942 1230 1102 1265 tradidit.
1114 1250 1126 1260 υ

511 1299 565 1320 10.
593 1286 641 1318 Et
667 1285 774 1317 leviter
796 1285 892 1327 fusca
919 1283 1131 1317 Beverlandi

452 1338 561 1373 codex
577 1337 850 1382 manuscriptus.

513 1405 567 1426 11.
590 1392 664 1424 Hoc
691 1391 840 1423 liniturus
861 1402 945 1422 eram
961 1398 1042 1434 puto
1061 1391 1132 1435 jam

452 1445 554 1480 codd.
576 1445 657 1477 Vat.
681 1452 714 1477 et
736 1443 763 1476 F
765 1443 893 1476 lorent.
921 1464 974 1469 -—
991 1443 1066 1476 Hoc
1090 1443 1132 1475 li-

454 1503 541 1532 m'lm·
568 1505 672 1542 sputo.
695 1497 813 1530 Tenui
840 1496 954 1537 corio,
996 1503 1133 1539 crusta,

452 1553 506 1585 vel
545 1551 692 1584 tectorio
728 1549 875 1594 exponit
911 1547 1063 1594 Scaliger
1087 1547 1132 1582 ad

452 1605 586 1639 Tibulli
606 1604 668 1637 lib.
692 1604 719 1635 I.
743 1603 798 1634 An
830 1602 944 1643 forte,
963 1601 1000 1634 in
1026 1600 1132 1635 deau-

452 1657 565 1693 rando
579 1683 588 1699 ‚
609 1664 713 1702 sputo
735 1656 930 1688 utebantur
944 1654 1020 1688 vice
1033 1667 1133 1700 gum-

453 1711 524 1746 mi?
538 1710 654 1756 inquit
668 1709 871 1743 Farnabius.
890 1708 1034 1753 caryota
1049 1720 1131 1741 vero

453 1766 646 1812 palmarum
668 1763 802 1796 fructus
822 1769 892 1801 est,
911 1773 988 1807 quae
1010 1760 1055 1795 ad
1071 1773 1133 1808 pa-

452 1828 573 1852 tronos
592 1814 760 1850 Kalendis
780 1815 955 1848 Januariis
971 1815 1133 1848 mitteba-

453 1881 513 1906 tur
532 1885 552 1905 a
573 1869 771 1904 clientibus.
792 1868 868 1901 Lib.
891 1868 1001 1909 XIII,
1022 1867 1130 1913 epigr.

454 1936 566 1959 xxvu.
589 1923 677 1957 Cum
702 1929 845 1967 caryota
876 1929 991 1954 autem
1028 1921 1133 1954 simul

451 1987 555 2024 atque
573 1988 681 2009 assem
699 1974 928 2020 porrigebant
950 1985 1132 2019 pauperes.

454 2033 542 2065 Nam
565 2030 709 2063 ineunte
731 2039 823 2060 anno
849 2027 934 2072 stips
962 2027 1053 2059 Jano
1081 2027 1134 2059 of-

455 2085 645 2119 ferebatur.
667 2081 723 2114 Sic
743 2089 777 2114 et
795 2079 871 2113 Diis
892 2079 962 2113 suis
981 2079 1134 2125 peculia-

453 2139 569 2177 ribus,
582 2135 727 2180 singulis
742 2132 900 2167 kalendis
913 2133 1134 2178 pecuniolam

455 2192 605 2237 aliquam
636 2187 875 2234 porrigebant.
900 2186 1001 2219 Ratio
1031 2186 1135 2230 hujus

455 2241 711 2290 superstitionis
731 2249 800 2280 est,
816 2239 897 2286 quia
916 2238 1083 2272 kalendas
1102 2248 1135 2273 et

455 2309 627 2332 annorum
649 2293 824 2340 principia
842 2291 1002 2338 religiose
1015 2292 1134 2325 obser-

453 2353 595 2385 vabant.
626 2349 670 2382 Et
710 2359 780 2379 non
814 2345 954 2378 Ethnici
991 2345 1103 2379 solum
1127 2370 1136 2387 ,

455 2417 575 2439 verum
595 2411 627 2436 et
644 2413 684 2435 ex
704 2400 766 2433 Dei
783 2407 958 2445 praecepto
974 2398 1137 2432 Israelitae

455 2459 552 2492 initia
574 2454 747 2489 mensium
766 2452 1020 2493 observabant,
1036 2461 1068 2485 et
1085 2464 1137 2485 sa-

455 2511 597 2545 orificiis
618 2507 854 2542 celebrabant.

521 2577 528 2597 ι
544 2578 575 2596 2.
593 2560 713 2595 Codex
732 2559 917 2592 Pulmanni
938 2571 944 2590 :
963 2571 1137 2602 campus-co

458 2619 579 2651 ‚rm-dms
590 2629 657 2647 assc
670 2614 756 2645 clu's.
765 2611 884 2646 Codex
893 2611 1118 2645 Floreminus
1130 2624 1138 2644 .·

457 2685 524 2705 cum
547 2683 648 2714 parvo
667 2666 813 2699 mrdidus
843 2679 901 2699 axe
926 2665 1002 2698 Ales.
1023 2665 1138 2699 Verba

1192 1233 1265 1265 clies
1286 1228 1425 1274 [cliens]
1449 1241 1483 1267 et
1509 1233 1574 1266 dies
1603 1233 1701 1267 facile
1727 1245 1868 1278 permu-

1191 1293 1311 1319 tantur
1330 1286 1376 1318 ob
1400 1285 1669 1320 similitudinem
1686 1286 1867 1320 literarum

1191 1339 1223 1370 cl
1244 1346 1279 1372 et
1297 1338 1330 1372 d.
1349 1339 1394 1372 Et
1423 1339 1472 1373 sic
1503 1339 1607 1373 etiam
1629 1353 1689 1372 aare
1716 1347 1750 1372 et
1776 1352 1843 1372 asse
1853 1353 1865 1372 .-

1191 1390 1273 1424 vide
1284 1392 1372 1424 laxos
1382 1399 1414 1424 et
1427 1393 1524 1425 lassos
1539 1404 1644 1438 supra
1653 1418 1661 1433 ‚
1677 1391 1776 1426 istius
1786 1392 1867 1426 libri

1191 1456 1303 1489 epigr.
1322 1457 1400 1478 xxx.

1250 1498 1306 1531 13.
1334 1497 1513 1531 Colocasia.
1531 1497 1634 1532 Fabae
1658 1505 1739 1531 sunt
1762 1499 1870 1543 AEgy-

1191 1549 1290 1594 ptiae,
1301 1562 1378 1596 quae
1394 1558 1500 1584 coctae
1517 1550 1624 1584 instar
1639 1549 1780 1583 filorum
1794 1558 1870 1584 ten·

1192 1601 1337 1636 duntur.
1357 1603 1437 1636 Lib.
1458 1604 1566 1645 XIII,
1589 1603 1701 1649 epigr.
1720 1615 1819 1644 LVII,
1836 1612 1871 1637 et

1192 1655 1330 1690 Plinius
1349 1656 1410 1689 lib.
1424 1656 1535 1696 XXI,
1556 1669 1631 1702 cap.
1654 1657 1711 1690 15.

1249 1713 1306 1749 ¹4·
1330 1709 1434 1742 Plena
1456 1712 1580 1754 magis,
1609 1717 1676 1743 etc.
1706 1708 1805 1742 Folia
1827 1708 1871 1742 li-

1190 1762 1321 1795 liorum
1356 1763 1399 1796 ab
1432 1761 1559 1796 ardore
1588 1762 1670 1796 solis
1705 1760 1871 1795 deciden-

1192 1815 1282 1848 tium
1305 1841 1314 1855 ,
1355 1823 1436 1848 sunt
1469 1815 1636 1849 crassiora
1673 1827 1777 1860 quam
1813 1823 1871 1849 tua

1192 1868 1322 1914 phiala.

1252 1921 1311 1954 15.
1327 1920 1396 1954 Nec
1420 1933 1508 1965 vaga
1537 1929 1600 1953 tam
1621 1923 1707 1953 tenui
1723 1920 1873 1953 discurrit

1194 1972 1298 2007 codd.
1313 1973 1452 2007 Thuau.
1473 1974 1632 2008 Florent.
1652 1981 1686 2007 et
1706 1973 1872 2007 Pulman»

1192 2027 1252 2068 ni;
1284 2035 1318 2059 et
1344 2026 1392 2059 sic
1418 2026 1521 2060 etiam
1542 2027 1627 2072 legit
1647 2026 1806 2060 Huschk.
1827 2025 1871 2059 ad

1193 2079 1471 2113 TibulL—Nec
1495 2093 1599 2125 avg«,
1623 2087 1690 2112 etc.
1724 2081 1873 2113 Aranea-

1194 2145 1272 2166 rum
1295 2141 1329 2166 et
1352 2133 1565 2179 bombycum
1590 2133 1667 2165 tclae
1697 2144 1768 2165 non
1791 2140 1873 2166 sunt

1196 2185 1284 2219 adeo
1303 2185 1459 2219 subtiles.

1255 2252 1265 2272 ι
1278 2251 1312 2283 7.
1339 2238 1498 2278 Crassior,
1521 2247 1586 2272 etc.
1607 2238 1723 2272 Fucus
1743 2249 1803 2272 seu
1822 2238 1874 2271 in·

1196 2300 1473 2325 crustamentum
1487 2291 1588 2325 faciei
1603 2299 1839 2337 supertectum
1853 2302 1872 2323 e

1197 2353 1292 2379 creta
1325 2344 1412 2377 Chia
1445 2345 1500 2377 vel
1520 2344 1702 2378 Selinusia.
1728 2365 1777 2370 —
1799 2342 1875 2377 Stat

1197 2399 1308 2431 cartha
1334 2397 1483 2431 Fabulla·
1504 2396 1609 2431 codd.
1627 2398 1723 2431 Vatt.
1743 2406 1775 2430 ct
1793 2395 1873 2429 Flo-

1197 2460 1288 2485 rent.
1309 2451 1452 2484 habent.
1472 2451 1551 2492 Qua
1579 2451 1651 2484 sive
1682 2449 1725 2483 ad
1754 2447 1874 2483 candi-

1198 2504 1279 2537 dam
1294 2502 1485 2538 faciendam
1498 2529 1508 2544 ‚
1527 2504 1599 2536 sive
1615 2502 1658 2537 ad
1675 2500 1875 2548 polieudam

1200 2566 1319 2591 cutem
1341 2557 1502 2590 utebatur
1523 2557 1678 2590 Fabulla.

1259 2613 1311 2646 18.
1346 2611 1511 2653 Ussetam.
1532 2618 1596 2643 etc.
1628 2608 1767 2641 Leviter
1798 2619 1875 2652 por-

1201 2677 1306 2698 cnssae
1319 2689 1328 2702 ,
1346 2664 1500 2708 agitatae,
1524 2661 1617 2696 unde
1635 2662 1748 2695 uritur
1769 2660 1876 2694 bulla.
