1978 3305
407 192 466 243 24

772 189 835 232 M.
862 190 1001 232 VAL.
1042 190 1432 234 MARTIALIS

540 278 597 323 Et
626 276 702 320 fiet
726 277 847 320 vario
872 275 1072 320 sordidus
1099 292 1183 320 aere
1208 277 1341 321 sinus.

470 348 527 389 At
555 362 671 390 nunc
698 347 884 390 conviva
909 355 998 401 est,
1018 347 1358 407 comissatorque
1381 345 1576 404 libellus,

540 418 597 459 Et
620 425 788 460 tantum
810 417 942 477 gratis
961 417 1121 476 pagina
1145 425 1292 460 nostra
1314 415 1468 476 placet.

472 485 557 530 Sed
583 502 670 530 non
697 485 779 530 hac
806 487 988 530 Veteres
1012 487 1206 531 contenti
1229 485 1356 530 laude
1381 486 1582 543 fuerunt,

401 607 498 640 sinus
514 632 524 648 ,
549 614 615 640 etc.
649 627 701 632 —
732 605 897 640 Metretas.
925 606 1075 641 Metreta

399 659 494 694 idem
513 670 622 704 genus
639 670 812 692 mensurae
829 658 925 705 quod
947 658 1074 702 cadus3

401 711 445 746 de
454 712 570 745 Attico
580 711 717 757 loquor.
730 712 904 746 Caeterum
913 714 1074 759 μετρητὴς

404 764 533 798 dicitur
551 764 682 798 Graecis
703 772 738 798 et
755 764 890 799 Latinis
913 773 1072 806 meu-ates,

402 829 503 851 masc.
518 830 594 862 gen.
610 829 650 851 ac
661 830 737 851 mr.
746 825 889 859 metreta,
903 818 984 851 fem.
995 830 1072 864 gen.

401 871 453 903 De
466 882 535 915 qua
547 870 669 915 ingens
678 870 770 903 inter
784 878 944 904 auctores
960 883 1073 904 sacros

403 931 437 956 et
459 923 578 956 civiles
596 922 789 968 disputatio
800 949 809 964 ,
825 932 995 969 quantum
1010 937 1073 956 me-

405 983 495 1008 {retes
505 975 629 1020 capiat.
641 976 685 1009 Et
695 975 876 1009 sciendum
892 976 1073 1022 Syriacum

403 1035 588 1062 metretem
608 1029 826 1074 capaciorem
851 1029 967 1062 Attico
985 1042 994 1070 ;
1015 1030 1074 1062 At-

403 1081 510 1114 ticum
531 1082 704 1115 Romano.
720 1081 876 1115 Raderus
892 1090 997 1127 putat
1015 1094 1072 1115 ca-

396 1146 486 1179 pere
520 1135 566 1174 48
600 1135 766 1167 sextarios
781 1160 790 1175 ,
822 1134 881 1167 alii
907 1134 1073 1168 sextarios

405 1189 475 1227 60,
493 1199 554 1220 seu
576 1186 699 1220 decem
724 1187 877 1233 congios.
898 1186 983 1220 Vid.
1004 1187 1074 1220 Bu-

403 1238 497 1273 daeus
514 1265 524 1280 ,
557 1238 602 1273 de
634 1240 741 1282 Asse,
775 1239 838 1273 lib.
857 1240 903 1274 V.
931 1240 999 1274 En.
1022 1260 1075 1267 —

405 1292 517 1334 Cato,
541 1305 616 1337 cap.
652 1305 721 1337 107
747 1305 755 1325 :
784 1310 798 1322 ι
827 1292 953 1326 Oleum
982 1293 1011 1327 si
1039 1292 1076 1325 in

404 1353 586 1379 metretam
614 1357 741 1378 novam
769 1343 948 1380 inditurus
977 1345 1044 1379 eris
1064 1370 1074 1385 ‚

404 1405 471 1430 etc.
499 1396 535 1430 id
556 1398 585 1431 si
612 1398 756 1439 feceris,
782 1406 926 1432 metreta
958 1399 1075 1432 oleum

404 1462 476 1482 non
494 1450 611 1492 bihet;
628 1459 662 1484 et
676 1451 795 1484 oleum
814 1451 937 1485 melius
953 1451 1076 1493 faciet,

405 1510 439 1536 et
456 1503 528 1548 ipsa
548 1511 695 1538 metreta
717 1504 854 1537 firmior
872 1505 950 1538 erit.
962 1505 1076 1549 „Lege

406 1555 590 1590 Columell.
611 1556 673 1590 lib.
690 1558 780 1598 XII,
797 1569 898 1603 capp.
923 1570 939 1590 2
951 1570 967 1590 2
982 1583 991 1598 ‚
1012 1562 1075 1598 4ο,

407 1608 465 1642 51.
486 1610 612 1643 Juven.
631 1609 702 1643 Sat.
720 1622 767 1643 111
784 1635 793 1651 ,
814 1610 1075 1651 ‚46:01Athic

404 1662 538 1708 tignum
560 1662 665 1708 capiti
687 1662 815 1696 incutit
834 1689 842 1704 ‚
869 1663 926 1696 ille
948 1671 1076 1697 metre-

404 1723 486 1749 tam.
501 1733 513 1745 n
530 1716 571 1748 In
594 1715 799 1749 Dioscoride
821 1724 854 1749 et
872 1716 996 1749 Paullo
1013 1717 1076 1749 Ju-

404 1768 548 1802 riscons.
575 1768 685 1801 multa
705 1777 786 1802 sunt
806 1769 938 1814 optima
959 1768 1002 1803 de
1020 1781 1077 1803 ca-

404 1821 552 1866 pacitate
576 1829 740 1855 metretae.
763 1822 839 1855 Hoc
859 1829 973 1855 tamen
996 1831 1077 1856 ante

405 1873 595 1908 tenendum
623 1882 825 1915 metretam,
844 1875 1049 1919 amphoram
1066 1901 1076 1916 ‚

403 1926 530 1961 cadum
543 1940 609 1973 pro
625 1927 749 1961 eodem
765 1940 892 1973 genere
907 1940 1078 1962 mensurae

405 1981 526 2026 accipi.
542 1980 684 2026 Syriaca
699 1981 794 2026 capit
810 1981 974 2015 sextarios
990 1993 1003 2015 1
1016 1994 1077 2023 20,

404 2034 517 2067 Attica
532 2058 542 2074 ,
574 2047 617 2076 7²
637 2045 645 2066 :
675 2033 772 2080 quod
798 2034 940 2067 Paullus
963 2032 1076 2068 docet.

404 2086 588 2121 Dubitatio
598 2094 648 2120 est
663 2085 758 2132 apud
774 2085 894 2120 divum
903 2087 1077 2121 Ioannem

404 2152 523 2185 evang.
538 2139 599 2173 ubi
611 2140 725 2185 agitur
737 2137 781 2173 de
791 2152 849 2173 sex
859 2139 1016 2185 hydriis,
1033 2153 1076 2174 an

403 2192 560 2238 Syriacas
575 2218 584 2234 ‚
605 2205 647 2226 an
667 2193 815 2234 Atticas,
839 2206 881 2226 an
904 2194 1077 2228 Romanas

405 2253 565 2279 metretas
598 2245 818 2279 intellexerit.
835 2245 992 2291 Syriacas
1022 2247 1075 2280 in-

404 2298 571 2331 tellexisse
599 2299 679 2332 facit
700 2299 821 2344 ingens
850 2299 948 2345 copia
971 2299 1044 2333 vini
1065 2312 1073 2333 :

407 2352 578 2384 Romanas
600 2350 830 2394 crediderim;
855 2364 934 2385 nam
957 2353 984 2387 si
1004 2353 1075 2386 siu-

402 2404 491 2447 gulae
519 2402 654 2449 hydriae
678 2413 812 2438 tantum
834 2405 1077 2440 continuerint

403 2456 488 2489 (luas
510 2465 692 2497 metretas,
716 2457 802 2490 inira
826 2458 876 2491 vis
894 2459 960 2492 crit
988 2459 1072 2492 vini.

404 2509 518 2550 Quid,
540 2510 564 2542 si
589 2511 657 2555 jam
677 2509 834 2555 quaedam
859 2510 993 2556 hydria:
1019 2525 1074 2545 ce-

405 2572 529 2606 perunt
548 2571 615 2595 trcs
635 2571 794 2597 metretas
808 2563 821 2596 ?
835 2564 924 2608 Lego
941 2564 1074 2598 Maltlo-

407 2623 522 2649 natum
538 2641 545 2655 ‚
567 2616 728 2649 'l'nletum
747 2644 753 2655 ,
778 2617 907 2651 Lucam
939 2618 1072 2652 Poetum

1134 607 1261 641 Jurisc.
1281 606 1326 641 de
1341 606 1516 641 mensuris
1534 615 1570 641 et
1587 606 1807 653 ponderibus

1133 660 1298 694 romanis.
1319 659 1427 702 Quod
1446 660 1474 694 si
1496 659 1590 694 dicas
1609 659 1681 695 div.
1700 661 1807 696 Joan-

1133 725 1215 746 nem
1235 712 1387 747 Atticam
1405 722 1465 747 aut
1482 712 1660 759 Syriacam
1678 723 1820 755 metre-¹

1134 773 1205 799 tam
1234 765 1421 812 cogitasse,
1442 765 1675 812 intelligerem
1697 767 1807 813 majo-

1134 831 1206 852 rem
1228 827 1314 852 tunc
1332 819 1404 853 vini
1423 818 1558 864 copiam
1578 819 1716 853 efficere
1731 846 1740 861 ,
1769 828 1808 854 ut

1132 871 1286 905 Fannius
1301 871 1429 917 aliique
1447 880 1631 906 testantur.
1645 872 1763 906 Rader.
1817 899 1824 904 .

1188 925 1223 958 8.
1238 923 1355 969 Etfiee
1370 925 1492 957 Phario
1506 923 1732 958 scribendum
1745 938 1809 970 pu-

1132 976 1226 1010 tabat
1260 977 1475 1022 Rutgersius.
1511 978 1561 1009 Et
1586 976 1684 1022 fieret
1716 980 1809 1010 ‘vario

1133 1028 1245 1063 codex
1265 1029 1463 1062 Pulmanni.

1185 1095 1221 1127 9.
1253 1081 1460 1115 Beverlandi
1481 1081 1557 1116 MS.
1586 1085 1809 1129 miseraturqtoe

1133 1134 1254 1167 libellus
1263 1156 1316 1162 —
1326 1134 1530 1168 comissator.
1545 1135 1643 1168 Libri
1655 1135 1723 1168 mei
1736 1136 1807 1181 apti

1132 1196 1213 1221 sunt
1239 1195 1373 1221 tantum
1395 1187 1566 1222 conviviis
1587 1196 1621 1221 et
1643 1201 1810 1222 comessa-

1134 1240 1289 1274 tionibus
1309 1252 1317 1274 :
1346 1241 1401 1274 vel
1429 1248 1580 1274 tractant
1602 1239 1647 1274 de
1665 1253 1808 1287 sympo-

1133 1292 1193 1327 siis
1201 1319 1211 1335 ,
1225 1293 1557 1339 compotationibus,
1569 1292 1713 1327 ludicris
1721 1319 1731 1335 ‚
1741 1302 1808 1328 etc.

1133 1346 1196 1380 Est
1215 1355 1330 1381 autem
1358 1346 1584 1388 comessatio,
1603 1347 1658 1380 vel
1683 1347 1808 1380 comis-

1133 1399 1239 1440 satio,
1268 1400 1553 1445 intempestivum
1582 1400 1784 1434 convivium
1798 1425 1807 1439 ‚

1134 1452 1326 1498 praesertim
1358 1460 1574 1486 nocturnum
1605 1460 1639 1486 et
1667 1452 1809 1498 quidem

1133 1513 1212 1551 post
1231 1517 1384 1543 emnam,
1407 1518 1516 1551 quum
1538 1518 1611 1538 nou
1632 1505 1720 1539 cibis
1738 1514 1810 1539 tan-

1134 1566 1232 1600 tum,
1257 1558 1318 1592 sed
1345 1567 1380 1592 et
1409 1559 1557 1592 lasciviae
1585 1557 1810 1604 indulgerent

1136 1611 1293 1645 Veteres.

1191 1676 1248 1698 10.
1270 1665 1320 1698 Et
1335 1672 1454 1698 tantum
1472 1666 1586 1709 gratis.
1609 1664 1809 1706 Juvenalis,

1133 1725 1198 1750 sat.
1216 1718 1287 1750 VII
1300 1743 1309 1758 ‚
1330 1719 1372 1751 81
1393 1730 1401 1750 :
1421 1735 1434 1747 ιι
1449 1717 1572 1751 Gloria
1591 1717 1810 1762 quantalibet

1134 1768 1222 1815 quid
1245 1770 1333 1811 erit,
1361 1770 1389 1804 si
1407 1770 1519 1816 gloria
1538 1778 1674 1803 tantum
1690 1770 1768 1804 est?
1792 1789 1805 1799 υ

1134 1823 1212 1856 Lib.
1241 1824 1312 1863 XI,
1340 1823 1448 1868 epigr.
1477 1835 1514 1856 iv
1539 1835 1547 1856 :
1578 1840 1590 1852 u
1611 1823 1683 1856 Nec
1704 1823 1810 1857 sentit

1134 1874 1253 1909 laudes
1282 1877 1440 1909 sacculus
1473 1876 1537 1909 iste
1577 1888 1686 1910 meus.
1709 1893 1723 1906 ι
1759 1897 1811 1903 -

1138 1928 1373 1973 Gratisplacet.
1385 1929 1477 1970 Quia
1489 1927 1570 1962 inde
1580 1941 1651 1962 non
1665 1929 1815 1971 ditesc03

1134 1994 1198 2016 nec
1213 1982 1344 2016 vivitur
1359 1982 1456 2015 vanis
1469 1981 1631 2015 laudibus
1647 1990 1680 2016 et
1692 1982 1812 2027 gloriae

1135 2033 1286 2068 evanido
1305 2035 1414 2069 fumo.
1432 2036 1527 2080 Ergo
1543 2037 1647 2079 gratis
1667 2043 1718 2069 est
1738 2035 1812 2068 sine

1135 2088 1249 2133 pretio
1260 2112 1269 2129 ,
1285 2088 1366 2133 quia
1378 2101 1482 2122 nemo
1494 2088 1599 2122 solvit
1615 2088 1701 2122 mihi
1714 2089 1812 2133 jocos

1135 2149 1170 2175 et
1187 2139 1464 2175 hilaritudinem.

1193 2207 1206 2227 1
1218 2206 1247 2228 1.
1258 2193 1325 2227 Sed
1332 2207 1392 2227 ηοη
1402 2202 1434 2227 et
1442 2202 1570 2227 veteres.
1583 2192 1810 2227 cod.Thuan.

1135 2247 1199 2281 Sed
1215 2260 1277 2280 non
1297 2256 1331 2280 ut
1346 2255 1464 2280 veteres
1483 2246 1592 2281 codex
1613 2247 1811 2280 Vaticanus.

1134 2319 1187 2326 --
1216 2300 1282 2334 Sed
1308 2313 1369 2333 non
1404 2301 1462 2333 Ιιασ
1489 2300 1629 2333 Veteres.
1658 2300 1812 2345 Amplis-

1134 2352 1229 2387 simis
1256 2353 1350 2386 enim
1380 2353 1585 2387 muneribus
1606 2353 1690 2386 culti
1717 2353 1814 2387 fuere

1134 2414 1245 2452 poetoe
1262 2405 1437 2452 quondam
1452 2419 1460 2446 ;
1481 2406 1529 2439 ita
1545 2414 1583 2439 ut
1601 2406 1727 2451 singuli
1741 2417 1814 2439 ver·

1134 2472 1191 2493 sus
1223 2453 1374 2504 singulis·
1396 2459 1509 2493 aureis
1541 2459 1809 2492 redimerentur.

1137 2511 1219 2546 Vid.
1232 2512 1312 2545 Juv.
1326 2513 1473 2553 sanvll,
1486 2512 1519 2545 iu
1532 2524 1598 2557 qua
1613 2512 1686 2545 fuse
1700 2511 1813 2556 agitur

1134 2565 1177 2600 de
1196 2566 1303 2600 sterili
1322 2574 1503 2611 poetarum
1525 2573 1608 2598 arte.
1632 2565 1812 2599 sententia·

1135 2627 1183 2653 cst
1200 2628 1330 2653 vcteics
1343 2627 1458 2664 poetas
1472 2631 1545 2652 non
1560 2618 1691 2662 exiguis
1708 2618 1812 2652 fuisse
