1978 3305
323 236 907 280 EPIGRAMMATUM
944 235 1068 278 LIB.
1091 235 1207 276 VII.

1371 231 1467 295 259

138 324 268 381 Quod
297 326 330 368 si
362 324 545 368 lascivos
575 324 762 367 admittit
791 333 833 366 et
863 322 930 367 ille.
961 321 1152 371 libellos,

209 397 313 439 Haec
341 411 422 456 ego
453 393 521 438 vel
551 395 685 438 Curio
712 394 994 453 Fabricioque
1019 392 1172 453 legam.

123 552 156 588 4.
178 549 260 581 Hoec
281 561 349 592 ego.
373 549 537 582 Carmina
555 549 666 593 legam
687 547 739 580 vi-

67 600 114 634 ris
136 601 192 634 vel
218 601 439 646 gravissimis.
466 601 596 634 Curius
621 608 655 633 et
676 600 739 633 Fa-

67 653 196 687 bricius
214 654 288 687 noti
307 666 346 686 ex
362 654 475 694 Livio,
490 653 594 685 Floro
606 678 615 693 ‚
633 653 741 685 Hora-

800 547 864 587 tio,
892 547 982 587 aliis.¹
1015 555 1050 578 et
1077 554 1265 579 sumuntur
1295 558 1359 591 pro
1391 546 1471 578 viris

799 599 1017 643 gravissimis.
1029 599 1119 631 Hinc
1131 599 1256 631 Juven.
1275 605 1337 632 sat.
1353 599 1387 631 II
1398 624 1407 640 ‚
1422 611 1470 631 vs.

803 653 821 684 3
844 663 851 683 :
877 651 965 692 «Qui
985 651 1109 683 Curios
1125 651 1322 684 simulant.»

650 796 886 852 LXIX.

352 957 417 983 nr«,
457 954 777 982 THEOPHILA
816 953 884 981 An
923 934 1194 981 CAN111M.*

135 1083 245 1125 HAEc
272 1089 337 1124 est
361 1078 432 1122 illa
458 1079 533 1122 tibi
561 1079 774 1138 promissa
801 1076 1071 1137 Theophila,
1097 1078 1204 1121 Cani
1220 1113 1231 1132 ,

207 1150 343 1210 Cujus
369 1149 582 1209 Cecropia
607 1157 786 1209 pectora
811 1147 912 1191 dote
939 1147 1126 1190 madent.

136 1223 262 1264 Hanc
291 1219 370 1264 sibi
389 1220 487 1280 jure
510 1228 629 1279 petat
653 1219 798 1279 magni
825 1219 937 1261 senis
961 1218 1130 1261 Atticus
1155 1217 1308 1260 hortus
1324 1253 1335 1268 ,

205 1292 299 1334 Nec
327 1291 470 1333 minus
501 1305 592 1332 esse.
616 1304 736 1332 suam
761 1289 904 1333 Stoica
930 1287 1059 1331 turba
1083 1286 1199 1331 velit.

134 1362 266 1405 Vivet
293 1376 402 1420 opus
428 1359 734 1420 quodcumque.
759 1374 837 1419 per
862 1358 940 1401 has
964 1358 1154 1401 emiseris
1182 1373 1332 1410 aures;

203 1433 308 1474 Tam
338 1447 427 1474 non
454 1429 716 1483 femineum,
747 1445 827 1473 nec
856 1426 1067 1490 populare
1093 1429 1214 1488 sapit.

137 1501 238 1545 Non
268 1510 342 1544 tua
368 1500 583 1544 Pantaenis
609 1500 790 1543 nimium
821 1515 865 1543 se
895 1497 1097 1559 praeferat
1121 1497 1205 1549 illi,

119 1641 134 1654 *
158 1644 330 1691 Sponsam
355 1643 456 1677 Canii
482 1650 594 1688 poetae
619 1643 737 1675 Theo-

66 1698 200 1744 philam
217 1723 226 1739 ‚
250 1698 293 1730 ab
322 1695 490 1742 exquisita
516 1694 676 1728 doctrina
705 1703 739 1728 et

65 1751 234 1796 singulari
255 1749 453 1784 castimonia
475 1747 604 1782 laudat.
619 1769 671 1774 ——-
687 1749 740 1780 De

72 1804 245 1850 Theophila
264 1804 338 1837 sine
356 1803 423 1836 alio
443 1801 683 1835 additamento
702 1800 738 1833 in

67 1856 147 1891 edd.
170 1865 254 1890 vett.

124 1923 155 1943 1.
192 1910 352 1942 Promissa
396 1907 579 1952 Theophila.
622 1906 739 1939 Puella

67 1962 223 2003 erudita,
241 1974 365 2008 sponsa
381 1960 503 2002 Canii,
523 1959 566 1993 de
584 1971 656 2005 quo
674 1959 737 1992 lib.

67 2016 140 2057 111,
155 2016 264 2060 epigr.
282 2027 345 2056 ιη
362 2022 395 2048 et
410 2014 471 2047 lib.
488 2014 522 2054 I,
538 2012 648 2058 epig-r.
666 2024 739 2045 Lx11

69 2076 103 2101 et
120 2081 197 2102 Lxx.

124 2134 156 2154 2.
179 2122 221 2154 In
235 2118 316 2153 edd.
334 2126 417 2152 vett.
437 2126 566 2164 pectora
579 2130 657 2150 voce
673 2130 740 2149 ma-

69 2173 152 2206 dent.
175 2171 384 2206 Beverlandi
401 2172 475 2205 MS.
497 2170 640 2205 exhibet
658 2184 665 2202 :
683 2183 741 2215 pe-

70 2234 158 2258 ctora
193 2239 260 2258 rore
295 2225 430 2257 madent.
465 2224 628 2257 Nostram
661 2223 740 2256 lect.

70 2286 240 2312 testantur
260 2277 384 2323 optimi
405 2276 555 2310 codices.
572 2297 623 2302 —-
644 2275 742 2320 Cujus

73 2331 225 2375 Cecropia
239 2338 367 2375 pectora
385 2329 467 2363 dote.
483 2330 559 2362 Hoc
576 2336 647 2370 est,
667 2341 744 2361 eru-

71 2382 142 2416 dita
160 2383 269 2416 literis
285 2382 414 2416 Graecis
432 2393 440 2414 :
458 2382 555 2414 hunc
572 2380 743 2426 loquendi

71 2435 216 2469 modum
237 2434 464 2480 explicuimus
481 2434 541 2467 lib.
554 2435 592 2473 I,
613 2445 668 2479 ep.
688 2447 742 2466 xL.

127 2489 160 2522 3.
180 2488 297 2533 Magni
308 2489 387 2520 senis
405 2487 487 2519 altus
505 2488 536 2518 in
551 2487 648 2518 hortis
663 2485 743 2519 Ald.

71 2542 169 2575 Junt.
192 2541 309 2574 Colin.
327 2539 465 2585 Gryph.
485 2548 551 2572 etc.
572 2541 678 2584 magni
698 2552 746 2571 se-

74 2597 120 2627 nis
145 2595 274 2628 Atticus
293 2594 398 2626 hortus
420 2591 529 2626 codex
551 2591 746 2625 Pulmanni.

79 2668 121 2674 —
162 2647 290 2681 Atticus
331 2647 447 2679 hortus.
496 2645 621 2678 Sensus
659 2652 709 2676 est
738 2655 746 2677 :

796 1642 887 1675 hanc
905 1641 971 1674 sibi
989 1640 1195 1687 discipulam
1220 1642 1298 1686 jure
1320 1642 1472 1677 vindicet

797 1695 918 1735 Plato,
940 1695 994 1727 vel
1017 1694 1165 1739 quilibet
1189 1694 1275 1728 alius
1297 1695 1472 1741 magister,

797 1748 858 1793 qui
880 1746 1140 1794 philosophiam
1161 1746 1286 1781 doceat
1308 1748 1345 1781 in
1366 1749 1470 1782 horto

798 1801 840 1833 ab
852 1800 958 1834 heroe
970 1799 1145 1833 Academo
1158 1800 1304 1834 Athenis
1317 1801 1352 1833 in
1369 1814 1469 1835 usum

797 1853 922 1887 scholae
946 1861 1155 1886 consecrato.
1179 1853 1270 1886 Sunt
1293 1854 1354 1899 qui
1381 1855 1470 1896 refe-

797 1915 877 1939 rant
902 1906 997 1939 hunc.
1018 1906 1160 1939 hortum
1187 1905 1229 1939 ad
1257 1907 1447 1951 Epicurum
1462 1933 1470 1947 ‚

798 1959 871 2004 qui,
881 1959 972 1992 utait
982 1957 1299 1998 Raderus,hortum
1313 1961 1357 1993 80
1369 1960 1472 1992 minis

798 2019 948 2052 emerat,
970 2019 1004 2044 et
1022 2011 1109 2044 vixit
1128 2012 1315 2056 nonaginta
1333 2012 1469 2045 circiter

799 2077 924 2106 annos,
940 2063 1035 2097 unde
1049 2076 1196 2109 magnus
1210 2077 1312 2097 senex
1328 2063 1468 2097 dicitur.

853 2122 886 2159 4.
910 2118 1019 2150 Stoica
1038 2117 1139 2149 turba.
1156 2117 1388 2161 Theophilam
1414 2130 1470 2150 ex-

798 2177 954 2216 spectant
980 2181 1123 2215 quoque
1145 2169 1250 2202 Stoici
1272 2182 1342 2202 suae
1364 2168 1470 2202 disci-

798 2224 902 2269 plinae
923 2223 1094 2255 aemulam.

856 2276 889 2310 5.
913 2275 1087 2309 Gruterus
1112 2286 1152 2307 ex
1175 2274 1294 2307 codice
1315 2274 1472 2308 Palatino

800 2329 905 2374 legit:
925 2341 985 2372 per
1005 2328 1060 2359 has
1080 2328 1215 2359 emiseris
1236 2339 1346 2367 aures,
1372 2335 1405 2360 et
1427 2327 1474 2361 sic

801 2390 851 2414 est
866 2381 902 2414 in
913 2380 1095 2413 Vaticano.
1120 2380 1184 2411 Per
1201 2381 1276 2411 istas
1292 2382 1408 2413 miseris
1423 2393 1477 2412 au·

803 2447 849 2466 res
870 2433 1040 2466 exhibent
1061 2431 1140 2465 edd.
1162 2440 1244 2464 vett.

859 2488 891 2518 6.
909 2485 983 2518 Jam
1003 2498 1063 2517 non
1085 2485 1265 2527 foemz'neum
1290 2485 1327 2518 in
1351 2490 1476 2518 Dever-

805 2537 900 2571 landi
922 2538 997 2571 MS.

861 2604 894 2635 7.
916 2591 989 2624 Νοη
1012 2599 1065 2623 tua
1088 2591 1256 2623 Parthenia·
1278 2590 1356 2624 Ald.
1378 2591 1476 2623 Junt.

808 2643 922 2678 Colin.
935 2643 1072 2689 Gryph.
1087 2643 1202 2676 Pulm.
1218 2643 1328 2677 Plant.
1339 2644 1482 2676 Junian.

1146 2714 1236 2775 177
