1978 3305
466 236 564 284 350

844 239 906 281 M.
929 239 1070 282 VAL.
1110 238 1499 284 MARTIALIS

599 323 780 386 Templa
801 325 964 381 nitent,
986 325 1086 369 felix
1109 341 1208 370 area
1232 342 1374 387 nuper
1393 336 1487 371 erat
1511 345 1520 371 ;

531 396 612 439 Hic
637 396 756 439 stetit
777 396 926 440 Arctoi
949 395 1167 447 formosus
1191 395 1371 457 pulvere
1395 395 1498 440 belli

600 467 875 526 Purpureum
903 464 1089 510 fundens
1111 468 1259 511 Caesar
1283 466 1339 510 ab
1364 483 1440 511 ore
1463 467 1615 528 jubar3

529 536 612 580 Hic
638 535 762 580 lauro
788 535 992 580 redimita
1021 552 1191 594 comas,
1219 546 1264 582 et
1291 536 1478 582 candida
1508 537 1629 582 cultu

598 675 707 724 Νηὸς
723 709 734 730 ‚
756 671 884 725 ἅλωος
905 675 970 722 ἔην
993 675 1220 736 εὐρυχόροιο
1244 668 1368 718 πέδον
1386 691 1396 700 ·

526 746 588 804 Τῇ
609 738 647 786 δ’
668 740 738 792 ἔὲη
760 737 971 804 Ᾱρκτῴοιο
995 745 1129 795 πόνοις
1150 744 1343 805 ἐπίσημος
1364 743 1517 806 ἀγῶνος

597 816 755 875 Καῖσαρ
780 815 1062 875 ἀπας-ροίπτων
1085 813 1198 873 ὄψιος
1217 810 1295 865 ἡδὺ
1316 817 1456 866 σέλας·

527 875 682 928 Ενθοίδε
701 884 946 945 λευχείμων,
966 885 1033 929 καὶ
1053 880 1183 946 δάφνῃ
1204 888 1338 946 κρᾶτα
1355 887 1519 936 πυκαςῆ

455 1030 550 1063 tiano
564 1042 582 1063 a
594 1030 687 1063 bello
699 1029 890 1063 Sarmatico
900 1028 1041 1072 reduci,
1052 1036 1137 1063 tem-

454 1083 552 1128 plum
569 1083 734 1117 Fortunae
744 1082 895 1116 Reducis
914 1081 1135 1116 aedificatum.

454 1138 559 1179 Τύχην
578 1137 788 1182 ἑπανοίγωγον
809 1135 962 1181 appellat
974 1135 1042 1168 Dio
1057 1135 1135 1168 loco

453 1189 572 1222 citato.
594 1188 757 1222 Meminit
780 1188 887 1233 hujus
911 1188 1078 1221 Fortunae
1102 1195 1137 1221 et

454 1240 667 1275 Claudianus
684 1253 693 1274 ε
719 1259 733 1271 «ι
751 1242 865 1275 Aurea
885 1241 1051 1275 Fortunae
1067 1242 1135 1274 Re-

453 1293 538 1327 duci
555 1294 581 1328 si
601 1295 729 1340 templa
747 1294 883 1340 priores
899 1294 957 1328 Ob
978 1293 1134 1328 reditum

453 1359 580 1381 vovere
596 1347 746 1381 ducum.
767 1364 781 1376 ι»

509 1414 542 1434 2.
558 1401 590 1434 F
589 1401 653 1434 elix
662 1413 747 1434 area.
761 1400 828 1433 Vel
841 1399 936 1446 quod
949 1399 987 1433 in
998 1412 1037 1433 ea
1047 1408 1135 1434 tem-

453 1453 550 1499 plum
573 1454 736 1487 Fortunae
757 1452 971 1487 destinatum
992 1453 1057 1495 sit,
1078 1453 1135 1487 vel

454 1507 571 1552 potius
596 1505 692 1553 quod
716 1507 788 1540 illic
810 1518 993 1540 reversum
1015 1507 1134 1552 Impe-

453 1568 603 1593 ratorem
619 1559 738 1605 primo
752 1559 954 1593 salutaverit
968 1559 1133 1605 populus.

510 1614 542 1647 3.
564 1614 631 1646 Hic
654 1615 742 1646 stetit
766 1613 884 1646 Arctoi
900 1613 1044 1656 famosus
1067 1612 1134 1645 Be-

454 1665 614 1699 verlandi
633 1666 710 1699 MS.
721 1687 773 1692 -—-
783 1666 910 1699 Arctoi.
931 1664 1134 1707 Sarmatici,

454 1727 494 1752 ut
512 1720 671 1757 lib.VII,
697 1719 807 1764 epigr.
826 1731 952 1752 vn.—
965 1718 1134 1751 Formosus

450 1773 591 1817 pulvere.
614 1772 783 1817 Lyricum
805 1771 984 1805 aemulatus
1001 1797 1010 1813 ‚
1033 1780 1068 1805 et
1093 1779 1133 1805 ut

454 1837 536 1858 reor
547 1851 556 1866 ‚
573 1834 764 1866 assecutus;
780 1825 841 1869 qui
857 1825 921 1858 lib.
937 1825 973 1857 II
984 1850 994 1866 ,
1013 1822 1075 1858 od.
1097 1837 1111 1858 1
1123 1849 1132 1865 ,

459 1895 472 1907 u
487 1879 602 1911 Duces
629 1878 704 1912 Non
736 1878 880 1910 indecoro
902 1877 1029 1922 pulvere
1058 1890 1134 1911 sor-

453 1929 556 1964 didos
572 1948 601 1963 n.
626 1931 686 1964 Nil
708 1930 802 1964 enim
824 1929 955 1975 ingenii
977 1929 1134 1963 altitudi-

454 1996 533 2017 nem
551 1992 586 2017 et
601 1991 745 2017 oestrum
760 1983 868 2029 magis
884 1982 1018 2016 indicat
1029 1995 1133 2028 quam

454 2049 555 2070 novae
581 2035 785 2082 hujusmodi
811 2036 1000 2070 verborum
1023 2036 1133 2070 socia—

454 2090 566 2123 tiones
577 2098 611 2123 et
620 2115 630 2131 ,
641 2098 680 2123 ut
691 2098 794 2135 poeta
806 2089 948 2135 poetice
965 2087 1064 2129 dixit,
1080 2089 1135 2135 hy·

455 2146 575 2176 memei.
601 2142 795 2188 Saepissime
820 2151 936 2176 autem
958 2140 1052 2187 apud
1073 2154 1134 2175 no-

455 2204 576 2229 sti-ates
589 2196 694 2229 simili
708 2194 815 2228 modo
829 2195 956 2229 sociata
970 2207 1037 2228 vox
1056 2207 1133 2240 quae

455 2248 547 2281 idem
573 2257 672 2282 sonat
698 2261 736 2282 ac
754 2248 871 2282 latinis
882 2249 1053 2291 fiat-mosas.
1077 2248 1133 2281 Sic

458 2303 573 2334 Delille
592 2301 636 2335 (le
653 2313 743 2347 equo
755 2327 764 2343 ‚
783 2319 796 2332 α
812 2302 890 2334 beau
909 2300 1080 2345 d'orgucil
1099 2310 1133 2334 et

454 2353 616 2388 ‹l’nmour
635 2368 673 2395 »3
703 2363 736 2388 et
758 2355 797 2388 P.
827 2355 858 2387 J.
891 2353 951 2387 Ec.
984 2354 1130 2394 Lebrun,

455 2407 498 2441 ‹lc›
516 2410 617 2441 AEma
635 2416 779 2441 tonante
795 2404 867 2447 (od.
881 2407 916 2440 in
932 2419 1055 2440 navem
1075 2407 1133 2440 cui

457 2473 583 2494 nomen
603 2455 755 2504 Ultrix),
787 2478 800 2490 ιε
817 2459 901 2506 qu'il
918 2469 967 2493 est
993 2460 1070 2493 heau
1089 2459 1134 2493 de

456 2515 653 2547 eom-roux!
675 2515 760 2547 2131).
776 2513 780 2516 ’

514 2571 544 2607 *²⁸-
572 2567 683 2600 Fcrsm·
699 2568 739 2599 ah
757 2567 830 2599 orla.»
844 2565 955 2601 codex
976 2566 1131 2599 Floront.

458 2642 505 2646 —
518 2621 827 2665 Purpureumjubar.
841 2619 947 2662 Quod
961 2619 1018 2653 llic
1035 2619 1131 2652 aiunt

457 2673 557 2705 innui
582 2673 745 2706 ruborem
769 2674 908 2709 vultus,
934 2685 1023 2717 :egre
1043 2673 1132 2706 fero.

1193 1029 1321 1075 Neque
1332 1041 1413 1063 sane
1426 1038 1546 1063 utrum
1557 1029 1752 1063 Domitiani
1770 1030 1806 1063 in
1823 1031 1873 1065 fa-

1195 1081 1249 1114 cie
1275 1082 1387 1115 rubor
1407 1082 1490 1124 iste,
1518 1081 1766 1116 dubitaverim.
1792 1084 1874 1125 Quo

1194 1133 1280 1180 quid
1298 1135 1492 1180 vulgatius?
1511 1147 1620 1180 quum
1633 1135 1728 1169 Suet.
1745 1135 1781 1168 in
1801 1137 1873 1169 Do-

1192 1187 1360 1229 mitiano,
1393 1199 1467 1234 cap.
1497 1190 1541 1222 18
1558 1213 1567 1229 ‚
1600 1205 1614 1217 «
1636 1187 1773 1222 Statura
1806 1189 1874 1223 suit

1192 1252 1337 1285 procera
1350 1264 1359 1280 ‚
1377 1241 1476 1274 vultu
1495 1239 1673 1279 modesto,
1693 1241 1875 1287 ruborisque

1187 1293 1284 1338 pleno
1300 1306 1336 1335 »3
1357 1302 1392 1327 et
1419 1293 1456 1326 in
1481 1294 1599 1339 Agric.
1631 1306 1706 1340 cap.
1735 1295 1873 1340 penult.

1190 1346 1336 1380 Tacitus
1357 1372 1366 1388 ,
1394 1346 1536 1380 «Saevus
1556 1346 1614 1380 ille
1632 1348 1749 1381 vultus
1765 1355 1798 1381 et
1820 1361 1874 1381 ru-

1192 1399 1260 1440 bor,
1276 1411 1348 1444 quo
1362 1412 1397 1432 se
1413 1407 1535 1433 contra
1551 1399 1725 1445 pudorem
1741 1400 1875 1434 munie-

1190 1452 1259 1485 bat.
1277 1469 1289 1481 ιο
1316 1451 1385 1485 Sed
1401 1451 1570 1498 frigidum
1587 1461 1621 1486 et
1635 1465 1746 1498 puero
1767 1465 1874 1499 quam

1190 1512 1292 1550 poeta
1315 1504 1455 1550 dignius
1474 1504 1518 1538 ad
1537 1503 1574 1537 id
1593 1505 1653 1539 tali
1671 1506 1707 1539 iu
1728 1518 1766 1539 re
1786 1506 1875 1540 allu-

1191 1557 1284 1591 sisse.
1300 1557 1436 1591 Deinde
1452 1558 1530 1604 quis
1546 1558 1656 1592 nescit
1677 1571 1741 1604 per
1755 1572 1876 1604 purpu-

1191 1623 1275 1642 reum
1285 1623 1357 1643 non
1371 1619 1441 1644 tam
1458 1611 1584 1644 rubrum
1603 1611 1750 1658 intelligi
1767 1624 1873 1658 quam

1190 1676 1349 1696 coruscum
1360 1690 1369 1704 ,
1390 1666 1503 1704 nitens,
1516 1664 1701 1708 fulguribus
1720 1664 1875 1710 quodam

1190 1715 1297 1750 modo
1315 1725 1347 1749 et
1361 1717 1461 1750 radiis
1475 1717 1699 1750 circumdatum
1710 1722 1728 1750 :²
1742 1717 1851 1759 Quod
1864 1743 1874 1760 ‚

1189 1769 1310 1815 gallice
1330 1769 1464 1803 dictum
1481 1771 1622 1810 aureole,
1635 1770 1710 1805 Diis
1727 1778 1761 1803 et
1777 1770 1875 1804 Divis

1190 1823 1374 1868 proprium
1387 1822 1562 1857 finximus.
1583 1823 1687 1858 Conf.
1708 1831 1742 1857 et
1759 1823 1875 1857 Flacci

1189 1875 1251 1908 lib.
1269 1876 1339 1917 ΙΙΙ,
1359 1874 1418 1909 od.
1435 1888 1494 1918 111,
1508 1889 1558 1910 vs.
1579 1889 1592 1910 1
1606 1889 1620 1909 1
1638 1884 1671 1909 et
1689 1889 1702 1910 1
1715 1890 1748 1917 2,
1763 1889 1873 1922 quum

1190 1928 1389 1974 principem
1402 1929 1515 1963 Deum
1531 1929 1677 1963 consilio
1695 1929 1853 1963 inserens
1864 1955 1875 1971 ,

1190 1981 1238 2015 ait
1255 1993 1263 2014 :
1285 1999 1298 2011 «ι
1313 1982 1411 2023 Quos
1432 1982 1523 2015 inter
1539 1983 1715 2027 Augustus
1736 1995 1874 2015 recum-

1191 2034 1278 2068 bens
1286 2035 1450 2080 Purpureo
1458 2035 1548 2068 bibit
1561 2047 1621 2068 ore
1637 2044 1766 2068 nectar.
1782 2036 1872 2069 »Em

1247 2087 1279 2121 5.
1299 2087 1447 2120 Candida
1468 2088 1561 2120 ‘vultu
1585 2086 1661 2120 Ald.
1681 2088 1782 2121 Junt.
1800 2088 1872 2122 Co-

1190 2140 1251 2173 lin.
1282 2139 1419 2185 Gryph.
1445 2148 1511 2173 etc.
1540 2139 1660 2174 Codex
1685 2140 1872 2174 Pulmanni

1191 2193 1326 2226 candidu
1339 2194 1435 2226 culm.
1449 2214 1501 2220 -—
1512 2194 1618 2225 Lam-0
1631 2193 1789 2233 redimita,
1805 2202 1872 2227 etc.

1192 2246 1349 2292 Principi
1361 2259 1379 2280 e
1391 2246 1483 2279 bello
1497 2245 1617 2293 reduci
1630 2254 1874 2292 processerunt

1193 2299 1330 2332 obviam
1362 2299 1454 2333 cives
1485 2299 1643 2332 laureati.
1673 2299 1752 2333 Lib.
1777 2300 1849 2332 VII
1863 2325 1874 2341 ,

1193 2354 1300 2398 epigr.
1321 2365 1377 2393 vi,
1400 2365 1447 2385 vs.
1475 2355 1508 2386 6.
1529 2353 1574 2385 Et
1595 2352 1767 2397 quoslibet
1798 2352 1873 2386 laeta

1193 2406 1393 2439 nuntiantes
1412 2404 1455 2439 ad
1473 2406 1541 2439 hoc
1560 2406 1759 2451 exemplum
1781 2405 1872 2438 e'xci·

1193 2459 1334 2503 piabant
1347 2483 1354 2494 ,
1374 2467 1407 2492 et
1426 2471 1467 2491 eo
1483 2457 1590 2491 modo
1605 2458 1759 2492 laetitiam
1773 2470 1870 2491 suam

1192 2513 1419 2545 testabantur.
1446 2511 1549 2544 Unde
1569 2520 1603 2544 et
1624 2510 1746 2544 domos
1770 2511 1871 2544 lauro

1192 2574 1226 2598 et
1255 2565 1388 2599 caeteris
1417 2564 1602 2598 frondibus
1632 2564 1803 2597 ornabant
1834 2564 1869 2596 iu

1192 2618 1310 2652 laetitia
1331 2618 1490 2664 publica,
1513 2626 1545 2650 et
1564 2615 1733 2661 ejusmodi
1757 2617 1870 2650 solen·

1191 2672 1307 2705 nibus.
1339 2693 1387 2698 —-
1416 2672 1463 2703 E!
1488 2670 1623 2703 candida
1647 2670 1742 2702 culm.
1773 2670 1870 2703 Albis
