1978 3305
482 220 575 266 166

847 222 908 263 M.
934 221 1074 264 VAL.
1109 220 1505 264 MARTIALIS

542 307 635 351 Nec
662 307 833 367 qualem
860 307 1022 361 Curio,
1049 306 1152 350 dum
1180 306 1364 368 prandia
1392 317 1539 368 portat
1564 311 1730 365 aranti,

545 378 723 422 Hirsuta
751 377 920 437 peperit
944 376 1189 420 rubicunda
1214 377 1294 422 sub
1319 377 1416 422 ilice
1445 379 1628 440 conjux3

543 447 629 491 Sed
660 447 793 508 patris
821 446 875 490 ad
906 446 1132 507 speculum
1163 448 1304 503 tonsi,
1335 450 1571 509 matrisque
1597 459 1756 510 togatae

541 517 696 572 Filius,
719 526 761 560 et
784 533 988 577 sponsam
1012 518 1149 578 possit
1174 527 1216 561 te
1243 535 1400 579 sponsa
1426 535 1608 563 vocare:

542 586 788 631 Emendare
817 603 960 643 meos,
987 604 1095 648 quos
1121 589 1245 632 novit
1270 588 1407 644 fama,
1428 588 1618 646 libellos,

541 659 599 701 Et
628 657 704 701 tibi
733 659 946 719 permittis
973 657 1118 703 felices
1142 675 1322 720 carpere
1346 675 1507 720 nugas;

540 729 654 784 Has,
679 728 878 789 inquam,
906 745 1065 790 nugas,
1089 730 1245 790 quibus
1272 746 1421 774 aurem
1449 730 1676 775 advertere
1702 741 1838 775 totam

542 797 645 842 Non
669 809 958 860 aspernantur
984 817 1188 861 proceres
1214 800 1420 862 urbisque
1446 800 1642 862 forique3

542 869 664 926 Quas
688 879 731 913 et
757 871 954 931 perpetui
978 870 1216 932 dignantur
1241 873 1398 915 scrinia
1423 871 1519 928 Sili,

539 940 599 982 Et
627 941 786 1001 repetit
815 942 942 985 toties
973 940 1162 985 facundo
1188 941 1383 1003 Regulus
1414 959 1512 997 ore3

542 1010 716 1070 Quique
745 1011 862 1055 videt
887 1012 1068 1072 propius
1099 1013 1245 1073 magni
1277 1013 1517 1056 certamina
1540 1014 1658 1057 Circi

470 1175 520 1200 tes
535 1192 543 1208 ‚
565 1167 752 1208 auden'tu‚
780 1180 801 1200 o
822 1167 986 1201 vilissime
1005 1176 1039 1202 et
1058 1169 1148 1202 mol-

469 1220 620 1261 lissime,
643 1220 708 1253 tihi
745 1220 864 1254 critica
888 1229 1026 1266 arrepta
1053 1222 1150 1267 virga

470 1285 547 1307 mea
563 1285 706 1318 carpere
720 1273 873 1307 carmina
887 1300 895 1314 ,
915 1286 1024 1320 eaque
1041 1287 1059 1308 a
1073 1275 1148 1309 lau-

471 1325 561 1360 datis
579 1325 718 1360 laudata
737 1326 835 1359 ?—-R
846 1327 935 1371 igida
948 1335 1042 1371 gente
1060 1341 1148 1360 crea-

471 1387 530 1413 tus.
557 1378 690 1413 Studiis
718 1379 800 1412 belli
833 1380 1033 1425 asperrima.
1060 1380 1146 1415 Vid-

472 1433 609 1473 Livius,
629 1440 663 1465 et
678 1444 798 1465 omnes
812 1434 961 1466 Roman.
980 1434 1130 1468 annales.

526 1498 558 1519 2.
581 1484 690 1518 Curio.
707 1485 756 1519 M.
776 1486 885 1519 Curio
902 1487 1073 1528 Dentato,
1088 1487 1148 1533 qui

469 1538 687 1584 agriculturae
698 1537 824 1571 studiis
835 1551 907 1572 non
918 1539 1033 1572 minus
1044 1552 1148 1585 quam

470 1591 628 1625 victoriis
647 1599 682 1624 et
704 1591 891 1636 triumphis
912 1591 1008 1637 apud
1029 1601 1147 1627 aucto-

470 1657 524 1678 res
537 1645 683 1678 celeber.
702 1645 754 1678 De
775 1656 846 1690 quo
867 1645 1003 1686 Cicero,
1022 1644 1066 1679 de
1087 1647 1149 1679 Se-

470 1705 614 1731 nectute
635 1709 643 1730 :
671 1698 733 1730 «In
752 1698 818 1731 hac
837 1697 907 1731 vita
927 1695 1148 1739 (rusticana)

468 1750 519 1784 M.
544 1750 690 1792 Curius,
718 1763 827 1796 quum
848 1750 892 1784 de
913 1750 1149 1792 Samnitibus,

470 1802 514 1836 de
529 1803 686 1844 Sabinis,
707 1802 750 1836 de
774 1803 913 1849 Pyrrho
934 1804 1147 1850 triumphas-

469 1864 521 1889 set
536 1883 546 1898 ,
560 1857 777 1902 consumpsit
789 1865 982 1890 extremum
1003 1858 1120 1891 oetatis.
1131 1876 1144 1887 n

470 1909 589 1951 Quum
616 1921 699 1955 ergo
721 1919 762 1944 tu
783 1921 847 1943 nec
866 1922 884 1943 e
905 1910 1009 1943 Fabia
1029 1919 1149 1956 gente,

470 1974 535 1995 nec
557 1975 576 1996 e
601 1962 651 1996 M.
675 1963 774 1997 Curii
794 1963 935 1997 Dentati
959 1972 1060 1997 natus
1082 1964 1145 2000 sis,

470 2014 576 2050 audes
597 2024 712 2049 tamen
734 2028 790 2049 me
808 2028 962 2062 carpere.

525 2068 558 2102 3.
594 2069 729 2101 Hirsuta
756 2072 880 2114 peperit
909 2070 1060 2113 deprensa
1090 2070 1147 2102 sub

469 2121 539 2154 llice
556 2121 763 2155 Beverlandi
781 2122 856 2155 MS.
872 2144 923 2148 —
938 2123 1074 2155 Hirsuta
1089 2136 1146 2166 pe-

466 2177 560 2219 perit.
586 2175 659 2208 Nec
683 2183 722 2207 tu
748 2187 783 2208 es
805 2175 882 2216 ille,
908 2187 1014 2221 quem
1036 2175 1145 2209 Curio

470 2228 595 2260 marito
611 2230 725 2272 conjux
740 2228 926 2268 rubicunda,
946 2227 982 2261 id
999 2236 1048 2261 est
1061 2255 1070 2270 ‚
1087 2241 1145 2261 ru-

470 2281 554 2313 stica
570 2289 603 2314 et
619 2281 690 2314 sole
705 2282 878 2323 colorata,
898 2281 961 2314 sub
980 2281 1058 2314 ilice
1075 2281 1145 2315 hir—

470 2342 544 2367 suta
567 2342 599 2367 et
631 2343 765 2367 comata
790 2334 927 2381 peperit
947 2346 954 2367 :
978 2334 1144 2367 nimirum

469 2399 533 2419 nec
551 2396 586 2420 tu
611 2399 629 2418 c
647 2395 749 2432 gente
767 2388 971 2421 Curiorum.

523 2444 554 2480 (ί.
571 2440 630 2472 Ad
637 2441 792 2485 speculum
805 2443 898 2473 tonsi.
911 2441 1040 2477 Mollis.
1054 2441 1148 2474 efsoe-

470 2492 612 2533 minati,
628 2493 778 2537 pathici;
797 2494 910 2539 qualis
930 2502 1003 2527 erat
1024 2494 1121 2527 Otho
1135 2518 1144 2533 ‚

469 2546 523 2578 cui
546 2547 700 2590 speculum
717 2548 815 2579 civilis
831 2550 955 2580 sarcina
975 2548 1058 2580 belli.
1080 2549 1144 2579 Ju-

469 2612 546 2631 vvn.
567 2607 629 2631 snt.
650 2610 700 2639 Π,
723 2612 771 2632 vs.
803 2601 891 2633 io'l:
914 2600 1042 2633 ibidem
1063 2614 1110 2643 93)
1138 2613 1145 2633 ς

474 2670 486 2679 κ
498 2652 558 2684 Ine
571 2660 665 2685 tenet
678 2653 878 2697 speculum,
893 2654 1020 2699 pathici
1036 2664 1143 2699 gesta·

1208 1180 1289 1201 men
1304 1168 1466 1202 Othonis.
1485 1167 1599 1201 »Vide
1614 1168 1734 1201 Senec.
1750 1167 1793 1201 de
1805 1169 1886 1201 Bre-

1208 1221 1269 1254 vit.
1297 1221 1398 1262 vitae,
1423 1233 1499 1268 cap.
1536 1233 1594 1254 12.
1621 1221 1666 1255 Et
1695 1233 1735 1254 ex
1765 1234 1887 1255 eorum

1207 1287 1355 1308 numero
1387 1274 1446 1320 qui
1477 1273 1614 1309 curiose
1647 1282 1681 1307 et
1710 1273 1888 1308 fastidiose

1208 1326 1421 1368 tondentur3
1438 1327 1564 1373 quibus
1584 1327 1655 1360 vita
1674 1327 1765 1361 inter
1779 1327 1887 1373 pecti-

1207 1392 1288 1413 nem
1313 1389 1346 1413 et
1372 1381 1553 1426 speculum
1571 1379 1722 1426 degitur.
1743 1402 1795 1406 -—-
1822 1381 1887 1413 To-

1205 1441 1304 1478 gatae.
1331 1434 1358 1466 F
1361 1446 1486 1467 amosae
1510 1431 1696 1475 adulterae3
1724 1432 1888 1467 adulterii

1208 1486 1394 1527 convictae,
1415 1487 1629 1532 cogebantur
1653 1495 1732 1532 toga
1751 1485 1885 1520 indutae

1207 1539 1243 1572 in
1258 1539 1442 1585 publicum
1456 1538 1659 1585 procedere.
1671 1539 1757 1573 Hor.
1769 1541 1798 1581 I,
1815 1540 1886 1573 Sat.

1208 1604 1236 1625 11
1251 1618 1260 1634 ‚
1276 1605 1326 1627 VS.
1346 1592 1411 1630 63:
1430 1601 1463 1626 et
1475 1593 1556 1626 Juv.
1574 1593 1644 1626 Sat.
1658 1605 1708 1633 11,
1727 1593 1867 1637 69.E1›.

1264 1645 1299 1680 5.
1324 1646 1430 1680 Filius
1454 1654 1486 1678 et
1507 1658 1652 1691 sponsum
1672 1644 1780 1679 codex
1802 1645 1886 1679 Pul-

1207 1698 1551 1744 manni.——Sp0nsam
1558 1701 1662 1744 possit
1673 1726 1681 1739 ,
1697 1699 1886 1745 etc.Usque

1208 1751 1296 1785 adeo
1314 1752 1536 1786 effeminatus
1559 1761 1609 1786 est
1629 1760 1662 1785 et
1690 1751 1824 1793 mollis,
1848 1760 1887 1785 ut

1207 1817 1333 1850 sponsa
1343 1831 1351 1846 ,
1366 1818 1445 1839 cum
1459 1805 1615 1851 Diogene
1628 1804 1791 1838 dubitare
1805 1817 1885 1850 pos·

1208 1858 1272 1900 sit,
1293 1858 1347 1891 vir
1362 1870 1407 1891 ne
1427 1858 1472 1892 sis
1485 1883 1496 1898 ,
1517 1870 1559 1891 an
1576 1858 1728 1892 mulier?

1262 1924 1297 1956 7.
1320 1911 1441 1944 Felices
1467 1924 1594 1956 carpere
1619 1924 1732 1956 nugas.
1755 1912 1885 1944 Docto-

1207 1977 1287 1997 rum
1302 1964 1434 1998 calculo
1451 1972 1484 1997 et
1498 1964 1674 2009 praeconio
1690 1964 1821 1997 nobilia
1838 1973 1886 1997 at-

1207 2029 1276 2062 que
1298 2017 1434 2050 victura
1454 2017 1621 2051 carmina.

1262 2071 1294 2103 8.
1313 2069 1522 2104 Beverlandi
1537 2069 1612 2104 MS.
1629 2072 1698 2116 quis
1714 2082 1831 2102 aar-cm.

1265 2135 1318 2156 ιο.
1345 2124 1417 2156 Sili.
1441 2124 1492 2156 De
1519 2122 1605 2156 Silio
1632 2122 1754 2157 Italico
1782 2131 1882 2167 poeta

1205 2174 1276 2209 vid.
1289 2176 1349 2209 lib.
1362 2176 1426 2216 IV,
1437 2176 1546 2221 epigr.
1558 2188 1628 2214 xiv,
1642 2184 1674 2208 et
1685 2176 1768 2216 VII,
1779 2188 1883 2214 Lx1n;

1206 2227 1250 2261 de
1266 2229 1399 2274 Regulo
1414 2228 1548 2262 dictum
1565 2229 1627 2262 lib.
1642 2229 1676 2270 I,
1690 2228 1800 2274 epigr.
1815 2240 1883 2263 11¹1

1206 2290 1240 2315 et
1257 2294 1344 2315 cxxx.

1265 2347 1318 2368 ¹2.
1347 2336 1473 2367 Totiens
1490 2338 1606 2379 nmgm'.
1629 2335 1670 2367 In
1690 2334 1884 2367 Beverl.—

1209 2388 1334 2434 Quique
1354 2389 1453 2421 videt.
1473 2387 1578 2428 Sura,
1598 2396 1716 2420 orator
1735 2387 1883 2420 clarissi-

1207 2453 1301 2481 mu5‚
1318 2441 1496 2474 habitabat
1512 2441 1548 2474 iu
1563 2449 1683 2474 monte
1697 2440 1885 2479 Aventino,

1206 2494 1266 2527 ubi
1286 2495 1395 2527 Diana
1414 2495 1594 2528 colebatur
1607 2519 1617 2534 ‚
1638 2492 1732 2527 unde
1748 2501 1884 2538 poterat

1205 2547 1383 2592 despicere
1406 2548 1439 2580 in
1464 2547 1595 2580 circum
1618 2546 1808 2580 maximum
1830 2546 1882 2578 vi-

1205 2602 1334 2634 cinum.
1354 2602 1449 2634 Sura*
1465 2600 1623 2633 meminit
1640 2600 1830 2634 Suetonius
1846 2599 1881 2632 in

1206 2655 1422 2694 Domitiano,
1444 2667 1518 2698 cap.
1546 2654 1601 2687 ¹3.
