1978 3305
356 252 940 296 EPIGRAMMATUM
977 252 1102 297 LIB.
1141 253 1226 295 VI.

1400 250 1490 297 115

297 340 492 400 Dignum
517 339 620 400 quid
646 340 788 395 fatuo,
810 343 990 396 Severe,
1016 338 1147 384 fecit?

93 452 313 492 fimorumet
333 458 541 493 miserorum
557 459 768 494 homuncio-

90 524 172 546 rum
193 512 425 545 ministerium
447 521 530 546 erat.
553 513 689 546 Herald.

145 567 179 598 6.
211 565 274 597 Dic
291 565 444 610 numquid
462 566 483 598 J
488 565 610 599 untina
636 574 766 598 nostra.

91 618 157 649 Dic
176 617 319 663 nunquid
325 619 420 660 fatue
439 616 548 651 codex
565 618 764 651 Thuaneus.

92 691 144 696 —
163 670 305 714 Dignum
327 670 406 716 quid
421 671 520 713 fatuo
534 697 542 709 ,
558 678 622 704 etc.
652 671 766 703 Immo

91 721 263 767 sapienter
279 723 375 760 fecit,
397 735 462 767 pro
481 734 577 755 more
595 721 766 756 hodierno

828 460 1055 495 locandarum
1069 460 1220 494 filiarum
1235 474 1242 493 :
1258 460 1319 506 qui
1332 460 1499 494 tenuioris

827 513 1039 547 conditionis
1077 513 1281 547 hominibus
1315 513 1498 559 praelatum

826 567 930 611 elegit
964 578 1132 611 generum
1171 566 1252 600 artis
1289 564 1496 612 pecuniosae.

826 619 914 651 Nam
953 619 1087 652 tribuni
1119 627 1153 652 et
1179 626 1346 665 praetores
1365 627 1499 652 tantum

826 669 1016 716 dignitate,
1039 671 1203 705 causidici
1225 671 1424 717 eloquentia
1442 683 1501 704 va·

826 723 957 757 lebant.
974 724 1099 757 Juven.
1117 732 1179 757 sat.
1198 736 1270 763 vu,
1290 727 1323 758 6.
1337 725 1405 758 En.

738 856 845 913 IX.

584 1006 652 1034 AD
700 985 1022 1034 Ι,[]ΞΥ1ΝῘ]Μ.“ι

161 1128 216 1171 ΙΝ
242 1128 508 1189 Pompeiano
536 1127 723 1183 dormis,
752 1128 954 1180 Laevine,
979 1127 1176 1181 theatr03

230 1198 287 1241 Et
313 1198 533 1258 quereris,
559 1199 593 1241 si
619 1207 661 1240 te
687 1198 865 1241 suscitat
886 1196 1118 1241 Oceanus?

142 1313 158 1327 ⁴
167 1319 209 1351 In
222 1318 290 1352 hoc
305 1318 554 1364 epigrammate
567 1318 768 1352 exhibendo

94 1370 192 1404 nullo
205 1370 312 1404 modo
323 1371 473 1413 variant,
489 1381 546 1405 aut
562 1372 696 1417 scripti,
711 1381 770 1405 aut

94 1423 225 1457 excusi.

149 1487 180 1508 1.
212 1476 414 1520 Pompeiano.
447 1477 530 1510 Erat
556 1476 644 1510 illud
674 1477 768 1510 thea-

95 1537 189 1561 trum
213 1528 248 1561 in
277 1530 418 1574 regione
437 1530 544 1563 Urbis
568 1542 691 1570 nonae,
713 1541 767 1562 ea-

91 1581 280 1627 piebatque
298 1583 472 1627 octoginta
490 1582 674 1615 hominum
693 1583 770 1616 mil-

92 1633 150 1666 lia.
169 1655 221 1660 --
241 1634 370 1667 Dormis
382 1662 391 1675 ,
417 1636 561 1675 Loevine‚
582 1644 648 1669 etc.
669 1635 769 1676 Sive,

92 1685 240 1720 simulas
256 1699 416 1720 somnum
429 1700 493 1728 ,ne
511 1688 658 1733 ejiciar-is
673 1701 690 1721 a
708 1687 769 1721 de-

89 1738 264 1784 signator-e
284 1739 440 1773 Oceano.

145 1804 177 1825 2.
197 1791 234 1825 Si
254 1800 284 1824 te
303 1795 446 1826 suscitat.
467 1793 629 1826 Dormire
647 1805 684 1826 se
698 1793 767 1826 fin·

92 1843 191 1888 gebat
202 1845 375 1886 Laevinus,
388 1858 431 1878 ne
445 1859 483 1878 ex
498 1845 766 1891 quatuordecim

830 1318 1003 1352 subselliis
1025 1319 1219 1364 ejiceretur,
1238 1332 1347 1365 quum
1364 1333 1509 1354 censum

830 1380 1028 1416 equestrem
1043 1384 1114 1405 non
1132 1372 1287 1406 haberet.
1305 1373 1410 1406 Illum
1426 1374 1506 1407 irri-

829 1423 889 1457 det
908 1432 1015 1470 poeta
1028 1450 1036 1464 ‚
1058 1432 1091 1457 et
1111 1424 1204 1458 ludit
1223 1425 1259 1458 in
1280 1426 1507 1472 ambiguitate

828 1477 934 1522 hujus
954 1477 1053 1510 verbi
1073 1480 1222 1517 suscitat,
1246 1477 1283 1511 id
1305 1487 1371 1520 est,
1392 1491 1508 1513 remo-

830 1538 887 1563 vet
899 1542 905 1562 :
920 1530 1000 1563 alias
1009 1537 1125 1575 potest
1135 1530 1341 1575 significare,
1358 1544 1375 1564 a
1385 1544 1507 1566 somno

830 1583 969 1616 excitat.
986 1583 1144 1616 Oceanus
1159 1596 1242 1616 vero
1261 1593 1334 1617 erat
1347 1583 1508 1630 designa-

831 1644 897 1676 tor,
915 1635 968 1669 cui
986 1647 1078 1668 curae
1092 1644 1164 1669 erat
1181 1636 1374 1683 unicuique
1390 1638 1507 1671 locum

829 1701 930 1721 suum
961 1689 1134 1733 assignare
1147 1715 1156 1729 ‚
1185 1697 1219 1722 et
1248 1690 1421 1735 expellere
1449 1703 1508 1724 eos

829 1741 959 1785 quibus
996 1753 1068 1774 non
1103 1742 1158 1785 jus
1190 1750 1263 1775 erat
1286 1742 1433 1776 sedendi
1466 1744 1503 1776 in

826 1794 983 1839 equitum
1000 1792 1166 1838 gradibus
1177 1820 1186 1835 ,
1200 1793 1244 1827 de
1263 1807 1336 1841 quo
1352 1794 1506 1829 diximus

827 1846 888 1879 lib.
900 1847 972 1880 ΠΙ,
991 1858 1044 1891 ep.
1064 1858 1145 1887 xcv;
1157 1855 1190 1879 et
1207 1847 1268 1880 lib.
1282 1848 1328 1889 V,
1345 1861 1400 1894 ep.
1417 1861 1501 1881 vm.

750 1979 821 2034 X.

177 2134 336 2163 PETIT
375 2135 654 2163 LATENTER
692 2135 722 2172 A
761 2134 1075 2164 DOMITIANO
1114 2135 1413 2164 PECUXIAM.

160 2248 321 2292 PAUCA
348 2249 502 2291 Jovem
531 2263 672 2307 nuper
701 2262 835 2307 quum
865 2244 999 2289 millia
1022 2245 1135 2290 forte
1159 2262 1381 2306 rogarem5

230 2316 308 2361 Ille
332 2317 472 2370 dabit,
497 2316 626 2373 dixit,
647 2317 720 2377 qui
742 2316 848 2359 mihi
871 2315 1033 2376 templa
1056 2315 1184 2360 dedit.

162 2440 241 2481 Τὸν
277 2440 354 2481 Δία
380 2434 568 2498 χιλιάδας
594 2441 747 2498 παύροις
779 2437 959 2481 αἰτοῦντί
983 2455 1050 2496 μοι
1079 2438 1224 2497 ἀκμὴν,

229 2510 296 2552 Σοὶ
321 2504 456 2564 δότω,
481 2512 565 2559 ὅςις
586 2509 697 2569 ἐμοὶ,
721 2510 860 2568 φησὶν,
884 2502 1008 2550 ἔδωκε
1035 2509 1145 2549 νεών.

161 2642 191 2663 1.
209 2631 318 2662 Pauca
332 2631 440 2663 millia.
459 2629 661 2662 Sestertium
677 2640 773 2661 nem·

99 2694 154 2727 pe.
185 2682 265 2715 Non
294 2683 460 2722 latentem
484 2683 590 2715 immo
616 2690 733 2726 aperte
756 2693 773 2714 a

832 2627 1032 2662 Domitiano
1060 2628 1244 2673 pecuniam
1270 2630 1357 2674 petit
1383 2630 1499 2664 Poeta.

890 2694 920 2714 2.
944 2681 1010 2724 Qui
1027 2681 1111 2713 mihi.
1131 2681 1332 2727 Respondet
1346 2683 1496 2728 Jupiter,

1231 2750 1287 2790 ὅ-
