1978 3305
489 243 585 286 228

874 242 934 283 M.
960 241 1098 284 VAL.
1139 241 1529 285 MARTIALIS

1034 390 1350 446 XXXIII.

1018 542 1072 571 IN
1123 542 1364 571 CINNAM.

554 668 815 710 Sonmmon
841 679 966 706 coeno
992 679 1126 723 quum
1158 663 1211 706 sit
1240 672 1367 723 toga,
1391 662 1562 707 calceus
1586 675 1730 709 autem

625 733 864 779 Candidior
894 734 1037 795 prima
1066 734 1121 776 sit
1151 732 1252 787 tibi,
1277 734 1444 788 Cinna,
1469 735 1594 790 nive3

553 806 738 866 Dejecto
763 804 891 865 quid,
915 805 1059 864 inepte
1075 839 1086 857 ‚
1111 803 1242 864 pedes
1268 803 1492 864 perfundis
1518 805 1709 849 amictu?

622 875 790 936 Collige
805 911 816 930 ‚
840 876 1006 929 Cinna,
1028 883 1197 935 togam3
1226 873 1396 918 calceus
1418 891 1519 919 ecce
1546 877 1668 935 perit.

538 1017 568 1039 1.
587 1004 755 1038 Sordidior·
769 1015 872 1041 coeno,
892 1010 957 1035 etc.
970 1001 1157 1046 Vituperat

480 1059 652 1097 Cinnam,
680 1057 735 1089 vel
763 1055 842 1101 quia
871 1053 1034 1088 sordidus
1065 1061 1157 1094 erat,

473 1112 624 1157 lutoque
645 1110 740 1142 albos
764 1108 896 1141 ferebat
920 1107 1077 1147 calceos3
1102 1106 1157 1139 vel

479 1165 560 1211 quia
580 1175 659 1197 cum
681 1161 818 1195 feminis
837 1171 1039 1194 communes
1061 1171 1157 1204 gere-

476 1219 556 1259 bat,
577 1217 644 1250 hoc
665 1223 735 1255 est,
755 1214 864 1247 albos.

533 1284 564 1303 2.
585 1268 771 1303 Candidior.
790 1266 881 1299 Hinc
901 1264 1066 1310 colligere
1086 1273 1154 1305 est,

477 1325 652 1357 Romanos
672 1320 794 1354 calceis
815 1319 902 1354 albis
922 1331 1002 1351 usos
1023 1317 1126 1351 fuisse
1146 1329 1154 1351 ε

477 1377 574 1410 hunc
595 1383 712 1408 autem
733 1373 884 1406 Cinnam
910 1379 989 1416 toga
1014 1369 1155 1403 sordida

478 1428 642 1462 indutum
657 1453 666 1468 ,
687 1435 721 1459 et
744 1425 866 1459 calceis
890 1424 976 1458 albis
999 1431 1155 1457 utentem

479 1480 594 1527 lepide
616 1478 740 1514 irridet
761 1478 880 1512 Poeta.

549 1535 581 1568 3.
611 1533 764 1578 Neglecto
794 1531 966 1565 Gruterus
999 1529 1082 1575 legit
1113 1541 1155 1562 ex

478 1586 582 1621 codd.
602 1585 747 1620 Palatin.
776 1593 810 1619 et
829 1582 966 1618 Bodlei.
987 1583 1094 1623 male,
1114 1595 1154 1616 ex

478 1649 595 1674 mente
614 1637 788 1673 Scriverii.

1271 1005 1305 1041 4.
1324 1002 1406 1035 Ant.
1422 1001 1460 1034 de
1474 1002 1565 1047 Hooy
1580 1004 1670 1047 conj.
1689 1003 1808 1035 calceus
1823 1003 1894 1035 inde

1212 1056 1316 1098 perit,
1337 1054 1360 1086 i.
1382 1065 1412 1087 e.
1430 1066 1448 1086 a
1470 1053 1623 1088 sordidae
1644 1063 1732 1100 togae
1750 1054 1891 1089 vicinio.

1217 1127 1268 1133 —
1287 1106 1422 1151 Collige,
1442 1115 1507 1140 etc.
1530 1107 1651 1148 Tolle,
1668 1120 1713 1141 ne
1732 1108 1893 1153 inquinet

1216 1159 1333 1192 album
1361 1159 1535 1201 calceum,
1558 1161 1618 1205 qui
1646 1161 1735 1194 male
1764 1173 1891 1194 conve·

1216 1211 1269 1244 nit
1287 1224 1364 1245 cum
1389 1211 1529 1246 sordida
1556 1220 1643 1258 toga.
1667 1214 1777 1247 Docet
1798 1214 1892 1247 enim

1215 1264 1342 1304 Poeta,
1360 1265 1522 1299 insanum
1545 1278 1617 1299 esse
1635 1266 1784 1300 Cinnam
1798 1292 1807 1306 ‚
1829 1267 1889 1312 qui

1215 1319 1384 1363 majorem
1400 1318 1525 1359 calcei,
1546 1331 1651 1364 quam
1676 1327 1761 1365 togae
1785 1320 1892 1353 ratio-

1215 1383 1296 1403 nem
1308 1370 1450 1405 habeat:
1464 1372 1679 1405 contrarium
1692 1371 1889 1406 faciendum

1215 1423 1336 1460 fuisse,
1355 1432 1469 1469 togam
1492 1424 1721 1469 colligendam
1740 1437 1829 1466 esse,
1846 1438 1890 1458 ne

1215 1477 1337 1510 calceis
1363 1475 1514 1510 sordidis
1551 1477 1757 1523 inquinetur
1772 1491 1781 1518 3
1818 1490 1890 1511 non

1214 1537 1253 1562 ut
1274 1529 1402 1571 calcei,
1421 1530 1480 1575 qui
1501 1543 1590 1575 saepe
1609 1530 1802 1564 necessario
1818 1532 1890 1564 col-

1214 1582 1414 1616 lutulantur
1431 1595 1447 1615 a
1471 1591 1550 1628 toga
1566 1583 1706 1618 sordida
1722 1592 1756 1616 et
1771 1592 1889 1617 conta-

1216 1636 1406 1669 minantur.
1430 1636 1544 1668 Hadri:

1023 1767 1326 1823 XXXIV.

773 1919 839 1947 An
877 1916 1159 1954 sementim,
1199 1917 1263 1944 DF.
1303 1897 1592 1945 mimimo*

691 2042 800 2097 QUO
829 2038 966 2099 possit
990 2036 1084 2080 fieri
1111 2036 1242 2080 modo
1258 2072 1269 2089 ‚
1295 2039 1454 2081 Severe
1471 2073 1482 2092 ,

689 2111 750 2154 Ut
773 2110 839 2152 vir
862 2108 1076 2169 pessimus
1103 2108 1297 2151 omnium
1323 2108 1541 2152 Charinus

686 2182 832 2225 Unam
864 2194 955 2222 rem
987 2177 1096 2221 bene
1128 2177 1299 2230 fecerit,
1330 2176 1546 2239 requiris?

530 2307 542 2319 ‘¹
568 2309 625 2343 Ad
649 2307 792 2341 Severum
820 2303 1006 2348 inscriptio
1036 2311 1086 2335 est
1113 2302 1149 2335 in

478 2363 558 2398 edd.
583 2368 666 2395 vett.
693 2381 743 2385 —
769 2359 929 2390 Duorum
957 2355 1150 2401 impurissi-

476 2427 615 2450 morum
637 2411 804 2446 heneficia
830 2411 865 2443 in
891 2409 1065 2455 populum
1092 2421 1149 2441 ro-

477 2480 619 2503 manum
643 2467 734 2500 inter
751 2477 786 2498 se
806 2462 961 2503 confert,
978 2461 1077 2507 quasi
1096 2460 1149 2495 di-

476 2531 549 2557 cat:
576 2518 731 2560 miraris,
749 2519 809 2563 qui
835 2515 988 2562 potuerit
1012 2528 1029 2548 a
1058 2515 1150 2547 malo

475 2574 618 2609 homine
647 2569 777 2616 aliquid
806 2569 890 2603 boni
919 2568 1020 2601 sieri?
1047 2568 1149 2600 ctiam

475 2629 569 2661 Nero
592 2624 781 2672 pessinuntis,
809 2622 958 2668 optimas
983 2621 1149 2655 exstruxit

474 2682 636 2714 thermas.
662 2676 775 2709 Rada-r.

1268 2316 1300 2336 ιι.
1327 2303 1370 2335 Ut
1395 2316 1444 2335 vu·
1464 2306 1625 2348 pessimus.
1652 2306 1701 2337 De
1727 2318 1796 2351 quo
1823 2307 1887 2340 lio-

1211 2356 1304 2389 mine
1327 2356 1563 2401 impurissimo
1585 2356 1718 2390 dictum
1740 2359 1799 2392 lib.
1822 2360 1885 2400 IV,

1210 2409 1319 2454 epigr.
1343 2422 1447 2442 xxxlx
1471 2423 1479 2442 ε
1504 2410 1583 2444 licet
1607 2411 1887 2456 improbissimus

1210 2462 1245 2494 in
1270 2462 1413 2507 gratiam
1441 2463 1583 2509 populi,
1607 2472 1645 2497 ut
1670 2464 1764 2497 Nero
1791 2466 1885 2498 ther-

1210 2527 1305 2555 mas,
1328 2515 1377 2549 sic
1401 2515 1458 2549 ille
1483 2517 1604 2549 balnea
1630 2517 1796 2550 exstruxit
1823 2531 1885 2551 no·

1210 2568 1386 2601 bilissima.

1265 2622 1299 2654 3.
1330 2622 1431 2654 [snam
1455 2634 1515 2653 ιϊηι
1540 2621 1612 2653 hem·
1632 2625 1764 2665 gesserit
1787 2623 1883 2656 exhi-

1211 2673 1268 2706 bet
1288 2673 1395 2707 codex
1415 2674 1613 2706 Vaticanus.
