1978 3305
377 251 958 298 EPIGRAMMATUM
996 252 1120 294 LIB.
1160 252 1213 293 W.

1433 266 1456 310 7
1469 248 1496 293 3

158 341 325 402 Incipio
350 342 517 401 quoties
545 340 672 385 alicui
699 351 773 384 tua
800 339 915 384 dona
940 337 1126 392 referre,

230 411 432 456 Protinus
457 411 690 467 exclamat3
717 412 900 455 Dixerat
923 410 1014 470 ipse
1044 409 1165 453 mihi.

158 483 260 527 Non
289 480 400 526 belle
429 482 627 542 quaedam
656 482 823 526 faciunt
846 480 933 524 duo
959 497 967 523 :
995 479 1158 524 sufficit
1180 494 1291 522 unus
1487 498 1500 519 5

231 553 345 596 Huic
374 553 495 613 operi
523 569 532 595 ε

562 554 596 596 si
617 553 707 608 vis,
732 561 780 595 ut
805 550 976 611 loquar,
1007 551 1099 609 ipse
1126 559 1233 594 tace.

161 622 302 667 Crede
330 623 458 677 mihi,
483 623 681 683 quamvis
706 622 917 683 ingentia,
944 620 1182 665 Posthume
1197 655 1209 676 ‚
1233 618 1347 662 dona

232 694 434 737 Auctoris
457 702 642 753 pereunt
667 690 921 752 garrulitate
946 691 1023 734 sui.

91 855 125 882 et
136 847 198 880 lib.
217 848 289 880 VII
300 872 310 889 ,
328 859 403 893 cap.
424 860 440 880 2
451 859 481 880 2.
498 847 647 880 Dantem
663 859 765 892 opor·

90 908 142 934 tet
163 900 342 941 oblivisci,
362 900 482 945 inquit
498 900 622 940 Poeta,
641 899 764 933 memi-

91 953 181 986 nisse
192 965 276 986 vero
293 953 406 986 solum
421 952 662 998 accipientem.
681 953 766 986 Sen·
780 985 785 990 ,

93 1006 199 1039 tentia
221 1005 380 1040 Chilonis
398 1005 549 1039 Laconis
569 1014 639 1045 est,
660 1006 766 1039 unius

92 1071 111 1091 e
121 1067 254 1104 septem
267 1058 488 1104 Sapientibus
500 1058 645 1092 Graeciae
653 1085 662 1101 ,
673 1057 767 1105 apud

93 1111 289 1145 Ausonium
308 1124 316 1145 :
341 1113 419 1145 «Tu
435 1137 444 1152 ‚
464 1111 579 1157 inquit
592 1138 600 1151 ,
625 1113 715 1145 bene
740 1112 768 1145 si

93 1163 179 1209 quid
193 1164 296 1197 facias
307 1189 317 1205 ‚
334 1177 406 1198 non
422 1165 622 1198 meminisse
640 1165 689 1199 fas
705 1173 766 1199 est.

94 1217 181 1258 Quae
201 1217 380 1250 benefacta
400 1217 568 1263 accipias,
593 1226 767 1265 perpetuo

95 1278 307 1303 memento»
330 1271 446 1304 Rader.

150 1325 182 1362 4.
203 1323 272 1368 Ipse
293 1323 377 1357 milei.
392 1323 615 1358 Posthumus.

879 859 912 891 7.
930 844 1095 885 Postume,
1118 845 1212 878 dones
1237 844 1273 877 in
1301 843 1382 877 Ald.
1401 844 1501 877 Junt.

826 899 941 933 Colin.
972 898 1111 944 Gryph.
1143 898 1327 931 Pulmann.
1358 897 1500 929 Junian.

824 952 976 986 Plantin.
998 953 1108 996 Lang.
1131 951 1259 996 Delph.
1289 957 1378 990 etc.;
1403 949 1502 982 donas

825 1005 863 1038 in
888 1005 973 1038 aliis.
994 1005 1198 1038 Lectionem
1222 1011 1377 1037 nostram
1403 1001 1501 1035 dedit

827 1058 1000 1092 Gruterus
1029 1070 1070 1091 ex
1096 1056 1172 1091 cod.
1200 1056 1382 1097 Palatin03
1405 1053 1502 1101 quod

827 1124 924 1145 nunc
949 1110 1158 1144 confirmant
1179 1108 1285 1144 codd.
1310 1108 1448 1141 Thu‘an.
1468 1115 1503 1141 et

828 1164 985 1198 Florent.

881 1218 917 1250 8.
942 1218 1092 1251 Pereunt.
1115 1215 1288 1249 Beneficia
1310 1214 1403 1248 enim
1425 1226 1445 1247 a
1467 1226 1503 1246 se

827 1270 953 1304 collata
982 1268 1272 1303 commemoranti
1305 1267 1400 1301 nulla
1433 1278 1506 1299 ain-—

828 1323 920 1368 plius
938 1322 1046 1369 grafia
1063 1321 1222 1356 debetur.

714 1488 882 1545 LIII.

637 1659 705 1687 Al)
749 1658 969 1688 BASSUM.

98 1799 343 1843 COLCHIDA
366 1800 470 1860 quid
495 1800 666 1858 scribis,
687 1801 791 1862 quid
817 1802 991 1857 scribis,
1014 1801 1173 1856 amice,
1189 1800 1408 1860 Thyesten
1421 1799 1438 1841 2'

155 1955 186 1975 1.
204 1941 370 1975 Colchida.
386 1942 540 1984 Colchis,
561 1941 668 1977 hodie
683 1943 772 1977 Men-

97 1995 225 2038 grellia,
235 1995 346 2040 patria
356 1994 488 2029 Medeae
497 2022 505 2037 ‚
518 2009 583 2041 pro
594 2009 660 2042 qua
668 1998 772 2030 sumi-

99 2055 157 2080 tur
179 2059 187 2080 :
214 2049 290 2093 ejus
317 2060 400 2081 vero
429 2048 591 2089 historia,
623 2050 713 2084 sicut
739 2059 773 2084 et

99 2100 278 2146 Thyestae,
291 2102 368 2135 satis
383 2110 484 2142 nota,
500 2102 560 2135 lib.
576 2103 646 2144 III,
661 2103 772 2149 epigr.

100 2165 184 2195 XLV,
196 2162 230 2187 et
245 2153 505 2188 Andromaches
517 2156 634 2189 uxoris
647 2156 774 2190 Hecto-

99 2206 147 2239 ris
160 2219 201 2239 ex
211 2206 339 2240 Seneca
349 2216 383 2241 et
395 2207 564 2253 Euripide
574 2233 584 2248 ‚
595 2209 727 2243 Niobes
737 2209 773 2243 in

100 2271 218 2292 saxum
235 2272 410 2293 conversae
426 2273 466 2294 ex
487 2260 593 2295 Ovid.
606 2262 690 2296 Met.
707 2254 785 2296 VI.¹

100 2333 153 2338 —-
174 2311 328 2345 Colchida
351 2314 429 2359 quid
452 2314 583 2356 scribis,
604 2323 669 2349 etc.
699 2316 774 2350 Cur

101 2365 208 2398 sumis
227 2365 289 2398 tibi
310 2365 553 2410 tragoediarum
573 2377 774 2414 argumenta

101 2417 220 2451 onmia
240 2418 307 2451 tuis
321 2419 533 2454 carminibus
548 2429 670 2466 negata
685 2421 700 2454 Ρ
714 2421 776 2454 sci-

101 2469 185 2504 licet
208 2469 340 2504 Medeae
367 2484 430 2516 per
452 2473 579 2506 aethera
602 2474 751 2508 volantis
765 2499 774 2514 ‚

101 2523 264 2570 Thyestae
297 2525 510 2558 contumacis
528 2550 536 2562 ,
573 2526 705 2560 Niobes
738 2527 774 2559 in

103 2588 222 2609 saxum
243 2589 348 2610 versae
361 2604 368 2618 ,
387 2577 647 2612 Andromaches
662 2580 776 2624 Trojae

103 2627 250 2663 ssammis
271 2631 477 2675 superstitis.
505 2631 586 2664 Haec
609 2632 677 2666 fata
704 2645 774 2665 non

104 2691 243 2716 manent
270 2691 344 2716 tuas
367 2683 513 2718 chartas.
539 2685 635 2727 Quin
660 2685 774 2730 potIus

829 1944 937 1978 sumis
969 1944 1149 1978 materiam
1186 1945 1253 1978 tuis
1286 1943 1425 1989 scriptis
1452 1941 1506 1975 di»

828 2010 931 2042 gnam
949 2011 957 2032 :
974 1999 1188 2032 Deucaliona
1203 2005 1261 2030 aut
1270 1997 1508 2032 Phaethonta„

830 2063 980 2096 quorum
1014 2052 1071 2085 hic
1106 2051 1255 2084 flammis
1286 2050 1391 2095 periit
1409 2074 1419 2090 ,
1447 2049 1506 2081 illc

830 2104 947 2150 aquis,
966 2104 1026 2150 qui
1046 2105 1158 2138 exitus
1176 2104 1245 2138 tuis
1270 2103 1398 2137 chartis
1420 2113 1506 2135 con-

830 2157 936 2191 venit.
954 2157 1011 2191 Sic
1024 2156 1199 2191 Leonidas
1215 2156 1358 2190 Anthol.
1376 2169 1393 2188 2
1408 2154 1509 2199 :rpu‘ff-

831 2211 892 2254 ψας
901 2212 1116 2252 Δευκαλίωνα,
1126 2208 1411 2254 Μενέστρατε,καὶ
1425 2208 1508 2240 Φαέ-

831 2267 927 2297 θοντα
939 2289 948 2307 ,
963 2272 1029 2297 etc.
1046 2263 1101 2297 Sic
1122 2263 1204 2296 alias
1220 2261 1263 2295 de
1282 2261 1354 2295 suis
1368 2263 1506 2307 jocatur

831 2324 950 2349 noster
970 2324 1094 2362 poeta,
1114 2316 1175 2349 lib.
1196 2316 1233 2357 I,
1256 2314 1364 2360 epigr.
1390 2325 1444 2354 τη
1473 2321 1507 2346 et

832 2370 894 2403 lib.
909 2370 962 2402 III
973 2394 984 2410 ‚
1001 2370 1110 2414 epigr.
1127 2381 1222 2402 xmx.
1238 2368 1427 2401 Deucalion
1443 2366 1509 2399 fuit

833 2430 991 2467 tempore
1004 2421 1136 2455 Diluvii
1147 2429 1200 2462 ,et
1217 2421 1316 2454 illum
1326 2420 1427 2466 ponit
1443 2432 1508 2464 pro

836 2475 999 2507 Diluvio:
1021 2474 1203 2508 Phaethon
1221 2473 1368 2507 flammis
1383 2472 1488 2519 periit
1500 2498 1509 2513 ‚

834 2540 899 2573 pro
914 2527 1040 2572 quilius
1055 2527 1122 2561 hoc
1138 2528 1216 2561 loco
1233 2535 1433 2572 usurpatur.
1450 2526 1512 2558 Fa-

835 2581 927 2613 bulae
950 2588 1040 2614 notae
1056 2589 1138 2614 sunt
1157 2593 1198 2614 ex
1217 2579 1324 2613 Ovid.
1349 2580 1434 2612 Met.
1453 2579 1507 2611 Si-

836 2633 918 2666 mile
959 2642 1010 2667 est
1044 2634 1258 2679 epigramma
1289 2633 1325 2666 iu
1365 2631 1512 2665 Antliol.

835 2686 894 2720 lib.
920 2686 1026 2720 modo
1049 2687 1142 2722 citat.
1163 2688 1215 2726 Εἷς
1235 2687 1427 2731 ζωγράφους.
