1978 3305
406 234 506 279 [310
782 234 841 275 M.
870 233 1010 276 VAL.

1051 231 1439 275 MARTIALIS

951 381 1270 438 XXXIX.

873 538 924 565 IN
964 534 1353 564 CHARIDEMUM.

480 672 724 714 Cumnmu
751 663 894 706 fueras
920 669 1085 714 motor,
1112 658 1400 713 Charideme,
1428 674 1622 701 mearum
1639 694 1649 710 ‚

550 740 606 782 Et
634 734 756 798 pueri
784 741 952 785 custos,
978 728 1260 789 assiduusque
1290 745 1448 773 comes.

479 814 574 855 Jam
606 807 712 850 mihi
742 805 994 864 nigrescunt
1022 810 1148 844 tonsa
1177 800 1349 844 sudaria
1379 799 1540 851 barba,

546 882 604 924 Et
629 877 825 938 queritur
850 873 981 917 labris
1008 879 1169 932 puncta
1200 870 1343 931 puella
1374 871 1492 913 meis.

480 951 565 996 Sed
590 948 665 993 tibi
689 962 779 990 non
802 944 917 988 crevi
944 959 951 984 ε

981 951 1021 985 te
1048 949 1196 984 noster
1221 939 1389 985 villicus
1414 941 1586 992 horret,

547 1022 611 1063 Te
635 1018 928 1078 dispensator,
958 1022 999 1055 te
1032 1011 1189 1055 domus
1217 1012 1308 1072 ipsa
1336 1020 1477 1072 pavet.

481 1091 654 1137 Ludere
678 1103 759 1131 nec
784 1084 931 1137 nobis,
954 1098 1033 1126 nec
1065 1091 1112 1125 tu
1140 1082 1353 1141 permittis
1382 1096 1550 1134 amare,

550 1160 622 1205 Nil
652 1158 759 1202 mihi
788 1156 876 1207 vis,
903 1163 944 1197 et
975 1154 1040 1196 vis
1068 1161 1226 1195 cuncta
1256 1150 1385 1196 licere
1411 1151 1503 1195 tibi.

480 1231 677 1292 Corripis
691 1264 702 1283 ,
726 1227 955 1279 observas,
975 1223 1193 1284 quereris,
1215 1223 1397 1284 suspiria
1421 1222 1570 1274 ducis;

551 1304 607 1346 Et
631 1301 705 1343 vix
728 1314 752 1342 a
784 1293 931 1341 ferulis
958 1294 1147 1337 abstinet
1172 1293 1233 1337 ira
1256 1309 1448 1337 manum.

484 1375 527 1418 Si
547 1372 702 1432 Tyrios
723 1366 889 1428 sumpsi
914 1363 1080 1421 cultus,
1104 1364 1262 1407 unxive
1286 1363 1492 1425 capillos;

552 1440 808 1494 Exclamas,
834 1436 1073 1496 Nunquam
1102 1433 1265 1478 fecerat
1289 1435 1369 1478 ista
1392 1443 1527 1495 pater.

485 1517 542 1558 Et
567 1526 770 1557 numeras
792 1517 966 1552 nostros
989 1504 1166 1549 astricta
1192 1504 1336 1549 fronte
1359 1505 1560 1554 trientes,

555 1586 782 1643 Tanquam
810 1578 863 1622 de
887 1575 994 1621 cella
1021 1576 1074 1618 sit
1097 1574 1230 1619 cadus
1254 1573 1325 1619 ille
1346 1585 1433 1618 tua.

486 1655 647 1700 Desine
672 1670 680 1695 :
703 1667 793 1694 non
821 1663 999 1710 possum
1024 1645 1227 1689 libertum
1252 1645 1365 1689 ferre
1392 1647 1617 1690 Catonem.

557 1727 662 1768 Esse
686 1723 827 1764 virum
847 1721 936 1779 jam
963 1732 1032 1760 me
1058 1715 1174 1759 dicet
1197 1716 1337 1760 amica
1362 1716 1451 1759 tibi.

504 1859 658 1896 ,Motor‚
683 1863 747 1888 etc.
770 1852 861 1893 Alii,
883 1851 1031 1887 monitor,
1058 1845 1095 1880 id

421 1923 493 1955 est,
479 1874 668 1945 1infantiae
689 1904 917 1953 pueritiaeque
937 1900 1097 1935 modera-

425 1978 491 2002 tor.
511 1965 632 1998 Minus
650 1970 765 1995 tamen
789 1958 892 1990 bene.
903 1977 954 1981 —
974 1954 1095 1993 Moror,

427 2023 503 2054 Hoc
514 2025 585 2057 est,
597 2014 685 2049 mihi
697 2010 822 2046 infanti
832 2020 937 2043 cunas
946 2005 1097 2040 movisti.

480 2074 514 2106 3.
536 2068 688 2104 Sudaria.
714 2065 853 2105 Lintea,
868 2073 947 2107 quae
966 2058 1100 2092 demes-

428 2138 500 2160 sam
520 2121 627 2157 modo
646 2133 664 2154 a
683 2128 823 2152 tonsore
844 2115 988 2149 barbam
1011 2111 1102 2144 exci-

427 2181 538 2225 piunt.

486 2236 518 2272 4.
539 2229 667 2262 Juncta.
685 2223 758 2257 MS.
777 2220 911 2255 Beverl.
925 2217 1104 2250 —Labris

430 2293 495 2319 etc.
524 2283 553 2315 A
579 2290 700 2314 rasura
719 2275 849 2322 asperis
866 2271 1046 2316 durisque.

486 2338 519 2371 5.
540 2333 606 2367 Sed
623 2331 681 2364 tihi
698 2342 759 2363 non
777 2330 869 2361 crwi.
897 2323 965 2359 Sed
986 2321 1106 2370 judice

433 2401 465 2424 te
481 2396 702 2434 nequaquam
719 2381 836 2422 crevi;
850 2376 1008 2413 nondum
1021 2374 1105 2411 ado-

431 2444 553 2477 levisse
569 2452 626 2473 me
644 2435 840 2474 existimas,
860 2440 894 2466 et
912 2443 969 2463 me
988 2438 1028 2462 ut
1047 2429 1108 2462 im-

431 2497 599 2543 puberem
619 2488 809 2533 ledarguis.

488 2561 522 2593 7.
556 2546 595 2579 Νι
597 2545 677 2577 dum
704 2554 770 2587 pro
801 2552 855 2572 nec
885 2546 918 2570 tn
945 2537 1040 2570 malit
1071 2533 1108 2565 de

433 2604 532 2640 Roor.
555 2595 772 2642 Ingeniosius
789 2604 893 2638 quam
910 2591 1038 2624 verius.

491 2651 754 2693 10.Temp·emt
788 2649 834 2678 ἱνα
875 2653 928 2676 wa
967 2645 1105 2689 piaefert

1157 1847 1251 1881 idem
1274 1849 1312 1881 de
1336 1849 1437 1894 Rooy.
1458 1868 1510 1873 —
1531 1848 1667 1881 Feralis.
1691 1864 1704 1876 α
1724 1846 1833 1880 Feru—

1158 1901 1268 1947 laeque
1302 1901 1433 1941 tristes,
1463 1908 1598 1946 sceptra
1628 1898 1832 1945 paedagogo-

1159 1967 1249 1988 rum.
1269 1971 1282 1984 n
1305 1954 1383 1987 Lib.
1401 1954 1455 1993 X,
1475 1954 1584 1999 epigr.
1608 1965 1693 1985 an.
1716 1953 1783 1986 En.

1219 2020 1274 2041 11.
1299 2007 1336 2041 Si
1363 2007 1566 2053 Tyrios.......

1161 2072 1354 2105 purpureas
1371 2059 1534 2104 intellige.

1221 2113 1277 2146 13.
1300 2113 1347 2145 Ee
1365 2125 1519 2145 numeras.
1539 2111 1666 2145 Sensus
1682 2119 1732 2144 est
1746 2122 1753 2143 :
1767 2111 1836 2143 Nu-

1163 2177 1275 2199 meras
1292 2173 1377 2211 quot
1397 2164 1554 2198 hauriam
1574 2164 1730 2210 cyathos.

1224 2220 1280 2252 15.
1307 2218 1400 2251 Liher
1427 2225 1489 2250 tum
1513 2217 1656 2250 Thuan.
1687 2214 1765 2249 cod.
1785 2237 1837 2242 —

1168 2271 1330 2305 Catonem.
1358 2271 1432 2303 Hoc
1453 2278 1523 2309 est,
1548 2270 1732 2303 Libertum
1752 2269 1835 2302 tole-

1165 2337 1243 2358 rare
1270 2336 1407 2369 nequeo
1425 2349 1434 2365 ,
1464 2323 1526 2368 qui
1556 2323 1749 2364 Catonem,
1779 2334 1838 2354 seu

1165 2389 1349 2411 censorem
1369 2389 1404 2410 se
1421 2384 1527 2422 gerat.

1226 2433 1281 2464 16.
1303 2431 1413 2463 Decet.
1434 2428 1571 2462 Beverl.
1586 2428 1662 2461 MS.
1678 2449 1727 2454 —
1739 2427 1838 2461 Male.

1168 2484 1346 2517 Gloriatur
1372 2483 1430 2516 hic
1458 2494 1607 2528 nequam
1641 2480 1838 2514 adolescen-

1169 2537 1262 2570 tulus
1286 2536 1475 2570 institutori
1503 2547 1537 2567 sc
1560 2534 1704 2568 amicam
1727 2533 1840 2567 subri-

1168 2590 1302 2636 puisse,
1320 2597 1378 2623 aut
1399 2588 1617 2634 simpliciter,
1634 2599 1712 2621 cum
1734 2587 1841 2619 amica

1167 2656 1239 2676 rem
1261 2642 1408 2675 viriliter
1426 2642 1599 2674 habuisse.
1615 2641 1680 2673 En.

1589 2006 1698 2038 cultus.
1713 2006 1836 2038 Vestes
