1978 3305
361 254 953 299 EPIGRAMMATUM
991 254 1115 298 LIB.
1156 258 1210 301 V.

1424 275 1489 320 99

290 344 427 405 Nigra
453 340 692 387 cauliculus
717 341 864 385 virens
891 339 1050 402 patella
1066 377 1077 398 ,

288 412 520 475 Algentem
542 412 676 457 modo
702 413 776 473 qui
803 410 978 473 reliquit
1000 412 1202 470 hortum3

289 486 347 528 Et
370 483 536 545 pultem
559 483 730 526 niveam
757 498 960 543 premens
985 482 1193 539 botellus,

289 556 348 598 Et
375 553 540 615 pallens
566 552 666 596 faba
690 568 792 597 cum
813 552 998 596 rubente
1021 552 1155 598 lardo.

290 626 455 669 Mensae
480 638 662 667 munera
691 623 726 666 si
747 620 867 666 voles
890 623 1111 680 secundae,

289 696 538 739 Marcentes
566 692 645 736 tibi
675 692 957 754 porrigentur
986 709 1104 750 uvae,

290 767 348 810 Et
370 780 531 809 nomen
555 778 664 824 pyra
687 778 783 824 quae
808 762 956 806 ferunt
984 764 1217 824 Syrorum3

290 836 349 881 Et
375 850 482 895 quas
508 833 638 877 docta
659 831 867 893 Neapolis
892 834 1077 889 creavit,

290 906 433 949 Lento
463 913 676 949 castaneae
700 919 864 964 vapore
887 913 1037 961 tostae;

289 976 455 1019 Vinum
481 984 529 1019 tu
553 974 684 1020 facies
709 973 876 1018 bonum
904 974 1107 1018 bibendo.

83 1102 236 1137 tenendo
257 1102 476 1148 exprimitur.
499 1100 606 1144 Quod
625 1101 757 1147 epithe-

83 1165 144 1189 ton
160 1164 195 1189 et
207 1168 344 1189 summo
357 1157 435 1200 jure
447 1155 670 1188 Burmannus
682 1155 757 1188 vin·

82 1208 212 1242 dicavit
237 1208 369 1242 Nasoni
396 1209 472 1241 Art.
499 1209 577 1241 Am.
593 1208 632 1247 Ι,
658 1209 754 1246 662,

81 1263 145 1296 ubi
165 1268 260 1294 uncta
281 1273 404 1306 parum
427 1260 576 1294 feliciter
599 1272 642 1293 ex
665 1272 756 1293 non-

81 1315 188 1348 nullis
205 1313 309 1348 codd.
329 1312 487 1348 defendit
508 1313 685 1347 Heinsius.
703 1334 757 1339 —-

86 1368 207 1401 Unctis.
242 1367 392 1412 Propter
429 1366 547 1399 oleum
579 1365 757 1400 cauliculis

82 1419 291 1466 superfundi
301 1420 455 1453 solitum.
471 1419 567 1465 Lips.
583 1419 630 1460 V,
644 1419 755 1464 Epist.

81 1474 211 1515 Quaest.
222 1473 285 1506 lib.
297 1473 325 1506 1.
341 1472 515 1506 Gruterus
524 1471 653 1505 retinet
664 1474 755 1508 ustas,

82 1533 227 1572 propter
245 1526 402 1559 ἀντίθεσιν
424 1529 478 1559 τοῦ
495 1525 631 1569 algentis
651 1524 734 1557 hor-ti
747 1550 756 1564 ‚

82 1578 180 1624 quod
197 1578 368 1624 sequitur.

137 1644 172 1676 7.
191 1631 297 1675 Nigra
312 1631 460 1663 coliculus
474 1630 511 1663 in
526 1628 607 1663 edd.
621 1637 759 1663 vett.—

86 1684 281 1718 cauliculus.
305 1683 484 1717 coliculus
496 1710 505 1725 ,
525 1695 587 1716 seu
604 1683 759 1716 caulicu-

83 1738 157 1779 lus,
176 1750 195 1770 a
211 1737 370 1770 caulibus
383 1735 515 1769 dictus:
537 1735 697 1769 brassicae
709 1744 760 1769 est

86 1790 232 1824 interior
246 1802 326 1835 pars
337 1816 347 1831 ‚
362 1797 492 1822 resecta
503 1801 521 1822 a
535 1789 648 1829 caule3
659 1789 705 1821 ita
722 1797 761 1822 ut

85 1843 226 1889 thyrsus
239 1843 312 1888 ipse
324 1842 368 1876 sit
377 1842 526 1875 brassica
539 1864 550 1880 ,
561 1841 668 1874 caulis
680 1867 689 1883 ,
705 1853 761 1874 co-

85 1895 223 1929 liculus.
238 1894 332 1928 Vide
346 1895 406 1928 lib.
429 1895 538 1931 XIII,
557 1895 759 1940 epigramm.

85 1961 175 1982 xvn.
191 1949 289 1994 Saepe
302 1947 452 1981 brassica
468 1955 503 1980 et
517 1947 679 1980 cauliculi
694 1960 760 1992 pro

86 2000 211 2035 eodem
232 2009 430 2035 sumuntur.
452 1999 568 2033 Rader.
586 2020 638 2026 —
651 1995 761 2044 Nigra

81 2055 204 2100 patella
230 2062 282 2087 est
303 2054 439 2087 fumosa
454 2079 463 2094 ,
483 2053 539 2087 vel
559 2065 683 2098 parum
706 2053 761 2086 ni-

86 2106 170 2141 tida.
192 2107 259 2140 En.

141 2162 176 2195 8.
212 2160 382 2204 Algentem
416 2159 548 2191 hortum.
579 2158 761 2192 Molliores

88 2221 168 2246 sunt
193 2213 357 2246 cauliculi
378 2212 524 2257 hyeme3
555 2211 671 2244 forsan
697 2224 760 2258 per

88 2266 281 2300 Saturnalia
296 2266 370 2299 haec
386 2264 565 2297 Martialis,

144 2331 178 2362 9.
196 2319 245 2351 Et
253 2318 382 2363 pultem.
402 2319 454 2350 De
467 2317 623 2362 pultibus
640 2317 762 2351 scribit

90 2371 258 2416 Apicius,
278 2370 340 2403 lib.
356 2371 403 2411 V,
419 2382 494 2415 cap.
517 2383 548 2403 1.
573 2369 682 2403 Nirea
707 2369 761 2403 di-

89 2424 180 2457 citur
191 2449 201 2464 ‚
227 2423 296 2456 hoc
325 2431 375 2456 est
392 2448 402 2463 ‚
435 2434 480 2455 ex
509 2423 621 2455 farina
654 2423 763 2456 tritici

89 2474 428 2510 candida.—Pultem
437 2478 568 2515 niveam,
585 2483 650 2508 etc.
667 2475 764 2509 Pulti

91 2542 134 2563 ex
153 2529 247 2562 alicae
269 2528 380 2562 farina
401 2528 585 2573 impositus
599 2528 761 2562 botellus.

91 2581 248 2627 Apicius.
266 2582 350 2615 Erat
379 2589 414 2614 et
435 2577 535 2625 χιρδὴ
561 2581 762 2625 αἱματισίτις.

93 2635 299 2676 Athenaeus,
327 2634 390 2667 lib.
420 2634 491 2674 III,
519 2643 593 2678 cap.
628 2633 689 2667 36.
712 2654 764 2662 ·—-

94 2689 238 2722 Nireum.
268 2688 403 2733 Nempe
430 2700 471 2720 ex
496 2686 580 2719 alica
604 2694 731 2719 sectam
754 2698 762 2720 :

815 1100 910 1134 alicae
941 1109 1059 1135 autem
1088 1102 1201 1136 farina
1234 1102 1489 1140 candidissima.

815 1154 893 1187 Lib.
909 1154 963 1195 Π,
974 1166 1050 1200 cap.
1067 1154 1102 1197 5,
1114 1155 1163 1188 sic
1178 1155 1350 1190 botellum
1364 1156 1492 1193 descri-

814 1206 868 1239 bit
883 1206 1026 1251 Apicius
1041 1219 1050 1241 :
1067 1208 1261 1242 «Botellum
1275 1209 1324 1243 sic
1337 1211 1438 1245 facies
1452 1225 1492 1246 ex

816 1259 874 1292 ovi
900 1259 1028 1293 vitellis
1055 1261 1183 1303 coctis,
1219 1263 1354 1296 nucleis
1380 1265 1494 1309 pineis

815 1312 962 1345 concisis
974 1337 983 1353 ,
1000 1313 1127 1358 quibus
1139 1326 1258 1359 cepam
1271 1341 1280 1356 ‚
1297 1324 1331 1349 et
1347 1329 1493 1362 porrum

816 1365 1018 1405 concisum,
1040 1365 1192 1412 thusque
1214 1367 1363 1402 crudum
1384 1369 1496 1404 admi-

816 1418 926 1451 scebis
941 1443 949 1459 ‚
965 1430 1046 1450 cum
1064 1419 1187 1464 pipere
1208 1420 1349 1455 modico
1363 1448 1372 1463 ‚
1391 1432 1495 1469 atque

816 1470 865 1505 ita
889 1470 1095 1504 intestinum
1118 1472 1263 1513 farcies;
1292 1473 1496 1522 adjectoque

816 1523 1029 1569 liquamine,
1052 1532 1086 1557 et
1106 1525 1191 1557 vino
1210 1525 1396 1572 decoquas.
1417 1547 1494 1558 „—

817 1576 962 1609 Botellus
975 1588 1058 1622 ergo
1077 1589 1188 1622 genus
1204 1578 1395 1614 farciminis
1411 1582 1496 1625 fuit,

818 1630 894 1663 sine
911 1629 1074 1662 carnibus
1091 1638 1219 1663 tamen.
1237 1632 1308 1664 Alii
1326 1635 1496 1679 sanguine

819 1683 948 1715 fartum
972 1681 1087 1715 fuisse.
1116 1682 1222 1729 Apud
1247 1697 1332 1727 nos,
1365 1686 1494 1721 boudin.

876 1747 931 1768 10.
954 1734 1096 1767 Rubente
1127 1737 1230 1770 lardo.
1261 1739 1379 1772 Rubet
1412 1740 1495 1774 lari-

818 1787 905 1821 dum
920 1796 1020 1820 vetus
1041 1797 1076 1821 et
1094 1788 1283 1823 fumosum.

876 1852 891 1873 1
904 1853 934 1874 1.
956 1841 1076 1874 Mensae
1091 1842 1246 1876 secundae.
1268 1844 1310 1876 In
1333 1845 1496 1880 secundis

818 1894 946 1927 mensis
967 1893 1110 1928 bellaria
1129 1902 1164 1927 et
1183 1895 1316 1930 fructus
1339 1910 1494 1943 appone-

819 1947 958 1980 bantur.
981 1947 1048 1979 En.

877 2012 891 2032 1
903 2012 919 2032 2
930 2025 937 2032 .
953 1999 1148 2038 Marcentes,
1165 2007 1232 2034 etc.
1250 2001 1398 2035 Maturae
1409 2029 1418 2042 ,
1438 2003 1500 2036 vel

820 2051 1009 2086 duracinae.
1030 2051 1113 2085 Vid.
1130 2052 1193 2086 lib.
1211 2054 1228 2086 I
1240 2081 1248 2094 ‚
1266 2054 1374 2099 epigr.
1396 2068 1494 2090 κων.

819 2104 985 2138 Brodaeus
1015 2105 1091 2138 vult
1125 2105 1200 2138 aliis
1228 2105 1296 2139 dici
1314 2132 1324 2148 ,
1361 2115 1495 2152 tempore

820 2167 984 2203 corruptas
991 2170 1003 2196 ;
1011 2156 1223 2203 quibusdam
1232 2184 1242 2199 ‚
1252 2160 1494 2204 llqttoreplenas.

877 2210 934 2244 13.
962 2211 1011 2243 Et
1030 2223 1140 2243 nomen
1153 2212 1227 2255 pira
1249 2211 1285 2244 in
1307 2210 1387 2245 edd.
1410 2222 1495 2248 vett.

819 2285 871 2291 .-
898 2264 1021 2298 Nomen
1042 2276 1146 2309 pyra,
1172 2271 1236 2296 etc.
1268 2264 1359 2310 Pyra
1385 2265 1493 2311 Syra,

821 2329 859 2350 ex
880 2316 981 2363 Syria
999 2316 1110 2350 allata.

878 2374 935 2410 14.
959 2369 1063 2401 Docta
1088 2368 1238 2412 Neapolis
1262 2372 1389 2402 creavit.
1413 2371 1496 2405 Stu-

821 2422 888 2456 diis
899 2422 1079 2455 literarum
1093 2429 1126 2454 et
1136 2422 1324 2465 gymnasiis
1333 2423 1491 2458 celebris.

823 2475 1060 2520 Neapolitanae
1088 2481 1205 2506 autem
1228 2483 1393 2510 castaneae
1417 2477 1492 2510 lau·

823 2527 913 2561 datae
922 2553 930 2566 ,
947 2539 1022 2573 quae
1033 2535 1065 2560 et
1074 2534 1254 2560 torrentur
1263 2536 1296 2562 et
1305 2528 1491 2564 elixantur.

879 2593 894 2613 1
906 2581 938 2614 5.
955 2578 1074 2613 Codex
1093 2578 1302 2615 Bodleianus
1316 2590 1350 2615 et
1366 2583 1492 2617 Bever-

822 2631 916 2666 landi
938 2632 1012 2666 MS.
1034 2642 1139 2665 σοι-ηε.

880 2688 934 2719 16.
957 2685 1073 2718 Vinum
1092 2687 1257 2728 tufizcies,
1279 2696 1342 2721 etc.
1360 2688 1495 2722 Vinum

1195 2756 1256 2817 7.
