<?xml version="1.0" encoding="UTF-8"?>
<!DOCTYPE html PUBLIC "-//W3C//DTD XHTML 1.0 Transitional//EN"
    "http://www.w3.org/TR/xhtml1/DTD/xhtml1-transitional.dtd">
<html xmlns="http://www.w3.org/1999/xhtml" xml:lang="en" lang="en">
 <head>
  <title>
</title>
<meta http-equiv="Content-Type" content="text/html;charset=utf-8" />
  <meta name='ocr-system' content='tesseract 3.04.00' />
  <meta name='ocr-capabilities' content='ocr_page ocr_carea ocr_par ocr_line ocrx_word'/>
</head>
<body>
  <div class='ocr_page' id='page_1' title='image "./epigrammata02martuoft/epigrammata02martuoft_0454.png"; bbox 0 0 1978 3305; ppageno 0'>
   <div class='ocr_carea' id='block_1_1' title="bbox 484 245 583 297">
    <p class='ocr_par' dir='ltr' id='par_1_1' title="bbox 484 245 583 297">
     <span class='ocr_line' id='line_1_1' title="bbox 484 245 583 297; baseline 0 0"><span class='ocrx_word' id='word_1_1' title='bbox 484 245 583 297; x_wconf 59' lang='lat' dir='ltr'>Mo</span> 
     </span>
    </p>
   </div>
   <div class='ocr_carea' id='block_1_2' title="bbox 833 244 1519 290">
    <p class='ocr_par' dir='ltr' id='par_1_2' title="bbox 833 244 1519 290">
     <span class='ocr_line' id='line_1_2' title="bbox 833 244 1519 290; baseline 0.007 -5"><span class='ocrx_word' id='word_1_2' title='bbox 833 244 917 286; x_wconf 85' lang='lat' dir='ltr'>M.</span> <span class='ocrx_word' id='word_1_3' title='bbox 942 245 1084 287; x_wconf 93' lang='lat' dir='ltr'>VAL.</span> <span class='ocrx_word' id='word_1_4' title='bbox 1123 245 1519 290; x_wconf 90' lang='lat' dir='ltr'><strong>MARTIALIS</strong></span> 
     </span>
    </p>
   </div>
   <div class='ocr_carea' id='block_1_3' title="bbox 551 329 1795 460">
    <p class='ocr_par' dir='ltr' id='par_1_3' title="bbox 551 329 1795 460">
     <span class='ocr_line' id='line_1_3' title="bbox 551 329 1795 393; baseline 0.003 -19"><span class='ocrx_word' id='word_1_5' title='bbox 551 329 634 374; x_wconf 85' lang='lat' dir='ltr'>Sed</span> <span class='ocrx_word' id='word_1_6' title='bbox 660 329 767 372; x_wconf 89' lang='lat' dir='ltr'>mihi</span> <span class='ocrx_word' id='word_1_7' title='bbox 791 346 901 390; x_wconf 87' lang='lat' dir='ltr'>pura</span> <span class='ocrx_word' id='word_1_8' title='bbox 927 329 1031 385; x_wconf 80' lang='lat' dir='ltr'>fuit3</span> <span class='ocrx_word' id='word_1_9' title='bbox 1057 330 1133 374; x_wconf 84' lang='lat' dir='ltr'>tibi</span> <span class='ocrx_word' id='word_1_10' title='bbox 1158 348 1248 375; x_wconf 90' lang='lat' dir='ltr'>non</span> <span class='ocrx_word' id='word_1_11' title='bbox 1272 333 1376 388; x_wconf 85' lang='lat' dir='ltr'>erit,</span> <span class='ocrx_word' id='word_1_12' title='bbox 1397 333 1598 393; x_wconf 86' lang='lat' dir='ltr'>AEschyle</span> <span class='ocrx_word' id='word_1_13' title='bbox 1621 351 1629 377; x_wconf 90' lang='lat'><strong>:</strong></span> <span class='ocrx_word' id='word_1_14' title='bbox 1656 336 1689 378; x_wconf 92' lang='lat' dir='ltr'>si</span> <span class='ocrx_word' id='word_1_15' title='bbox 1710 336 1795 387; x_wconf 81' lang='lat' dir='ltr'>vis,</span> 
     </span>
     <span class='ocr_line' id='line_1_4' title="bbox 620 400 1574 460; baseline 0.004 -18"><span class='ocrx_word' id='word_1_16' title='bbox 620 401 782 460; x_wconf 88' lang='lat' dir='ltr'><strong>Accipe</strong></span> <span class='ocrx_word' id='word_1_17' title='bbox 811 409 854 443; x_wconf 87' lang='lat' dir='ltr'>et</span> <span class='ocrx_word' id='word_1_18' title='bbox 878 400 962 444; x_wconf 91' lang='lat' dir='ltr'>hoc</span> <span class='ocrx_word' id='word_1_19' title='bbox 987 417 1146 445; x_wconf 89' lang='lat' dir='ltr'>munus</span> <span class='ocrx_word' id='word_1_20' title='bbox 1173 402 1419 446; x_wconf 86' lang='lat' dir='ltr'>conditione</span> <span class='ocrx_word' id='word_1_21' title='bbox 1447 403 1574 446; x_wconf 83' lang='lat' dir='ltr'>mala.</span> 
     </span>
    </p>
   </div>
   <div class='ocr_carea' id='block_1_4' title="bbox 479 538 1152 691">
    <p class='ocr_par' dir='ltr' id='par_1_4' title="bbox 479 538 1152 691">
     <span class='ocr_line' id='line_1_5' title="bbox 534 538 1152 583; baseline 0.008 -13"><span class='ocrx_word' id='word_1_22' title='bbox 534 551 566 583; x_wconf 87' lang='lat'>7.</span> <span class='ocrx_word' id='word_1_23' title='bbox 588 538 655 572; x_wconf 86' lang='lat' dir='ltr'>Sed</span> <span class='ocrx_word' id='word_1_24' title='bbox 666 539 761 579; x_wconf 79' lang='lat' dir='ltr'>mihi,</span> <span class='ocrx_word' id='word_1_25' title='bbox 778 548 841 573; x_wconf 89' lang='lat' dir='ltr'>etc.</span> <span class='ocrx_word' id='word_1_26' title='bbox 860 540 933 574; x_wconf 90' lang='lat' dir='ltr'>Nec</span> <span class='ocrx_word' id='word_1_27' title='bbox 945 549 1061 574; x_wconf 84' lang='lat' dir='ltr'>tamen</span> <span class='ocrx_word' id='word_1_28' title='bbox 1073 542 1152 583; x_wconf 87' lang='lat' dir='ltr'>feci,</span> 
     </span>
     <span class='ocr_line' id='line_1_6' title="bbox 479 590 1151 639; baseline 0.007 -16"><span class='ocrx_word' id='word_1_29' title='bbox 479 592 593 636; x_wconf 85' lang='lat' dir='ltr'>pretio</span> <span class='ocrx_word' id='word_1_30' title='bbox 613 590 820 633; x_wconf 86' lang='lat' dir='ltr'>deterritus,</span> <span class='ocrx_word' id='word_1_31' title='bbox 845 605 904 626; x_wconf 91' lang='lat' dir='ltr'>seu</span> <span class='ocrx_word' id='word_1_32' title='bbox 922 594 972 627; x_wconf 87' lang='lat' dir='ltr'>rei</span> <span class='ocrx_word' id='word_1_33' title='bbox 997 595 1151 639; x_wconf 77' lang='lat' dir='ltr'>turpitu-</span> 
     </span>
     <span class='ocr_line' id='line_1_7' title="bbox 479 643 1151 691; baseline 0.004 -14"><span class='ocrx_word' id='word_1_34' title='bbox 479 643 718 690; x_wconf 83' lang='lat' dir='ltr'>dine.—Eg0</span> <span class='ocrx_word' id='word_1_35' title='bbox 737 645 786 678; x_wconf 91' lang='lat' dir='ltr'>sic</span> <span class='ocrx_word' id='word_1_36' title='bbox 806 645 965 691; x_wconf 78' lang='lat' dir='ltr'>intelligo</span> <span class='ocrx_word' id='word_1_37' title='bbox 982 648 1049 680; x_wconf 90' lang='lat' dir='ltr'>:At</span> <span class='ocrx_word' id='word_1_38' title='bbox 1068 655 1151 680; x_wconf 90' lang='lat' dir='ltr'>tunc</span> 
     </span>
    </p>
   </div>
   <div class='ocr_carea' id='block_1_5' title="bbox 1212 542 1889 637">
    <p class='ocr_par' dir='ltr' id='par_1_5' title="bbox 1212 542 1889 637">
     <span class='ocr_line' id='line_1_8' title="bbox 1212 542 1889 588; baseline 0.001 -13"><span class='ocrx_word' id='word_1_39' title='bbox 1212 542 1378 576; x_wconf 89' lang='lat' dir='ltr'>hactenus</span> <span class='ocrx_word' id='word_1_40' title='bbox 1421 543 1609 588; x_wconf 89' lang='lat' dir='ltr'>voluptatis</span> <span class='ocrx_word' id='word_1_41' title='bbox 1642 543 1734 576; x_wconf 87' lang='lat' dir='ltr'>illius</span> <span class='ocrx_word' id='word_1_42' title='bbox 1769 555 1889 588; x_wconf 83' lang='lat' dir='ltr'>expers</span> 
     </span>
     <span class='ocr_line' id='line_1_9' title="bbox 1213 594 1886 637; baseline -0.003 -9"><span class='ocrx_word' id='word_1_43' title='bbox 1213 595 1324 629; x_wconf 87' lang='lat' dir='ltr'>fuerat</span> <span class='ocrx_word' id='word_1_44' title='bbox 1343 604 1376 629; x_wconf 85' lang='lat' dir='ltr'>et</span> <span class='ocrx_word' id='word_1_45' title='bbox 1394 594 1515 637; x_wconf 86' lang='lat' dir='ltr'>rudis;</span> <span class='ocrx_word' id='word_1_46' title='bbox 1536 607 1629 629; x_wconf 89' lang='lat' dir='ltr'>nunc</span> <span class='ocrx_word' id='word_1_47' title='bbox 1649 609 1721 629; x_wconf 89' lang='lat' dir='ltr'>non</span> <span class='ocrx_word' id='word_1_48' title='bbox 1743 604 1805 629; x_wconf 86' lang='lat' dir='ltr'>est.</span> <span class='ocrx_word' id='word_1_49' title='bbox 1821 596 1886 628; x_wconf 84' lang='lat' dir='ltr'>En.</span> 
     </span>
    </p>
   </div>
   <div class='ocr_carea' id='block_1_6' title="bbox 1266 647 1889 694">
    <p class='ocr_par' dir='ltr' id='par_1_6' title="bbox 1266 647 1889 694">
     <span class='ocr_line' id='line_1_10' title="bbox 1266 647 1889 694; baseline 0 -13"><span class='ocrx_word' id='word_1_50' title='bbox 1266 649 1301 682; x_wconf 89' lang='grc'>8.</span> <span class='ocrx_word' id='word_1_51' title='bbox 1332 647 1518 681; x_wconf 78' lang='lat' dir='ltr'>Condc&#39;tione</span> <span class='ocrx_word' id='word_1_52' title='bbox 1545 648 1639 682; x_wconf 77' lang='lat' dir='ltr'>mala.</span> <span class='ocrx_word' id='word_1_53' title='bbox 1660 649 1790 693; x_wconf 86' lang='lat' dir='ltr'>Magno</span> <span class='ocrx_word' id='word_1_54' title='bbox 1815 660 1889 694; x_wconf 86' lang='lat' dir='ltr'>pre·</span> 
     </span>
    </p>
   </div>
   <div class='ocr_carea' id='block_1_7' title="bbox 480 697 1572 747">
    <p class='ocr_par' dir='ltr' id='par_1_7' title="bbox 480 697 1572 747">
     <span class='ocr_line' id='line_1_11' title="bbox 480 697 1572 747; baseline 0.004 -17"><span class='ocrx_word' id='word_1_55' title='bbox 480 697 630 741; x_wconf 87' lang='lat' dir='ltr'>primum</span> <span class='ocrx_word' id='word_1_56' title='bbox 666 697 868 744; x_wconf 86' lang='lat' dir='ltr'>improbum</span> <span class='ocrx_word' id='word_1_57' title='bbox 906 699 942 732; x_wconf 89' lang='lat' dir='ltr'>id</span> <span class='ocrx_word' id='word_1_58' title='bbox 979 700 1151 742; x_wconf 80' lang='lat' dir='ltr'>faciebat3</span> <span class='ocrx_word' id='word_1_59' title='bbox 1211 701 1261 733; x_wconf 90' lang='lat' dir='ltr'>tio</span> <span class='ocrx_word' id='word_1_60' title='bbox 1277 727 1286 741; x_wconf 91' lang='lat'>,</span> <span class='ocrx_word' id='word_1_61' title='bbox 1306 713 1386 735; x_wconf 89' lang='lat' dir='ltr'>caro</span> <span class='ocrx_word' id='word_1_62' title='bbox 1406 709 1572 747; x_wconf 90' lang='lat' dir='ltr'>emptum.</span> 
     </span>
    </p>
   </div>
   <div class='ocr_carea' id='block_1_8' title="bbox 1063 855 1300 910">
    <p class='ocr_par' dir='ltr' id='par_1_8' title="bbox 1063 855 1300 910">
     <span class='ocr_line' id='line_1_12' title="bbox 1063 855 1300 910; baseline 0.004 -1"><span class='ocrx_word' id='word_1_63' title='bbox 1063 855 1300 910; x_wconf 77' lang='lat' dir='ltr'>LXIX.</span> 
     </span>
    </p>
   </div>
   <div class='ocr_carea' id='block_1_9' title="bbox 865 993 1502 1040">
    <p class='ocr_par' dir='ltr' id='par_1_9' title="bbox 865 993 1502 1040">
     <span class='ocr_line' id='line_1_13' title="bbox 865 993 1502 1040; baseline 0.002 -3"><span class='ocrx_word' id='word_1_64' title='bbox 865 1011 917 1038; x_wconf 83' lang='lat' dir='ltr'>IN</span> <span class='ocrx_word' id='word_1_65' title='bbox 957 1011 1291 1040; x_wconf 81' lang='lat' dir='ltr'><strong>MAGISTRUM</strong></span> <span class='ocrx_word' id='word_1_66' title='bbox 1331 993 1502 1040; x_wconf 64' lang='lat' dir='ltr'><strong>LUDL*</strong></span> 
     </span>
    </p>
   </div>
   <div class='ocr_carea' id='block_1_10' title="bbox 546 1134 1735 1689">
    <p class='ocr_par' dir='ltr' id='par_1_10' title="bbox 546 1134 1735 1689">
     <span class='ocr_line' id='line_1_14' title="bbox 547 1134 1735 1198; baseline 0.003 -21"><span class='ocrx_word' id='word_1_67' title='bbox 547 1135 676 1191; x_wconf 81' lang='lat' dir='ltr'>Qun)</span> <span class='ocrx_word' id='word_1_68' title='bbox 701 1134 780 1178; x_wconf 87' lang='lat' dir='ltr'>tibi</span> <span class='ocrx_word' id='word_1_69' title='bbox 802 1134 1030 1178; x_wconf 90' lang='lat' dir='ltr'>nobiscum</span> <span class='ocrx_word' id='word_1_70' title='bbox 1057 1144 1144 1190; x_wconf 84' lang='lat' dir='ltr'>est,</span> <span class='ocrx_word' id='word_1_71' title='bbox 1165 1134 1255 1178; x_wconf 92' lang='lat' dir='ltr'>ludi</span> <span class='ocrx_word' id='word_1_72' title='bbox 1276 1135 1482 1179; x_wconf 84' lang='lat' dir='ltr'>scelerate</span> <span class='ocrx_word' id='word_1_73' title='bbox 1508 1138 1735 1198; x_wconf 64' lang='lat' dir='ltr'>magister,</span> 
     </span>
     <span class='ocr_line' id='line_1_15' title="bbox 616 1205 1528 1267; baseline 0.002 -20"><span class='ocrx_word' id='word_1_74' title='bbox 616 1205 813 1248; x_wconf 84' lang='lat' dir='ltr'>Invisum</span> <span class='ocrx_word' id='word_1_75' title='bbox 840 1205 987 1265; x_wconf 85' lang='lat' dir='ltr'>pueris</span> <span class='ocrx_word' id='word_1_76' title='bbox 1012 1205 1338 1266; x_wconf 83' lang='lat' dir='ltr'>virginibusque</span> <span class='ocrx_word' id='word_1_77' title='bbox 1364 1205 1528 1267; x_wconf 79' lang='lat' dir='ltr'>caput?</span> 
     </span>
     <span class='ocr_line' id='line_1_16' title="bbox 546 1274 1470 1338; baseline 0.003 -21"><span class='ocrx_word' id='word_1_78' title='bbox 546 1274 757 1318; x_wconf 84' lang='lat' dir='ltr'>Nondum</span> <span class='ocrx_word' id='word_1_79' title='bbox 787 1276 950 1319; x_wconf 84' lang='lat' dir='ltr'>cristati</span> <span class='ocrx_word' id='word_1_80' title='bbox 973 1292 1130 1337; x_wconf 87' lang='lat' dir='ltr'>rupere</span> <span class='ocrx_word' id='word_1_81' title='bbox 1152 1275 1318 1320; x_wconf 85' lang='lat' dir='ltr'>silentia</span> <span class='ocrx_word' id='word_1_82' title='bbox 1347 1275 1470 1338; x_wconf 81' lang='lat' dir='ltr'>galli3</span> 
     </span>
     <span class='ocr_line' id='line_1_17' title="bbox 617 1346 1645 1408; baseline 0.001 -20"><span class='ocrx_word' id='word_1_83' title='bbox 617 1346 848 1389; x_wconf 87' lang='lat' dir='ltr'><strong>Murmure</strong></span> <span class='ocrx_word' id='word_1_84' title='bbox 874 1346 964 1405; x_wconf 81' lang='lat' dir='ltr'>jam</span> <span class='ocrx_word' id='word_1_85' title='bbox 994 1363 1109 1390; x_wconf 88' lang='lat' dir='ltr'>saevo</span> <span class='ocrx_word' id='word_1_86' title='bbox 1137 1347 1479 1408; x_wconf 85' lang='lat' dir='ltr'>verberibusque</span> <span class='ocrx_word' id='word_1_87' title='bbox 1507 1357 1645 1391; x_wconf 87' lang='lat' dir='ltr'>tonas.</span> 
     </span>
     <span class='ocr_line' id='line_1_18' title="bbox 546 1416 1674 1477; baseline 0.003 -19"><span class='ocrx_word' id='word_1_88' title='bbox 546 1416 654 1459; x_wconf 82' lang='lat' dir='ltr'>Tam</span> <span class='ocrx_word' id='word_1_89' title='bbox 681 1432 814 1477; x_wconf 84' lang='lat' dir='ltr'>grave</span> <span class='ocrx_word' id='word_1_90' title='bbox 839 1418 1054 1477; x_wconf 82' lang='lat' dir='ltr'>percussis</span> <span class='ocrx_word' id='word_1_91' title='bbox 1078 1417 1306 1462; x_wconf 87' lang='lat' dir='ltr'>incudibus</span> <span class='ocrx_word' id='word_1_92' title='bbox 1332 1434 1417 1461; x_wconf 77' lang='lat' dir='ltr'>aera</span> <span class='ocrx_word' id='word_1_93' title='bbox 1442 1417 1674 1473; x_wconf 80' lang='lat' dir='ltr'>resultant,</span> 
     </span>
     <span class='ocr_line' id='line_1_19' title="bbox 617 1486 1665 1549; baseline 0 -19"><span class='ocrx_word' id='word_1_94' title='bbox 617 1486 896 1530; x_wconf 86' lang='lat' dir='ltr'>Causidicum</span> <span class='ocrx_word' id='word_1_95' title='bbox 921 1487 1067 1531; x_wconf 88' lang='lat' dir='ltr'>medio</span> <span class='ocrx_word' id='word_1_96' title='bbox 1093 1505 1227 1548; x_wconf 90' lang='lat' dir='ltr'>quum</span> <span class='ocrx_word' id='word_1_97' title='bbox 1252 1487 1373 1532; x_wconf 89' lang='lat' dir='ltr'>faber</span> <span class='ocrx_word' id='word_1_98' title='bbox 1395 1498 1517 1549; x_wconf 87' lang='lat' dir='ltr'>aptat</span> <span class='ocrx_word' id='word_1_99' title='bbox 1538 1504 1665 1548; x_wconf 87' lang='lat' dir='ltr'>equo.</span> 
     </span>
     <span class='ocr_line' id='line_1_20' title="bbox 546 1557 1648 1619; baseline 0.003 -20"><span class='ocrx_word' id='word_1_100' title='bbox 546 1557 699 1600; x_wconf 88' lang='lat' dir='ltr'>Mitior</span> <span class='ocrx_word' id='word_1_101' title='bbox 727 1558 770 1600; x_wconf 92' lang='lat' dir='ltr'>in</span> <span class='ocrx_word' id='word_1_102' title='bbox 798 1573 958 1618; x_wconf 84' lang='lat' dir='ltr'>magno</span> <span class='ocrx_word' id='word_1_103' title='bbox 982 1557 1148 1602; x_wconf 84' lang='lat' dir='ltr'>clamor</span> <span class='ocrx_word' id='word_1_104' title='bbox 1171 1558 1276 1602; x_wconf 87' lang='lat' dir='ltr'>furit</span> <span class='ocrx_word' id='word_1_105' title='bbox 1302 1559 1648 1619; x_wconf 80' lang='lat' dir='ltr'>amphitheatro,</span> 
     </span>
     <span class='ocr_line' id='line_1_21' title="bbox 617 1628 1593 1689; baseline 0.001 -19"><span class='ocrx_word' id='word_1_106' title='bbox 617 1628 825 1672; x_wconf 86' lang='lat' dir='ltr'>Vincenti</span> <span class='ocrx_word' id='word_1_107' title='bbox 851 1645 1013 1688; x_wconf 85' lang='lat' dir='ltr'>parmae</span> <span class='ocrx_word' id='word_1_108' title='bbox 1037 1645 1172 1689; x_wconf 88' lang='lat' dir='ltr'>quum</span> <span class='ocrx_word' id='word_1_109' title='bbox 1204 1645 1281 1673; x_wconf 84' lang='lat' dir='ltr'>sua</span> <span class='ocrx_word' id='word_1_110' title='bbox 1311 1629 1437 1672; x_wconf 82' lang='lat' dir='ltr'>turba</span> <span class='ocrx_word' id='word_1_111' title='bbox 1464 1629 1593 1672; x_wconf 80' lang='lat' dir='ltr'>favet.</span> 
     </span>
    </p>
   </div>
   <div class='ocr_carea' id='block_1_11' title="bbox 475 1771 1157 2719">
    <p class='ocr_par' dir='ltr' id='par_1_11' title="bbox 476 1771 1157 1978">
     <span class='ocr_line' id='line_1_22' title="bbox 533 1771 1157 1818; baseline 0.003 -13"><span class='ocrx_word' id='word_1_112' title='bbox 533 1771 545 1783; x_wconf 81' lang='lat'>&#39;</span> <span class='ocrx_word' id='word_1_113' title='bbox 562 1773 603 1805; x_wconf 89' lang='lat' dir='ltr'>In</span> <span class='ocrx_word' id='word_1_114' title='bbox 622 1772 690 1805; x_wconf 90' lang='lat' dir='ltr'>hoc</span> <span class='ocrx_word' id='word_1_115' title='bbox 712 1773 962 1818; x_wconf 81' lang='lat' dir='ltr'>epigrammate</span> <span class='ocrx_word' id='word_1_116' title='bbox 980 1774 1078 1807; x_wconf 87' lang='lat' dir='ltr'>nulla</span> <span class='ocrx_word' id='word_1_117' title='bbox 1098 1787 1157 1807; x_wconf 83' lang='lat' dir='ltr'>va-</span> 
     </span>
     <span class='ocr_line' id='line_1_23' title="bbox 476 1824 1154 1870; baseline 0.003 -12"><span class='ocrx_word' id='word_1_118' title='bbox 476 1826 603 1866; x_wconf 86' lang='lat' dir='ltr'>rietas,</span> <span class='ocrx_word' id='word_1_119' title='bbox 629 1825 696 1859; x_wconf 89' lang='lat' dir='ltr'>nisi</span> <span class='ocrx_word' id='word_1_120' title='bbox 721 1824 820 1870; x_wconf 89' lang='lat' dir='ltr'>quod</span> <span class='ocrx_word' id='word_1_121' title='bbox 843 1826 1050 1860; x_wconf 87' lang='lat' dir='ltr'>Beverlandi</span> <span class='ocrx_word' id='word_1_122' title='bbox 1079 1827 1154 1860; x_wconf 86' lang='lat' dir='ltr'>MS.</span> 
     </span>
     <span class='ocr_line' id='line_1_24' title="bbox 476 1878 1157 1923; baseline 0.003 -12"><span class='ocrx_word' id='word_1_123' title='bbox 476 1890 542 1923; x_wconf 87' lang='lat' dir='ltr'>pro</span> <span class='ocrx_word' id='word_1_124' title='bbox 565 1878 690 1919; x_wconf 72' lang='lat' dir='ltr'>Vicini,</span> <span class='ocrx_word' id='word_1_125' title='bbox 715 1891 764 1911; x_wconf 83' lang='lat' dir='ltr'>vs.</span> <span class='ocrx_word' id='word_1_126' title='bbox 787 1892 822 1923; x_wconf 91' lang='lat'>9,</span> <span class='ocrx_word' id='word_1_127' title='bbox 838 1879 943 1912; x_wconf 88' lang='lat' dir='ltr'>habet</span> <span class='ocrx_word' id='word_1_128' title='bbox 962 1880 1100 1921; x_wconf 80' lang='lat' dir='ltr'>Vicirw,</span> <span class='ocrx_word' id='word_1_129' title='bbox 1124 1888 1157 1913; x_wconf 91' lang='lat' dir='ltr'>et</span> 
     </span>
     <span class='ocr_line' id='line_1_25' title="bbox 477 1931 1115 1978; baseline 0.003 -14"><span class='ocrx_word' id='word_1_130' title='bbox 477 1943 526 1964; x_wconf 91' lang='lat' dir='ltr'>vs.</span> <span class='ocrx_word' id='word_1_131' title='bbox 550 1931 686 1976; x_wconf 83' lang='lat' dir='ltr'>penult.</span> <span class='ocrx_word' id='word_1_132' title='bbox 709 1943 774 1976; x_wconf 84' lang='lat' dir='ltr'>pro</span> <span class='ocrx_word' id='word_1_133' title='bbox 791 1940 942 1978; x_wconf 79' lang='lat' dir='ltr'>quantum</span> <span class='ocrx_word' id='word_1_134' title='bbox 956 1959 964 1972; x_wconf 92' lang='lat'>‚</span> <span class='ocrx_word' id='word_1_135' title='bbox 986 1941 1115 1966; x_wconf 82' lang='lat' dir='ltr'>tantum.</span> 
     </span>
    </p>

    <p class='ocr_par' dir='ltr' id='par_1_12' title="bbox 475 1984 1156 2186">
     <span class='ocr_line' id='line_1_26' title="bbox 529 1984 1154 2019; baseline 0.006 -4"><span class='ocrx_word' id='word_1_136' title='bbox 529 1984 759 2018; x_wconf 85' lang='lat' dir='ltr'>-Irascitur</span> <span class='ocrx_word' id='word_1_137' title='bbox 770 1984 922 2018; x_wconf 83' lang='lat' dir='ltr'>clamoso</span> <span class='ocrx_word' id='word_1_138' title='bbox 942 1984 1017 2018; x_wconf 88' lang='lat' dir='ltr'>ludi</span> <span class='ocrx_word' id='word_1_139' title='bbox 1035 1985 1154 2019; x_wconf 86' lang='lat' dir='ltr'>mode·</span> 
     </span>
     <span class='ocr_line' id='line_1_27' title="bbox 476 2037 1154 2083; baseline 0.001 -14"><span class='ocrx_word' id='word_1_140' title='bbox 476 2037 583 2070; x_wconf 85' lang='lat' dir='ltr'>ratori</span> <span class='ocrx_word' id='word_1_141' title='bbox 600 2062 609 2078; x_wconf 96' lang='lat'>,</span> <span class='ocrx_word' id='word_1_142' title='bbox 628 2049 792 2070; x_wconf 89' lang='lat' dir='ltr'>somnum</span> <span class='ocrx_word' id='word_1_143' title='bbox 811 2046 923 2083; x_wconf 88' lang='lat' dir='ltr'>poetae</span> <span class='ocrx_word' id='word_1_144' title='bbox 944 2039 1154 2072; x_wconf 85' lang='lat' dir='ltr'>matutinum</span> 
     </span>
     <span class='ocr_line' id='line_1_28' title="bbox 477 2089 1156 2136; baseline 0.003 -14"><span class='ocrx_word' id='word_1_145' title='bbox 477 2090 775 2136; x_wconf 84' lang='lat' dir='ltr'>interrumpenti:</span> <span class='ocrx_word' id='word_1_146' title='bbox 793 2090 841 2124; x_wconf 88' lang='lat' dir='ltr'>ait</span> <span class='ocrx_word' id='word_1_147' title='bbox 856 2103 891 2124; x_wconf 88' lang='lat' dir='ltr'>se</span> <span class='ocrx_word' id='word_1_148' title='bbox 900 2089 1085 2124; x_wconf 89' lang='lat' dir='ltr'>didactron</span> <span class='ocrx_word' id='word_1_149' title='bbox 1104 2104 1156 2124; x_wconf 91' lang='lat' dir='ltr'>so-</span> 
     </span>
     <span class='ocr_line' id='line_1_29' title="bbox 475 2142 1154 2186; baseline 0.004 -11"><span class='ocrx_word' id='word_1_150' title='bbox 475 2143 634 2177; x_wconf 85' lang='lat' dir='ltr'>luturum</span> <span class='ocrx_word' id='word_1_151' title='bbox 650 2169 660 2186; x_wconf 84' lang='lat'>,</span> <span class='ocrx_word' id='word_1_152' title='bbox 675 2155 747 2176; x_wconf 92' lang='lat' dir='ltr'>non</span> <span class='ocrx_word' id='word_1_153' title='bbox 764 2143 792 2176; x_wconf 90' lang='lat' dir='ltr'>si</span> <span class='ocrx_word' id='word_1_154' title='bbox 805 2142 944 2184; x_wconf 80' lang='lat' dir='ltr'>doceat,</span> <span class='ocrx_word' id='word_1_155' title='bbox 958 2143 1018 2178; x_wconf 88' lang='lat' dir='ltr'>sed</span> <span class='ocrx_word' id='word_1_156' title='bbox 1033 2153 1154 2178; x_wconf 81' lang='lat' dir='ltr'>taceat.</span> 
     </span>
    </p>

    <p class='ocr_par' dir='ltr' id='par_1_13' title="bbox 478 2196 1155 2296">
     <span class='ocr_line' id='line_1_30' title="bbox 534 2196 1155 2241; baseline 0.002 -12"><span class='ocrx_word' id='word_1_157' title='bbox 534 2209 565 2229; x_wconf 71' lang='grc' dir='ltr'>α.</span> <span class='ocrx_word' id='word_1_158' title='bbox 591 2196 847 2241; x_wconf 72' lang='lat' dir='ltr'>Virginibusque.</span> <span class='ocrx_word' id='word_1_159' title='bbox 862 2197 1020 2231; x_wconf 85' lang='lat' dir='ltr'>Verbera</span> <span class='ocrx_word' id='word_1_160' title='bbox 1032 2198 1155 2231; x_wconf 89' lang='lat' dir='ltr'>timen-</span> 
     </span>
     <span class='ocr_line' id='line_1_31' title="bbox 478 2248 1080 2296; baseline 0.003 -14"><span class='ocrx_word' id='word_1_161' title='bbox 478 2249 584 2283; x_wconf 85' lang='lat' dir='ltr'>tibus.</span> <span class='ocrx_word' id='word_1_162' title='bbox 607 2248 700 2283; x_wconf 87' lang='lat' dir='ltr'>Vide</span> <span class='ocrx_word' id='word_1_163' title='bbox 718 2249 780 2283; x_wconf 89' lang='lat' dir='ltr'>lib.</span> <span class='ocrx_word' id='word_1_164' title='bbox 796 2250 848 2290; x_wconf 81' lang='lat' dir='ltr'>X,</span> <span class='ocrx_word' id='word_1_165' title='bbox 868 2250 976 2296; x_wconf 85' lang='lat' dir='ltr'>epigr.</span> <span class='ocrx_word' id='word_1_166' title='bbox 994 2263 1080 2284; x_wconf 74' lang='lat' dir='ltr'>an.</span> 
     </span>
    </p>

    <p class='ocr_par' dir='ltr' id='par_1_14' title="bbox 478 2301 1155 2719">
     <span class='ocr_line' id='line_1_32' title="bbox 533 2301 1153 2344; baseline 0.005 -10"><span class='ocrx_word' id='word_1_167' title='bbox 533 2301 566 2335; x_wconf 81' lang='lat'>3.</span> <span class='ocrx_word' id='word_1_168' title='bbox 602 2301 752 2336; x_wconf 81' lang='lat' dir='ltr'>Nondum</span> <span class='ocrx_word' id='word_1_169' title='bbox 789 2305 922 2336; x_wconf 75' lang='lat' dir='ltr'>cristati.</span> <span class='ocrx_word' id='word_1_170' title='bbox 964 2303 1043 2337; x_wconf 87' lang='lat' dir='ltr'>Hoc</span> <span class='ocrx_word' id='word_1_171' title='bbox 1078 2312 1128 2337; x_wconf 86' lang='lat' dir='ltr'>est</span> <span class='ocrx_word' id='word_1_172' title='bbox 1145 2330 1153 2344; x_wconf 91' lang='lat'><strong>‚</strong></span> 
     </span>
     <span class='ocr_line' id='line_1_33' title="bbox 478 2353 1153 2401; baseline 0.003 -14"><span class='ocrx_word' id='word_1_173' title='bbox 478 2353 640 2388; x_wconf 89' lang='lat' dir='ltr'>nondum</span> <span class='ocrx_word' id='word_1_174' title='bbox 661 2355 741 2401; x_wconf 82' lang='lat' dir='ltr'>galli</span> <span class='ocrx_word' id='word_1_175' title='bbox 761 2355 929 2389; x_wconf 80' lang='lat' dir='ltr'>cecinere.</span> <span class='ocrx_word' id='word_1_176' title='bbox 950 2377 1000 2382; x_wconf 84' lang='lat'>——</span> <span class='ocrx_word' id='word_1_177' title='bbox 1014 2356 1153 2390; x_wconf 81' lang='lat' dir='ltr'>Scilicet</span> 
     </span>
     <span class='ocr_line' id='line_1_34' title="bbox 478 2408 1154 2455; baseline 0.004 -15"><span class='ocrx_word' id='word_1_178' title='bbox 478 2408 666 2441; x_wconf 81' lang='lat' dir='ltr'>miserrimi</span> <span class='ocrx_word' id='word_1_179' title='bbox 683 2408 733 2442; x_wconf 92' lang='lat' dir='ltr'>illi</span> <span class='ocrx_word' id='word_1_180' title='bbox 751 2409 913 2443; x_wconf 81' lang='lat' dir='ltr'>homines</span> <span class='ocrx_word' id='word_1_181' title='bbox 929 2408 1043 2442; x_wconf 88' lang='lat' dir='ltr'>media</span> <span class='ocrx_word' id='word_1_182' title='bbox 1066 2422 1154 2455; x_wconf 87' lang='lat' dir='ltr'>pene</span> 
     </span>
     <span class='ocr_line' id='line_1_35' title="bbox 479 2461 1150 2507; baseline 0.004 -14"><span class='ocrx_word' id='word_1_183' title='bbox 479 2469 580 2494; x_wconf 84' lang='lat' dir='ltr'>nocte</span> <span class='ocrx_word' id='word_1_184' title='bbox 593 2461 748 2495; x_wconf 90' lang='lat' dir='ltr'>scholam</span> <span class='ocrx_word' id='word_1_185' title='bbox 765 2463 903 2507; x_wconf 84' lang='lat' dir='ltr'>aperire</span> <span class='ocrx_word' id='word_1_186' title='bbox 917 2462 1150 2507; x_wconf 84' lang='lat' dir='ltr'>incipiebant,</span> 
     </span>
     <span class='ocr_line' id='line_1_36' title="bbox 479 2512 1151 2560; baseline 0.004 -15"><span class='ocrx_word' id='word_1_187' title='bbox 479 2512 513 2546; x_wconf 90' lang='lat' dir='ltr'>id</span> <span class='ocrx_word' id='word_1_188' title='bbox 534 2523 602 2555; x_wconf 84' lang='lat' dir='ltr'>est,</span> <span class='ocrx_word' id='word_1_189' title='bbox 625 2515 740 2560; x_wconf 86' lang='lat' dir='ltr'>primo</span> <span class='ocrx_word' id='word_1_190' title='bbox 768 2514 945 2556; x_wconf 84' lang='lat' dir='ltr'>diluculo,</span> <span class='ocrx_word' id='word_1_191' title='bbox 975 2516 1027 2549; x_wconf 81' lang='lat' dir='ltr'>vel</span> <span class='ocrx_word' id='word_1_192' title='bbox 1048 2525 1128 2548; x_wconf 74' lang='lat' dir='ltr'>ante</span> <span class='ocrx_word' id='word_1_193' title='bbox 1142 2541 1151 2556; x_wconf 88' lang='lat'><strong>‚</strong></span> 
     </span>
     <span class='ocr_line' id='line_1_37' title="bbox 479 2567 1152 2613; baseline 0.003 -14"><span class='ocrx_word' id='word_1_194' title='bbox 479 2574 512 2599; x_wconf 83' lang='lat' dir='ltr'>et</span> <span class='ocrx_word' id='word_1_195' title='bbox 530 2579 619 2612; x_wconf 81' lang='lat' dir='ltr'>pene</span> <span class='ocrx_word' id='word_1_196' title='bbox 640 2567 844 2613; x_wconf 79' lang='lat' dir='ltr'>priusquam</span> <span class='ocrx_word' id='word_1_197' title='bbox 868 2569 947 2613; x_wconf 74' lang='lat' dir='ltr'>galli</span> <span class='ocrx_word' id='word_1_198' title='bbox 966 2568 1072 2601; x_wconf 72' lang='lat' dir='ltr'>soh-m</span> <span class='ocrx_word' id='word_1_199' title='bbox 1093 2568 1152 2601; x_wconf 77' lang='lat' dir='ltr'>nd-</span> 
     </span>
     <span class='ocr_line' id='line_1_38' title="bbox 480 2620 1152 2658; baseline 0.004 -7"><span class='ocrx_word' id='word_1_200' title='bbox 480 2620 679 2652; x_wconf 57' lang='lat' dir='ltr'>xenientvm</span> <span class='ocrx_word' id='word_1_201' title='bbox 691 2621 894 2653; x_wconf 65' lang='lat' dir='ltr'>salutarent.</span> <span class='ocrx_word' id='word_1_202' title='bbox 911 2622 990 2654; x_wconf 71' lang='lat' dir='ltr'>Jnv.</span> <span class='ocrx_word' id='word_1_203' title='bbox 1007 2622 1075 2654; x_wconf 75' lang='lat' dir='ltr'>Sat.</span> <span class='ocrx_word' id='word_1_204' title='bbox 1088 2635 1152 2658; x_wconf 70' lang='lat' dir='ltr'>vn,</span> 
     </span>
     <span class='ocr_line' id='line_1_39' title="bbox 484 2671 1155 2719; baseline 0.004 -15"><span class='ocrx_word' id='word_1_205' title='bbox 484 2686 497 2696; x_wconf 42' lang='grc' dir='ltr'>ἢ</span> <span class='ocrx_word' id='word_1_206' title='bbox 510 2685 524 2704; x_wconf 71' lang='grc'><strong>9</strong></span> <span class='ocrx_word' id='word_1_207' title='bbox 536 2671 552 2703; x_wconf 83' lang='grc'>3</span> <span class='ocrx_word' id='word_1_208' title='bbox 566 2684 572 2704; x_wconf 88' lang='lat'><strong>:</strong></span> <span class='ocrx_word' id='word_1_209' title='bbox 584 2673 878 2707; x_wconf 72' lang='lat' dir='ltr'>··Du=nnw‹lon‹›n</span> <span class='ocrx_word' id='word_1_210' title='bbox 893 2674 1155 2719; x_wconf 69' lang='lat' dir='ltr'>perent‚1no‹iia*</span> 
     </span>
    </p>
   </div>
   <div class='ocr_carea' id='block_1_12' title="bbox 1213 1771 1893 2719">
    <p class='ocr_par' dir='ltr' id='par_1_15' title="bbox 1213 1771 1893 2719">
     <span class='ocr_line' id='line_1_40' title="bbox 1218 1771 1890 1820; baseline -0.006 -12"><span class='ocrx_word' id='word_1_211' title='bbox 1218 1773 1314 1820; x_wconf 89' lang='lat' dir='ltr'>quod</span> <span class='ocrx_word' id='word_1_212' title='bbox 1336 1773 1448 1807; x_wconf 86' lang='lat' dir='ltr'>noctis</span> <span class='ocrx_word' id='word_1_213' title='bbox 1467 1775 1510 1807; x_wconf 81' lang='lat' dir='ltr'>ab</span> <span class='ocrx_word' id='word_1_214' title='bbox 1530 1773 1616 1806; x_wconf 84' lang='lat' dir='ltr'>hora</span> <span class='ocrx_word' id='word_1_215' title='bbox 1633 1771 1760 1806; x_wconf 81' lang='lat' dir='ltr'>sedisti</span> <span class='ocrx_word' id='word_1_216' title='bbox 1778 1789 1806 1811; x_wconf 67' lang='lat' dir='ltr'>u,</span> <span class='ocrx_word' id='word_1_217' title='bbox 1826 1781 1890 1805; x_wconf 68' lang='lat' dir='ltr'>etc.</span> 
     </span>
     <span class='ocr_line' id='line_1_41' title="bbox 1271 1825 1892 1872; baseline -0.005 -12"><span class='ocrx_word' id='word_1_218' title='bbox 1271 1831 1301 1861; x_wconf 85' lang='lat'>5.</span> <span class='ocrx_word' id='word_1_219' title='bbox 1328 1828 1407 1860; x_wconf 78' lang='lat' dir='ltr'>Tam</span> <span class='ocrx_word' id='word_1_220' title='bbox 1422 1840 1536 1872; x_wconf 75' lang='lat' dir='ltr'>grave,</span> <span class='ocrx_word' id='word_1_221' title='bbox 1562 1834 1628 1859; x_wconf 89' lang='lat' dir='ltr'>etc.</span> <span class='ocrx_word' id='word_1_222' title='bbox 1652 1825 1731 1858; x_wconf 91' lang='lat' dir='ltr'>Non</span> <span class='ocrx_word' id='word_1_223' title='bbox 1751 1825 1892 1858; x_wconf 72' lang='lat' dir='ltr'>intonas</span> 
     </span>
     <span class='ocr_line' id='line_1_42' title="bbox 1218 1878 1892 1923; baseline -0.004 -10"><span class='ocrx_word' id='word_1_224' title='bbox 1218 1881 1354 1914; x_wconf 89' lang='lat' dir='ltr'>minore</span> <span class='ocrx_word' id='word_1_225' title='bbox 1399 1879 1586 1912; x_wconf 74' lang='lat' dir='ltr'>verberum</span> <span class='ocrx_word' id='word_1_226' title='bbox 1632 1878 1892 1923; x_wconf 80' lang='lat' dir='ltr'>verborumque</span> 
     </span>
     <span class='ocr_line' id='line_1_43' title="bbox 1216 1929 1889 1978; baseline -0.006 -11"><span class='ocrx_word' id='word_1_227' title='bbox 1216 1934 1392 1978; x_wconf 87' lang='lat' dir='ltr'>strepitu,</span> <span class='ocrx_word' id='word_1_228' title='bbox 1413 1945 1518 1978; x_wconf 89' lang='lat' dir='ltr'>quam</span> <span class='ocrx_word' id='word_1_229' title='bbox 1547 1932 1636 1965; x_wconf 80' lang='lat' dir='ltr'>fabri</span> <span class='ocrx_word' id='word_1_230' title='bbox 1666 1931 1781 1970; x_wconf 85' lang='lat' dir='ltr'>incus,</span> <span class='ocrx_word' id='word_1_231' title='bbox 1806 1929 1889 1964; x_wconf 76' lang='lat' dir='ltr'>duni</span> 
     </span>
     <span class='ocr_line' id='line_1_44' title="bbox 1217 1983 1890 2032; baseline -0.004 -13"><span class='ocrx_word' id='word_1_232' title='bbox 1217 1986 1364 2031; x_wconf 82' lang='lat' dir='ltr'>fingitur</span> <span class='ocrx_word' id='word_1_233' title='bbox 1382 1985 1551 2032; x_wconf 86' lang='lat' dir='ltr'>equestris</span> <span class='ocrx_word' id='word_1_234' title='bbox 1570 1993 1682 2019; x_wconf 78' lang='lat' dir='ltr'>statua</span> <span class='ocrx_word' id='word_1_235' title='bbox 1703 1983 1890 2018; x_wconf 82' lang='lat' dir='ltr'>causidico.</span> 
     </span>
     <span class='ocr_line' id='line_1_45' title="bbox 1217 2036 1892 2084; baseline -0.004 -12"><span class='ocrx_word' id='word_1_236' title='bbox 1217 2038 1310 2072; x_wconf 79' lang='lat' dir='ltr'>Vide</span> <span class='ocrx_word' id='word_1_237' title='bbox 1330 2048 1507 2072; x_wconf 79' lang='lat' dir='ltr'>auctorem</span> <span class='ocrx_word' id='word_1_238' title='bbox 1524 2037 1654 2084; x_wconf 78' lang='lat' dir='ltr'>dialogi</span> <span class='ocrx_word' id='word_1_239' title='bbox 1673 2036 1717 2070; x_wconf 90' lang='lat' dir='ltr'>de</span> <span class='ocrx_word' id='word_1_240' title='bbox 1734 2037 1892 2070; x_wconf 78' lang='lat' dir='ltr'>Oratori-</span> 
     </span>
     <span class='ocr_line' id='line_1_46' title="bbox 1215 2090 1889 2130; baseline -0.003 -6"><span class='ocrx_word' id='word_1_241' title='bbox 1215 2092 1291 2125; x_wconf 86' lang='lat' dir='ltr'>bus.</span> <span class='ocrx_word' id='word_1_242' title='bbox 1310 2093 1399 2125; x_wconf 85' lang='lat' dir='ltr'>Item</span> <span class='ocrx_word' id='word_1_243' title='bbox 1409 2092 1536 2125; x_wconf 82' lang='lat' dir='ltr'>Juven.</span> <span class='ocrx_word' id='word_1_244' title='bbox 1551 2091 1620 2124; x_wconf 83' lang='lat' dir='ltr'>Sat.</span> <span class='ocrx_word' id='word_1_245' title='bbox 1637 2102 1691 2123; x_wconf 81' lang='lat' dir='ltr'>vn</span> <span class='ocrx_word' id='word_1_246' title='bbox 1702 2115 1712 2130; x_wconf 87' lang='lat'><strong>‚</strong></span> <span class='ocrx_word' id='word_1_247' title='bbox 1728 2102 1777 2123; x_wconf 81' lang='lat' dir='ltr'>vs.</span> <span class='ocrx_word' id='word_1_248' title='bbox 1798 2102 1811 2123; x_wconf 84' lang='lat'>1</span> <span class='ocrx_word' id='word_1_249' title='bbox 1825 2090 1866 2122; x_wconf 80' lang='lat'>23</span> <span class='ocrx_word' id='word_1_250' title='bbox 1883 2103 1889 2121; x_wconf 82' lang='grc'>.-</span> 
     </span>
     <span class='ocr_line' id='line_1_47' title="bbox 1221 2143 1892 2189; baseline -0.004 -12"><span class='ocrx_word' id='word_1_251' title='bbox 1221 2145 1384 2177; x_wconf 76' lang='lat' dir='ltr'>-AEmilio</span> <span class='ocrx_word' id='word_1_252' title='bbox 1407 2143 1548 2177; x_wconf 88' lang='lat' dir='ltr'>dabitur</span> <span class='ocrx_word' id='word_1_253' title='bbox 1567 2152 1739 2189; x_wconf 88' lang='lat' dir='ltr'>quantum</span> <span class='ocrx_word' id='word_1_254' title='bbox 1759 2143 1839 2175; x_wconf 85' lang='lat' dir='ltr'>licet</span> <span class='ocrx_word' id='word_1_255' title='bbox 1857 2161 1868 2170; x_wconf 72' lang='lat' dir='ltr'>n</span> <span class='ocrx_word' id='word_1_256' title='bbox 1883 2169 1892 2181; x_wconf 85' lang='lat'>‚</span> 
     </span>
     <span class='ocr_line' id='line_1_48' title="bbox 1217 2195 1893 2243; baseline -0.004 -13"><span class='ocrx_word' id='word_1_257' title='bbox 1217 2205 1281 2230; x_wconf 88' lang='lat' dir='ltr'>etc.</span> <span class='ocrx_word' id='word_1_258' title='bbox 1295 2196 1401 2239; x_wconf 89' lang='lat' dir='ltr'>Quod</span> <span class='ocrx_word' id='word_1_259' title='bbox 1420 2209 1547 2243; x_wconf 86' lang='lat' dir='ltr'>nempe</span> <span class='ocrx_word' id='word_1_260' title='bbox 1563 2197 1633 2230; x_wconf 82' lang='lat' dir='ltr'>suis</span> <span class='ocrx_word' id='word_1_261' title='bbox 1651 2196 1687 2228; x_wconf 89' lang='lat' dir='ltr'>in</span> <span class='ocrx_word' id='word_1_262' title='bbox 1710 2195 1893 2229; x_wconf 76' lang='lat' dir='ltr'>vestibulis</span> 
     </span>
     <span class='ocr_line' id='line_1_49' title="bbox 1213 2249 1892 2296; baseline -0.004 -13"><span class='ocrx_word' id='word_1_263' title='bbox 1213 2258 1361 2284; x_wconf 82' lang='lat' dir='ltr'>statuam</span> <span class='ocrx_word' id='word_1_264' title='bbox 1391 2259 1587 2296; x_wconf 85' lang='lat' dir='ltr'>equestrem</span> <span class='ocrx_word' id='word_1_265' title='bbox 1621 2249 1788 2289; x_wconf 80' lang='lat' dir='ltr'>haberet,</span> <span class='ocrx_word' id='word_1_266' title='bbox 1816 2260 1892 2294; x_wconf 86' lang='lat' dir='ltr'>qnae</span> 
     </span>
     <span class='ocr_line' id='line_1_50' title="bbox 1214 2302 1889 2349; baseline -0.006 -13"><span class='ocrx_word' id='word_1_267' title='bbox 1214 2311 1296 2337; x_wconf 86' lang='lat' dir='ltr'>tunc</span> <span class='ocrx_word' id='word_1_268' title='bbox 1318 2304 1486 2349; x_wconf 90' lang='lat' dir='ltr'>temporis</span> <span class='ocrx_word' id='word_1_269' title='bbox 1502 2303 1630 2336; x_wconf 87' lang='lat' dir='ltr'>multos</span> <span class='ocrx_word' id='word_1_270' title='bbox 1648 2302 1792 2336; x_wconf 88' lang='lat' dir='ltr'>clientes</span> <span class='ocrx_word' id='word_1_271' title='bbox 1806 2314 1889 2335; x_wconf 91' lang='lat' dir='ltr'>con-</span> 
     </span>
     <span class='ocr_line' id='line_1_51' title="bbox 1214 2355 1562 2390; baseline 0 -1"><span class='ocrx_word' id='word_1_272' title='bbox 1214 2357 1354 2390; x_wconf 81' lang='lat' dir='ltr'>ciliabat</span> <span class='ocrx_word' id='word_1_273' title='bbox 1377 2355 1562 2390; x_wconf 82' lang='lat' dir='ltr'>causidico.</span> 
     </span>
     <span class='ocr_line' id='line_1_52' title="bbox 1280 2406 1889 2454; baseline -0.007 -11"><span class='ocrx_word' id='word_1_274' title='bbox 1280 2422 1314 2454; x_wconf 77' lang='lat'>7.</span> <span class='ocrx_word' id='word_1_275' title='bbox 1361 2410 1485 2454; x_wconf 61' lang='lat' dir='ltr'>stlagtw</span> <span class='ocrx_word' id='word_1_276' title='bbox 1523 2409 1763 2454; x_wconf 75' lang='lat' dir='ltr'>amphitheatro.</span> <span class='ocrx_word' id='word_1_277' title='bbox 1801 2406 1889 2440; x_wconf 81' lang='lat' dir='ltr'>Illud</span> 
     </span>
     <span class='ocr_line' id='line_1_53' title="bbox 1214 2459 1890 2508; baseline -0.007 -13"><span class='ocrx_word' id='word_1_278' title='bbox 1214 2475 1338 2508; x_wconf 85' lang='lat' dir='ltr'>nempe</span> <span class='ocrx_word' id='word_1_279' title='bbox 1354 2463 1409 2496; x_wconf 84' lang='lat' dir='ltr'>cni</span> <span class='ocrx_word' id='word_1_280' title='bbox 1427 2461 1534 2496; x_wconf 90' lang='lat' dir='ltr'>modo</span> <span class='ocrx_word' id='word_1_281' title='bbox 1547 2460 1773 2507; x_wconf 81' lang='lat' dir='ltr'>Vespasiani,</span> <span class='ocrx_word' id='word_1_282' title='bbox 1784 2459 1890 2492; x_wconf 77' lang='lat' dir='ltr'>modo</span> 
     </span>
     <span class='ocr_line' id='line_1_54' title="bbox 1213 2514 1889 2559; baseline -0.007 -10"><span class='ocrx_word' id='word_1_283' title='bbox 1213 2516 1282 2549; x_wconf 83' lang='lat' dir='ltr'>Titi</span> <span class='ocrx_word' id='word_1_284' title='bbox 1304 2528 1431 2548; x_wconf 81' lang='lat' dir='ltr'>nomen</span> <span class='ocrx_word' id='word_1_285' title='bbox 1449 2514 1613 2548; x_wconf 88' lang='lat' dir='ltr'>inditum.</span> <span class='ocrx_word' id='word_1_286' title='bbox 1630 2514 1744 2559; x_wconf 84' lang='lat' dir='ltr'>Spect.</span> <span class='ocrx_word' id='word_1_287' title='bbox 1757 2525 1810 2558; x_wconf 83' lang='lat' dir='ltr'>ep.</span> <span class='ocrx_word' id='word_1_288' title='bbox 1832 2524 1889 2545; x_wconf 78' lang='lat' dir='ltr'>ui.</span> 
     </span>
     <span class='ocr_line' id='line_1_55' title="bbox 1272 2567 1887 2612; baseline -0.007 -12"><span class='ocrx_word' id='word_1_289' title='bbox 1272 2570 1304 2601; x_wconf 73' lang='lat' dir='ltr'>S.</span> <span class='ocrx_word' id='word_1_290' title='bbox 1328 2570 1344 2599; x_wconf 87' lang='grc' dir='ltr'><em>Ι</em></span> <span class='ocrx_word' id='word_1_291' title='bbox 1356 2570 1473 2601; x_wconf 66' lang='lat' dir='ltr'>inventi</span> <span class='ocrx_word' id='word_1_292' title='bbox 1489 2581 1620 2612; x_wconf 75' lang='lat' dir='ltr'>parmoe.</span> <span class='ocrx_word' id='word_1_293' title='bbox 1642 2567 1777 2599; x_wconf 79' lang='lat' dir='ltr'>Nomen</span> <span class='ocrx_word' id='word_1_294' title='bbox 1807 2578 1887 2611; x_wconf 80' lang='lat' dir='ltr'>prn-</span> 
     </span>
     <span class='ocr_line' id='line_1_56' title="bbox 1217 2618 1889 2667; baseline -0.009 -12"><span class='ocrx_word' id='word_1_295' title='bbox 1217 2622 1329 2667; x_wconf 82' lang='lat' dir='ltr'>prium</span> <span class='ocrx_word' id='word_1_296' title='bbox 1344 2631 1441 2667; x_wconf 79' lang='lat' dir='ltr'>putat</span> <span class='ocrx_word' id='word_1_297' title='bbox 1454 2621 1644 2655; x_wconf 80' lang='lat' dir='ltr'>Domitius:</span> <span class='ocrx_word' id='word_1_298' title='bbox 1655 2619 1711 2651; x_wconf 80' lang='lat' dir='ltr'>alii</span> <span class='ocrx_word' id='word_1_299' title='bbox 1723 2618 1772 2651; x_wconf 82' lang='lat' dir='ltr'>sic</span> <span class='ocrx_word' id='word_1_300' title='bbox 1786 2618 1889 2650; x_wconf 70' lang='lat' dir='ltr'>intor-</span> 
     </span>
     <span class='ocr_line' id='line_1_57' title="bbox 1218 2671 1889 2719; baseline -0.004 -14"><span class='ocrx_word' id='word_1_301' title='bbox 1218 2683 1402 2719; x_wconf 64' lang='lat' dir='ltr'>pretantur</span> <span class='ocrx_word' id='word_1_302' title='bbox 1412 2701 1420 2713; x_wconf 74' lang='grc'>,</span> <span class='ocrx_word' id='word_1_303' title='bbox 1433 2687 1541 2719; x_wconf 80' lang='lat' dir='ltr'>quum</span> <span class='ocrx_word' id='word_1_304' title='bbox 1562 2685 1685 2716; x_wconf 76' lang='lat' dir='ltr'>nempe</span> <span class='ocrx_word' id='word_1_305' title='bbox 1698 2671 1800 2704; x_wconf 76' lang='lat' dir='ltr'>turba</span> <span class='ocrx_word' id='word_1_306' title='bbox 1815 2684 1868 2716; x_wconf 70' lang='lat' dir='ltr'>pm</span> <span class='ocrx_word' id='word_1_307' title='bbox 1880 2690 1889 2696; x_wconf 85' lang='lat'><strong>·</strong></span> 
     </span>
    </p>
   </div>
  </div>
 </body>
</html>
