1978 3305
482 254 580 282 ‘210

860 237 923 279 M.
944 236 1086 279 VAL.
1124 235 1517 279 MARTIALIS

621 329 679 370 Et
703 326 813 386 fugit
834 324 887 367 ad
909 323 1129 366 dominam
1152 321 1347 367 Naiada?
1365 323 1579 384 numquid
1601 322 1764 385 Hylas?

550 399 591 441 O
618 397 747 449 bene,
775 394 893 456 quod
924 392 1044 454 sylva
1074 391 1231 437 colitur
1255 393 1507 454 Tirynthius
1532 395 1637 448 ista,

618 469 675 510 Et
696 465 813 526 quod
838 465 1068 508 amatrices
1094 473 1182 508 tam
1209 480 1348 525 prope
1371 473 1518 508 servat
1541 463 1694 525 aquas!

545 540 732 582 Securus
761 534 860 579 licet
889 534 969 578 lios
996 533 1159 590 fontes,
1189 535 1373 595 Argiue,
1401 535 1617 580 ministres
1643 553 1655 592 3

612 606 684 651 Nil
713 604 873 650 facient
897 605 1100 666 nymphae
1127 621 1136 648 ε
1164 621 1218 649 ne
1242 604 1346 650 velit
1369 607 1486 667 ipse,
1510 621 1630 664 cave·

476 746 718 781 Violantillam
747 744 969 790 confugiebat
994 744 1052 778 hic
1080 756 1152 778 ser-

475 813 556 841 vus,
572 812 616 833 ne
632 812 649 832 a
664 797 839 845 Nymphis
854 806 1047 844 raperetur.
1058 796 1153 831 Vide

472 853 533 887 lib.
546 854 617 892 Vl,
635 852 743 897 epigr.
763 863 835 885 xxi.

529 919 546 939 α
555 932 562 939 .
582 900 626 937 Et
632 906 761 950 fugitat
774 904 932 938 dominam
944 902 1151 937 Beverlandi

472 959 548 993 MS.
567 958 676 991 Naida
697 958 780 1003 legit
800 957 1022 997 Gronovius,
1043 965 1082 989 ut
1101 964 1152 990 est

474 1013 508 1045 iu
532 1012 694 1045 omnibus
716 1019 800 1044 vett.
818 1008 911 1042 Vide
931 1008 976 1042 ad
996 1009 1058 1042 lib.
1077 1009 1129 1042 VI
1142 1035 1151 1050 ‚

471 1065 581 1111 epigr.
600 1076 729 1098 vant.
747 1085 798 1089 -—
818 1063 867 1095 Et
877 1063 971 1107 flegit
989 1062 1034 1094 ad
1050 1062 1150 1094 domi-

471 1130 543 1151 nam
563 1117 706 1151 Naiada.
730 1115 851 1161 Argiui
873 1114 1027 1160 effigiem
1048 1114 1150 1147 intel-

470 1171 537 1216 lige
570 1170 719 1216 positam
755 1170 791 1202 in
826 1180 970 1201 nemore
1005 1176 1151 1213 propter

470 1224 625 1264 fontem,
651 1231 691 1256 ut
715 1220 895 1255 modicum
924 1221 1150 1254 intervallum

468 1277 661 1309 interesset.
692 1274 778 1308 Ideo
804 1273 906 1319 fingit
927 1274 1034 1307 Poeta
1059 1286 1148 1319 pue-

469 1342 547 1362 rum
575 1330 622 1362 sic
646 1329 819 1367 locatum,
845 1326 944 1372 quasi
968 1336 1149 1360 vereretur

469 1394 587 1415 casum
605 1381 724 1427 Hylae,
750 1393 872 1426 quem,
891 1392 1001 1425 quum
1021 1392 1147 1426 appro-

468 1435 668 1480 pinquasset
684 1434 833 1466 nimium
851 1445 965 1479 aquae,
982 1432 1147 1479 Nympha

468 1488 595 1534 rapuit.
616 1489 668 1520 De
680 1487 747 1519 hoc
764 1486 864 1533 Hylae
877 1494 981 1531 raptu
999 1485 1070 1519 vid.
1085 1486 1146 1519 lib.

468 1542 513 1581 V,
532 1541 639 1586 epigr.
658 1552 749 1573 xux.

523 1593 557 1627 3.
577 1594 609 1625 O
626 1594 718 1631 bene,
740 1601 806 1626 etc.
832 1592 864 1625 Ο
883 1592 973 1625 bene
992 1592 1055 1624 tibi
1076 1599 1144 1631 est,

467 1645 563 1692 quod
579 1646 744 1691 proximo
763 1657 908 1678 nemore
925 1645 1039 1678 cultus
1056 1644 1144 1677 Her-

1212 745 1306 778 cules
1324 744 1390 778 tibi
1405 743 1568 790 praesidio
1586 752 1638 778 est
1655 753 1690 778 et
1705 745 1810 779 tutela
1823 770 1833 786 ,
1847 757 1892 777 ne

1211 797 1360 843 rapiaris
1381 809 1400 831 a
1421 797 1598 843 Nymphis
1625 805 1659 831 te
1682 797 1890 831 amantibus.

1210 850 1470 896 Epigr.1.infra.
1492 850 1525 884 0
1538 851 1625 891 bene,
1646 851 1748 896 quod,
1767 851 1890 884 usitata

1211 904 1325 949 φράσις
1343 912 1378 939 et
1401 904 1549 949 elegans.
1571 902 1676 937 Ovid.
1701 903 1808 937 Trist.
1829 904 1889 937 lib.

1210 957 1245 990 I.
1258 957 1355 1002 Eleg.
1371 969 1423 998 11,
1443 961 1502 998 413
1517 957 1672 990 «Obene
1684 983 1693 998 ,
1708 956 1804 1003 quod
1820 969 1890 990 non

1209 1021 1287 1042 sum
1309 1021 1448 1042 mecum
1471 1009 1704 1043 conscendere
1722 1022 1852 1055 passuS.
1872 1027 1885 1039 n

1210 1061 1267 1095 Sic
1288 1062 1419 1096 Graecis
1440 1063 1481 1101 ὡς
1500 1063 1640 1106 εὐτυχῶς
1661 1063 1720 1096 ὅτι.

1264 1119 1300 1156 4.
1319 1114 1527 1148 Beverlandi
1545 1115 1619 1148 MS.
1635 1116 1706 1160 jam
1723 1127 1835 1160 prope.

1264 1168 1298 1201 5.
1325 1168 1485 1213 Argynne
1511 1167 1622 1201 codex
1648 1168 1803 1201 Florent.
1838 1189 1888 1193 —

1208 1220 1364 1261 Securus,
1392 1228 1458 1254 etc.
1488 1220 1572 1254 Sine
1601 1229 1695 1254 metu
1724 1231 1821 1266 potes
1847 1232 1888 1254 ex

1207 1273 1275 1307 hoc
1303 1274 1401 1307 fonte
1427 1274 1570 1307 haurire
1599 1285 1722 1319 aquam
1739 1300 1748 1316 ,
1782 1285 1888 1319 quam

1207 1327 1396 1360 ministres.
1424 1327 1558 1360 Ianthis
1589 1326 1753 1373 Nympha
1783 1326 1887 1372 hujus

1207 1379 1314 1413 fontis
1345 1392 1416 1412 non
1451 1379 1564 1425 rapiet
1593 1388 1653 1419 te,
1690 1388 1729 1412 ut
1759 1379 1886 1424 Hylam

1206 1431 1385 1478 quondam
1402 1431 1576 1478 Nymphae
1595 1431 1630 1465 ss.
1650 1432 1788 1465 Ascanii
1806 1444 1814 1464 :
1830 1444 1885 1465 ca-

1205 1498 1247 1518 ve
1269 1493 1329 1518 aut
1359 1485 1401 1517 ab
1426 1485 1578 1518 Hercule
1599 1486 1641 1517 ab
1665 1485 1740 1531 ipso
1762 1484 1880 1518 Stella-

1260 1540 1293 1571 6.
1311 1537 1506 1580 Nilsaciunt
1518 1538 1676 1583 Nymplaeae
1692 1536 1771 1570 Ald.
1785 1538 1881 1570 Junt.

1206 1591 1322 1624 Colin.
1358 1590 1499 1636 Gryph.
1540 1591 1698 1624 Pulman.
1740 1591 1883 1624 Junian.

1206 1644 1316 1677 Plant.
1340 1644 1446 1688 Lang.
1473 1643 1600 1688 Delph.
1624 1644 1709 1677 aliae.

1105 1780 1278 1836 XV1.

981 1939 1045 1966 ΑΙ)
1087 1937 1367 1966 REGULUM.

533 2068 647 2110 AEnA
674 2065 790 2109 domi
816 2080 904 2107 uon
937 2073 1063 2116 sunt3
1091 2073 1286 2124 superest
1315 2063 1423 2115 hoc,
1453 2061 1643 2122 Regule,
1667 2063 1831 2118 solum,

603 2138 663 2180 Ul
697 2145 769 2178 lUss
801 2134 1038 2178 vendamus
1070 2150 1249 2177 munera
1279 2151 1286 2176 ἶ

518 2289 547 2311 ῐ.
581 2277 698 2320 Regulo
721 2283 841 2308 [omnm
867 2274 920 2308 ed.
953 2275 1134 2320 antiquiss.

461 2331 593 2363 Feri-ar.
610 2342 664 2362 an.
683 2342 695 2362 1
708 2333 752 2373 ¹37
764 2341 792 2362 1.
810 2327 887 2361 Ald.
901 2329 999 2361 Junt.
1014 2327 1134 2361 Colin.

457 2382 633 2416 Calderin.
667 2382 804 2427 Grypli.
845 2381 956 2414 Plant.
991 2380 1133 2414 Junian.

457 2437 563 2481 Lang.
584 2435 710 2481 D‹·lpli.
730 2442 794 2467 etc.
817 2435 935 2479 Regale
955 2435 1053 2466 solum
1077 2446 1134 2466 co-

454 2487 521 2521 dex
541 2488 748 2527 Pulmanni;
773 2496 807 2521 et
829 2488 877 2521 sic
896 2486 1002 2521 Grut.
1022 2487 1131 2521 Srriv.

455 2541 601 2575 Farnali.
632 2541 807 2574 Sclirevel.
841 2549 875 2573 ct
906 2548 1052 2573 recount.
1078 2561 1130 2566 ——

459 2594 596 2639 51112erest
614 2595 678 2627 [ωε.
697 2594 792 2627 Niliil
812 2595 996 2639 quicquam
1014 2593 1127 2626 haheo

1317 2132 1529 2193 numquid
1555 2132 1691 2177 emis?

1196 2273 1313 2315 domi,
1331 2282 1456 2320 praeter
1473 2287 1616 2307 munera
1633 2287 1710 2320 qnae
1729 2287 1746 2308 a
1767 2283 1801 2308 te.
1819 2288 1873 2309 ac-

1195 2329 1270 2373 cepi
1291 2339 1298 2360 :
1319 2327 1386 2361 hoc
1403 2335 1519 2360 autem
1538 2328 1649 2361 facete
1666 2327 1751 2361 dicit
1769 2328 1872 2362 Poeta

1194 2393 1336 2426 sperans
1363 2380 1533 2425 Regulum
1564 2393 1602 2414 ea
1633 2394 1702 2414 non
1733 2380 1871 2415 redeni-

1194 2442 1358 2479 pturum,
1382 2432 1441 2466 sed
1466 2433 1656 2467 liberaliter
1679 2434 1869 2468 subventu-

1193 2499 1272 2520 rum
1288 2499 1357 2520 suae
1372 2486 1508 2530 inopiae.
1521 2488 1572 2520 De
1586 2487 1721 2532 Regulo
1736 2486 1868 2521 dicium

1192 2540 1253 2572 lib.
1267 2541 1281 2573 Ι
1293 2565 1303 2581 ,
1320 2539 1427 2585 epigr.
1443 2551 1524 2573 xnr.

1245 2607 1275 2626 π.
1289 2593 1454 2638 Numquid
1462 2606 1552 2630 emes,
1571 2592 1777 2626 Rex-orlandi
1793 2593 1865 2626 MS.
