1978 3305
350 247 938 294 EPIGRAMMATUM
975 247 1098 289 LIB.
1122 246 1240 289 VII.

1401 243 1496 288 233

636 399 954 455 XXXIX.

640 552 703 579 DE
740 529 956 578 caemof

307 676 568 719 D1scnnsus
596 675 762 727 varios,
784 688 1030 732 vagumque
1056 688 1206 726 mane,

306 747 364 788 Et
393 744 527 788 fastus
544 780 556 800 ‚
582 753 625 788 et
655 745 747 787 Ave
777 742 1072 804 potentiorum
1089 777 1100 797 ,

306 815 458 871 Quum
482 814 677 876 perferre
705 815 880 875 patique
907 812 997 872 jam
1028 821 1233 873 negaret,

306 886 452 946 Coepit
481 885 647 946 fingere
675 884 831 929 Caelius
862 883 1114 944 podagram.

306 956 452 1012 Quam
483 955 588 999 dum
620 954 712 998 vult
741 955 869 999 nimis
900 952 1144 1015 approbare.
1169 968 1344 1007 veram,

307 1027 365 1069 Et
391 1042 515 1070 sanas
538 1025 634 1070 linit
656 1025 905 1087 obligatque
928 1024 1120 1086 plantas,

305 1096 560 1157 Inceditque
587 1096 724 1157 gradu
751 1095 991 1148 laborioso;

306 1162 551 1224 (Quantum
577 1183 683 1211 cura
705 1176 872 1228 potest,
898 1175 941 1209 et
965 1183 1034 1210 ars
1056 1161 1270 1220 dolorisl)

308 1238 433 1281 Desit
461 1237 626 1298 fingere
650 1236 808 1282 Caelius
835 1236 1089 1299 podagram.

152 1366 165 1379 ”
178 1371 290 1416 Hujus
309 1370 564 1416 epigrammatis
578 1371 682 1405 lectio
699 1384 770 1405 nou

96 1423 252 1458 variatur
268 1423 306 1456 in
322 1425 599 1469 exemplaribus,
613 1433 672 1458 aut
687 1424 770 1458 scri-

96 1476 190 1522 ptis,
210 1484 268 1510 aut
287 1477 432 1510 excusis.

149 1551 202 1557 —
229 1529 326 1564 Caelii
351 1529 490 1563 fraudes
518 1538 552 1564 et
581 1529 771 1576 podagram

98 1581 236 1617 irridet.

156 1648 187 1669 1.
206 1636 378 1669 Discursus
396 1639 518 1677 varios,
539 1645 603 1670 etc.
626 1636 771 1670 Officio-

98 1702 150 1723 sas
172 1689 307 1722 clientis
340 1688 636 1723 discursitationes
657 1689 693 1722 in
721 1702 772 1722 sa·

97 1740 250 1776 lutandis
271 1743 429 1788 patronis
450 1743 620 1788 superbis.
636 1763 688 1769 —
703 1743 773 1775 Va-

96 1808 232 1841 gumque
258 1809 356 1829 mane.
387 1797 439 1829 De
471 1795 653 1829 matutinis
683 1795 774 1829 salu-

99 1848 290 1882 tationibus
305 1849 376 1893 jam
399 1849 473 1883 fuse
494 1847 630 1882 dictum
648 1849 708 1883 lib.
736 1849 774 1890 1,

101 1901 302 1947 epigramm.
325 1914 397 1935 LVt.

887 1383 920 1404 2.
943 1371 1171 1403 Potentiorum.
1195 1368 1367 1402 Divitum.
1384 1367 1507 1400 Horat.

830 1422 943 1469 Epod.
962 1424 1016 1464 H,
1032 1436 1083 1456 vs.
1103 1435 1123 1468 7
1144 1436 1151 1454 :
1178 1440 1190 1451 n
1209 1421 1358 1467 superba
1374 1420 1505 1453 civium

831 1476 1074 1510 Potentiorum
1097 1475 1229 1509 limina.
1253 1492 1266 1504 n

887 1532 920 1562 6.
945 1530 994 1562 Ee
1014 1543 1130 1569 sanas,
1156 1537 1220 1562 etc.
1244 1527 1374 1569 Quales
1392 1526 1506 1572 impo-

832 1591 966 1617 storum
989 1581 1225 1628 quorumdam
1251 1588 1331 1614 sunt
1359 1587 1447 1613 artes
1473 1587 1506 1612 et
1541 1621 1543 1623 .

834 1634 1091 1669 mendicorum.

887 1690 920 1723 8.
941 1689 1101 1733 Quantum
1114 1700 1200 1721 cura.
1217 1685 1347 1720 Eadem
1361 1697 1445 1718 usus
1458 1693 1508 1718 est

833 1742 946 1776 ironia
966 1742 1027 1775 lib.
1051 1743 1096 1778 V,
1117 1741 1227 1786 epigr.
1248 1751 1324 1772 131.

887 1809 922 1840 9.
944 1796 1048 1828 Desit.
1069 1795 1136 1828 Per
1151 1792 1425 1827 contractionem
1441 1802 1508 1836 pro

833 1848 945 1888 desiit;
974 1861 1056 1882 nam
1082 1860 1121 1882 re
1147 1847 1222 1893 ipsa
1249 1853 1431 1890 correptus
1459 1851 1510 1876 est

835 1900 1000 1947 podagra.

737 2039 867 2095 XL.

382 2188 725 2217 EPITAPHIUM
763 2187 946 2217 PATRIS
984 2187 1222 2218 ETRUSCJ.

172 2307 261 2350 Hic
281 2306 398 2366 jacet
422 2306 493 2350 ille
519 2324 671 2363 senex,
701 2310 898 2369 Augusta
926 2317 1056 2351 notus
1084 2308 1128 2350 in
1158 2305 1278 2361 aula,

240 2378 422 2420 Pectore
444 2394 533 2421 non
554 2377 708 2422 humili
730 2394 882 2439 passus
904 2387 1139 2438 utrumque
1162 2379 1335 2431 Deum;

159 2528 187 2550 1.
202 2517 370 2561 Hicjacet.
386 2517 437 2550 De
450 2517 598 2551 Etrusco
613 2526 728 2562 patre,
743 2527 777 2552 et

102 2570 249 2603 Etrusco
265 2570 338 2602 filio
352 2568 485 2603 dictum
500 2570 562 2605 lib.
577 2571 628 2603 Vl
639 2596 648 2610 ,
666 2571 776 2616 epigr.

105 2634 254 2655 Lxxxux.

160 2688 190 2708 ιι.
215 2676 332 2707 Passus
361 2683 490 2721 utroque
512 2674 613 2709 codd.
639 2677 720 2710 Vat.
744 2686 776 2710 et

836 2518 862 2551 F
865 2519 990 2552 lorent.
1011 2518 1190 2552 exhibent.
1203 2539 1238 2545 -
1255 2518 1374 2551 Passus
1390 2526 1509 2551 utrum-

836 2585 893 2616 que
907 2572 1021 2604 Deum.
1037 2571 1278 2604 Domitianum
1295 2584 1421 2617 nempe
1434 2585 1513 2617 pro-

836 2624 962 2669 pitium
975 2650 982 2664 ,
997 2632 1101 2670 atque
1115 2623 1315 2665 adversum,
1330 2625 1389 2670 qui
1406 2625 1512 2657 iratus

837 2677 872 2710 in
890 2678 1048 2712 exsilium
1061 2678 1200 2711 miserat
1215 2678 1402 2711 Etruscum
1416 2703 1424 2718 ‚
1441 2678 1513 2723 pla·
