1978 3305
473 228 572 285 [206

849 230 912 271 M.
941 230 1015 272 VA
1032 229 1080 271 L.
1119 229 1504 273 MARTIALIS

611 318 730 359 Dum
761 314 880 358 videt
910 314 1094 374 Augusti
1124 312 1271 358 Flavia
1297 314 1461 376 templa
1489 315 1576 376 poli
1603 333 1611 358 :

539 388 681 445 Atque
713 386 825 428 inter
854 399 1024 428 mensas
1054 383 1176 444 largo
1201 384 1292 444 jam
1323 394 1498 429 nectare
1528 385 1670 441 fusus,

609 453 771 499 Pocula
797 471 932 515 quum
962 455 1096 498 Marti
1126 454 1318 499 traderet
1345 457 1436 517 ipse
1463 472 1566 511 suo;

538 526 791 585 Respiciens
821 525 1035 569 Phoebum
1067 526 1229 585 pariter
1262 526 1499 587 Phoebique
1531 541 1749 581 sororem,

612 596 725 639 Cum
757 595 913 656 quibus
938 595 1109 639 Alcides
1135 605 1178 639 et
1209 597 1305 656 pius
1333 598 1468 641 Arcas
1500 606 1592 641 erat
1619 613 1626 639 ε

538 667 721 710 Cnossia
752 682 856 723 vos,
888 667 1052 727 inquit,
1083 666 1206 710 nobis
1238 676 1522 711 monumenta
1551 666 1751 721 dedistis;

613 737 815 793 Gemite,
839 753 969 797 quam
997 736 1093 798 plus
1118 738 1196 792 sit,
1223 738 1405 782 Caesaris
1436 754 1528 782 esse
1560 747 1739 798 patrem.

612 843 784 885 Φλαύιον
813 845 1032 904 Αὐγούςων
1058 847 1109 892 ὡς
1133 837 1186 885 ἴδ’
1209 843 1464 903 ἀνακτόρων·

543 901 602 962 Ως
628 907 674 955 δὲ
700 915 796 974 πάρ’
820 913 999 972 εἰλαπίνῃ
1028 914 1185 962 σπάσας
1214 915 1316 957 πολὺ
1343 915 1486 973 νέκταρ
1514 915 1639 957 ἔκειτο

616 972 777 1037 Ηῧίων,
805 985 852 1026 τὸ
883 978 1009 1033 δέπας
1035 985 1073 1025 τ’
1095 979 1321 1044 ἐγγυάλιξεν
1343 972 1462 1043 Ᾰρει,

542 1052 611 1102 Εἰς
636 1054 707 1096 τὸν
732 1050 878 1097 Φοῒὲον
907 1058 1028 1113 ὁρῶν,
1053 1054 1120 1096 καὶ
1139 1056 1212 1101 τὴν
1238 1050 1402 1097 <migma
1424 1056 1613 1113 σύναιμον
1631 1088 1641 1106 ,

616 1124 690 1165 Σὺν
720 1129 803 1173 τοῖς
833 1117 1032 1174 Ᾱλκείδης
1058 1125 1125 1167 καὶ
1152 1125 1276 1183 ταχὺς
1303 1117 1436 1185 Αρκὰς
1464 1125 1549 1177 ἔην,

546 1194 743 1236 Γνώσσιον
773 1193 889 1237 αὐτοὶ
916 1193 1003 1254 ἐμοὶ
1031 1196 1100 1254 μὲν
1127 1195 1363 1248 ὀπάσσατε,
1393 1194 1510 1254 φησὶ,
1540 1198 1589 1238 τὸ
1615 1201 1746 1254 σῆμα·

614 1264 764 1319 Πόσσῳ
789 1265 877 1324 ἔμεν
906 1267 1068 1325 γενέτην
1099 1265 1300 1327 Καίσαρός
1331 1266 1392 1315 ἑςι
1421 1267 1558 1309 πλέον.

477 1379 531 1412 cui
553 1377 791 1412 condiderunt
813 1380 989 1412 tumulum
1010 1404 1017 1415 ,
1048 1392 1152 1425 quem

477 1439 576 1465 vocat
594 1431 701 1465 Poeta
718 1431 862 1466 bustum
880 1431 1034 1473 Idaeum,
1056 1431 1152 1478 quod

477 1496 557 1517 sane
573 1493 661 1518 esset
676 1497 788 1530 prope
810 1484 910 1518 Idam
924 1486 1036 1519 Cretae
1051 1498 1152 1519 unon-

477 1545 559 1571 tem.
578 1536 670 1570 Vide
685 1537 935 1572 Callimachum
952 1538 988 1570 in
1010 1539 1152 1584 Hymno

476 1591 496 1622 J
500 1590 584 1623 ovis.
605 1590 712 1623 Illum
730 1602 813 1624 vero
832 1591 1008 1624 tumulum
1030 1589 1153 1624 irridet

476 1643 637 1688 Jupiter,
661 1645 850 1689 superbum
884 1644 1031 1677 intuitus
1064 1652 1152 1677 tem-

477 1697 595 1741 plum,
618 1696 714 1741 quod
735 1697 955 1730 Domitianus
977 1697 1012 1729 in
1039 1697 1153 1729 hono-

477 1761 551 1782 rem
575 1761 644 1782 suae
660 1749 771 1794 gentis
786 1757 1001 1783 exstruxerat
1013 1775 1022 1790 ‚
1043 1750 1151 1795 epigr.

477 1813 528 1843 iv,
552 1814 670 1847 supra.

534 1868 566 1887 2.
598 1854 677 1888 Cum
707 1855 798 1888 videt
829 1855 1038 1889 Beverlandi
1071 1855 1147 1889 MS.

482 1907 547 1940 Alii
577 1920 642 1952 pro
665 1907 734 1952 poli
757 1908 876 1953 legunt
900 1909 999 1948 tl1olc·‚·
1019 1907 1063 1941 de
1082 1920 1152 1953 quo

478 1959 558 1993 vide
589 1960 650 1994 lib.
675 1961 714 2000 Ι,
747 1960 854 2006 epigr.
884 1973 988 2000 mul,
1025 1973 1079 1994 10.
1104 1982 1154 1987 ——

479 2013 595 2046 Flavia
616 2014 729 2058 templa
743 2014 823 2058 μοίί.
845 2014 924 2047 Hoc
940 2022 1007 2055 est,
1028 2014 1154 2059 templa

478 2066 654 2099 altissima.

1270 1379 1454 1413 &Nectar-e
1470 1381 1577 1421 ficsus.
1605 1379 1682 1412 Hoc
1713 1387 1787 1420 est,
1818 1391 1889 1412 nia-

1212 1431 1329 1466 didus.

1268 1488 1302 1519 6.
1324 1485 1452 1529 Etpius
1471 1486 1586 1517 Arcas.
1610 1484 1685 1517 Hoc
1705 1492 1773 1525 est,
1792 1485 1888 1517 Mer-

1213 1538 1330 1571 curius
1344 1538 1379 1570 in
1400 1538 1486 1571 urbe
1507 1536 1654 1582 Cylleno
1669 1537 1723 1570 vel
1745 1537 1890 1583 Cyllene

1212 1590 1368 1624 Arcadiae
1389 1599 1508 1623 monte
1525 1597 1647 1631 natus,
1667 1590 1725 1635 qui
1744 1593 1817 1635 pius
1842 1589 1891 1622 di-

1213 1643 1319 1685 citur,
1335 1641 1430 1689 quod
1448 1644 1601 1676 Deorum
1618 1654 1712 1676 sacra
1727 1642 1889 1676 instituit.

1214 1696 1337 1730 Horat.
1358 1697 1374 1728 I
1389 1721 1397 1736 ,
1418 1695 1474 1729 od.
1499 1708 1557 1729 10.

1271 1762 1302 1793 7.
1323 1749 1432 1782 UberIs
1446 1757 1642 1781 monumenta
1657 1749 1794 1781 Beverl.
1814 1747 1889 1781 MS.

1270 1803 1303 1835 8.
1319 1801 1446 1836 Cerniee
1461 1814 1554 1848 quam
1565 1802 1650 1846 plus.
1663 1801 1754 1834 Mihi
1767 1813 1892 1846 nempe

1214 1868 1232 1888 a
1265 1855 1364 1889 vobis
1402 1853 1586 1888 conditum
1622 1861 1890 1888 monumentum

1214 1907 1418 1953 Vespasiani
1450 1908 1584 1941 tumulo
1613 1907 1724 1940 multo
1748 1906 1892 1940 inferius

1214 1969 1284 2002 est,
1303 1969 1407 2006 atque
1427 1961 1473 1993 ita
1492 1960 1631 1994 videtur
1650 1968 1773 2006 optare
1791 1959 1892 2004 Jupi-

1214 2022 1267 2047 ter
1295 2014 1412 2059 potius
1444 2026 1515 2047 esse
1547 2012 1761 2054 Domitiani,
1787 2024 1893 2059 quam

1214 2075 1418 2099 caeterorum
1439 2068 1596 2099 Deorum
1613 2075 1721 2111 pater.

1039 2196 1353 2252 XXXVI.

903 2330 957 2358 [N
993 2310 1437 2358 PHILOMUSUM.'

547 2423 746 2464 Assnssus
773 2420 838 2463 his
862 2436 1034 2480 semper
1060 2436 1229 2464 coenam
1245 2456 1255 2473 ,
1280 2419 1558 2475 philomuse,
1585 2435 1789 2471 merei-153

622 2489 814 2533 Plurima
845 2490 948 2534 dum
982 2490 1132 2552 fingis,
1163 2491 1236 2534 sed
1269 2492 1390 2551 quasi
1418 2507 1519 2534 vera
1554 2489 1702 2534 refers.

537 2598 549 2609 “
569 2599 658 2633 Vide
678 2600 763 2633 mihi
785 2600 1018 2646 Theophrasti
1038 2601 1158 2633 chara-

483 2660 610 2684 cterem
636 2653 706 2693 περὶ
725 2654 919 2697 λογοποιίας.

1276 2614 1307 2633 2.
1325 2601 1372 2633 lit
1388 2604 1477 2647 quast
1498 2600 1531 2633 in
1554 2597 1757 2633 Beverlandi
1774 2597 1896 2631 codice

1219 2653 1357 2697 legitur.
