1978 3305
373 252 961 296 EPIGRAMMATUM
999 253 1122 295 LIB.
1161 253 1246 294 IX.

1417 251 1513 306 465

252 343 273 384 Ι
300 340 424 395 liber,
449 340 638 384 absentis
667 341 824 401 pignus
851 341 1064 385 amicitiae.

183 410 292 456 Vilis
318 428 435 465 eras,
462 411 620 465 fateor,
645 411 680 455 si
703 421 745 454 te
771 427 888 455 nunc
916 411 1108 454 mitteret
1132 420 1316 471 emptor.

251 481 430 526 Grande
459 482 522 525 tui
551 481 738 542 pretium
767 482 960 525 muneris
988 490 1141 525 auctor
1168 481 1263 524 erit.

183 551 400 607 Multum,
424 550 552 596 crede
581 551 713 606 mihi,
741 551 900 605 refert,
925 567 950 594 a
975 551 1094 595 fonte
1123 550 1298 594 bibatur

256 623 367 680 Quae
395 622 512 676 fluit,
538 637 594 665 an
618 622 744 682 pigro
769 637 864 681 quae
891 630 1035 681 stupet
1060 620 1176 664 unda
1200 620 1308 665 lacu.

113 743 354 778 auctoritatem
375 742 566 776 Scriverius
583 742 620 774 in
635 753 698 775 sua
713 740 788 775 edi-

115 798 209 830 tione
221 804 359 830 secutus
373 804 435 829 est.
451 795 610 828 Palatino
625 793 788 828 accedere

113 849 448 883 Pircheimerianum
466 847 562 881 testis
583 855 634 880 est
649 847 788 881 Grono-

114 903 202 936 vius.
220 919 233 931 n
249 901 374 935 Schreo.
397 900 538 933 Novum
559 900 690 934 faciunt
705 898 787 933 Ald.

112 956 134 988 J
137 963 213 988 unt.
241 954 356 988 Colin.
387 961 422 986 et
445 953 506 987 Ad
525 953 636 986 librum
665 952 788 987 inscri-

112 1009 213 1041 bunt.
250 1006 338 1040 Inde
361 1005 486 1051 saepius
507 1006 670 1039 oriuntur
698 1014 732 1039 et
753 1006 790 1039 in

115 1059 341 1094 numerandis
368 1059 674 1104 epigrammatibus
696 1067 729 1092 et
754 1059 790 1092 in

114 1112 288 1147 indicibus
301 1111 555 1158 componendis
570 1124 705 1145 errores
718 1111 791 1156 pla-

121 1179 166 1199 ne
194 1164 394 1199 excusandi.
410 1165 476 1197 En.

170 1231 203 1263 7.
221 1218 365 1251 illitteret
383 1225 503 1262 emptor
519 1217 557 1250 in
576 1224 715 1250 vetusto
733 1229 791 1250 co-

115 1271 194 1304 dice
206 1271 356 1304 Lutetiae
368 1282 403 1303 se
415 1270 608 1314 intelligere
621 1282 693 1303 esse
706 1268 793 1303 dicit

115 1324 344 1357 Pulmannus.
362 1323 499 1368 Legunt
518 1322 572 1355 alii
589 1348 598 1363 ‚
619 1324 647 1355 si
667 1330 696 1354 ee
711 1335 792 1356 nunc

117 1380 235 1409 mittere
249 1384 342 1409 tento.
351 1375 439 1416 Quae
451 1375 556 1408 lectio
572 1375 790 1409 vitiosissima

848 741 1108 787 est.·ED.—Sc'
1129 751 1158 775 te
1177 755 1269 775 nunc.
1290 743 1409 787 Longe
1431 742 1524 775 enim

847 795 969 828 carior·
989 803 1094 840 atque
1121 794 1342 828 emendatior
1367 803 1417 828 est
1436 796 1524 828 liber

848 848 891 880 ab
913 847 990 893 ipso
1008 856 1150 881 auctore
1171 848 1306 881 missus.

903 913 938 944 9.
963 901 1020 934 An
1038 901 1131 943 fonte
1154 901 1191 934 in
1215 901 1324 934 veteri
1345 909 1438 934 recte
1460 901 1528 945 legi

849 954 953 987 sentit
974 954 1206 987 Pulmannus.
1220 974 1265 980 —
1282 953 1421 986 IlIultum
1440 954 1528 985 crede

850 1007 945 1046 mihi,
979 1015 1046 1040 etc.
1073 1005 1179 1040 Ovid.
1207 1007 1305 1052 epist.
1330 1019 1371 1039 ex
1391 1006 1527 1047 Ponto,

850 1060 971 1100 III‚V‚
997 1072 1041 1104 17
1063 1072 1114 1105 sq.
1143 1077 1156 1089 κ
1179 1059 1401 1105 Quamquam
1426 1072 1528 1104 sapor

852 1121 901 1145 est
913 1110 1024 1146 adlata
1034 1111 1145 1146 dulcis
1155 1113 1193 1145 in
1203 1111 1299 1145 unda
1310 1125 1319 1154 ;
1333 1112 1475 1146 Gratius
1487 1125 1529 1145 ex

852 1165 928 1210 ipso
950 1165 1047 1198 fonte
1070 1165 1242 1198 bibuntur
1259 1178 1366 1211 aquae.
1384 1183 1397 1193 ›-
1423 1166 1529 1197 Liber

852 1225 968 1251 autem
981 1244 990 1259 ‚
1011 1218 1072 1263 qui
1093 1231 1134 1251 ex
1152 1218 1300 1251 auctoris
1322 1218 1432 1263 ipsius
1451 1230 1529 1250 mu-

851 1282 935 1304 nere
965 1271 1061 1304 venit
1082 1297 1090 1310 ‚
1119 1270 1373 1316 comparandus
1403 1271 1528 1304 merito

851 1332 901 1357 est
939 1324 1035 1368 aquis
1066 1323 1106 1356 iis
1135 1335 1212 1368 quae
1247 1336 1287 1356 ex
1324 1323 1400 1369 ipso
1433 1324 1529 1357 fonte

852 1375 966 1410 fluunt
982 1384 1016 1409 et
1034 1376 1218 1409 bibuntur.

775 1504 878 1562 CI.

666 1645 719 1672 IN
760 1645 983 1674 BASSUM.

188 1738 422 1781 DJ-:NARns
445 1733 582 1777 tribus
609 1733 786 1788 invitas,
811 1742 855 1776 et
878 1749 1005 1776 mane
1032 1743 1227 1794 togatum

258 1806 505 1850 Observare
527 1803 653 1863 jubes
679 1804 810 1858 atria,
833 1805 985 1858 Basse,
1015 1813 1113 1860 tua;

189 1876 359 1920 Deinde
387 1875 552 1918 haerere
577 1883 654 1917 tuo
684 1872 829 1928 lateri,
854 1873 1101 1933 praecedere
1127 1874 1273 1918 sellam
1289 1912 1299 1928 ‚

258 1945 327 1990 Ad
356 1945 508 1989 viduas
535 1954 678 1987 tecum
704 1942 800 2004 plus
825 1945 968 1988 minus
995 1945 1056 1988 ire
1081 1945 1246 1988 decem.

188 2018 307 2060 Trita
329 2015 503 2077 quidem
527 2014 651 2058 nobis
677 2013 825 2074 togula
850 2024 937 2071 est,
957 2014 1162 2076 vilisque,
1185 2018 1430 2078 putrisque;

257 2087 459 2130 Denariis
483 2095 630 2129 tamen
654 2084 769 2129 hanc
794 2101 883 2128 non
908 2101 1030 2141 emo,
1056 2088 1206 2141 Basse,
1232 2088 1385 2131 tribus.

173 2214 200 2234 1.
215 2202 364 2234 Denariis
376 2200 484 2233 tribus.
496 2201 548 2233 De
559 2207 698 2232 moneta
712 2197 792 2231 vide

121 2254 273 2288 Tabulas
285 2253 329 2286 ad
344 2254 472 2287 calcem
490 2252 596 2298 primi
606 2252 794 2285 volum.—

125 2308 158 2340 T
155 2315 293 2351 agotum.
304 2307 362 2340 Me
371 2306 535 2339 clientem
552 2305 794 2338 observantem

122 2360 208 2393 atria
220 2385 230 2399 ‚
250 2367 292 2392 ut
313 2367 346 2392 te
365 2366 556 2404 patronum
574 2357 730 2390 salutem.

177 2413 209 2445 3.
221 2413 353 2445 Haerere
366 2418 419 2443 tuo
431 2411 534 2442 lateri.
548 2409 696 2446 Comitis
709 2410 795 2442 vice.

122 2482 174 2487 —-
188 2464 371 2498 Proecedere
380 2463 498 2497 sellam.
511 2462 798 2496 Anteambulonis

123 2518 252 2552 officio.

179 2575 212 2611 4.
231 2570 367 2604 Viduas.
379 2569 434 2602 Sic
453 2569 492 2601 P.
507 2568 617 2601 Scriv.
631 2576 663 2601 et
674 2567 797 2600 Grute-

137 2624 248 2669 usleg.
265 2635 305 2656 ex
319 2623 428 2656 Palat.
439 2629 472 2655 et
482 2621 551 2654 hoc
565 2621 696 2654 habent
712 2618 793 2653 edd.

139 2673 571 2709 ecntiores.Caeteraedant
588 2673 723 2705 vetulas.
739 2694 789 2699 -

203 2745 264 2785 Il.

853 2199 913 2232 Ad
932 2199 1057 2233 viduas.
1076 2201 1209 2234 Divites
1230 2201 1401 2235 nimirum
1425 2212 1530 2250 atque

853 2253 972 2292 orbas,
989 2264 1074 2297 quas
1089 2262 1227 2298 captare
1244 2255 1383 2288 volebat
1394 2256 1530 2291 Bassus.

903 2305 936 2337 5.
958 2305 1048 2338 Trita
1063 2306 1194 2351 quidem.
1212 2306 1337 2340 Sensus
1352 2318 1402 2341 est
1416 2321 1423 2341 :
1439 2310 1531 2343 Mihi

856 2357 945 2389 forte
965 2369 1106 2402 parvam
1122 2357 1182 2391 das
1198 2361 1390 2403 sportulam
1404 2388 1413 2402 ,
1432 2362 1531 2408 quod

856 2410 938 2443 trita
966 2410 1010 2442 sit
1033 2410 1137 2443 vestis
1166 2424 1241 2444 mea
1268 2424 1275 2444 :
1302 2422 1354 2452 at,
1378 2414 1461 2448 licet
1486 2416 1531 2450 sit

856 2462 966 2496 lacera
986 2471 1020 2495 et
1041 2462 1138 2503 vilis,
1158 2473 1218 2497 tua
1238 2474 1353 2499 tamen
1374 2469 1531 2513 sportula

856 2515 963 2547 trium
989 2513 1214 2549 denariorum
1240 2531 1311 2552 non
1332 2520 1464 2554 sufficit
1487 2521 1531 2555 ad

858 2567 1041 2601 emendam
1057 2568 1215 2603 similem.

913 2623 947 2654 6.
965 2621 1127 2660 Deam-iis,
1153 2631 1217 2657 etc.
1238 2624 1293 2657 Sic
1315 2623 1447 2660 dictum
1469 2627 1532 2660 lib-

862 2674 926 2713 IV,
951 2674 1064 2719 epigr.
1085 2687 1178 2708 xxvi.

1234 2744 1259 2786 3
1267 2762 1295 2785 υ
