1978 3305
464 257 553 285 122
830 243 891 284 M.
918 243 1057 285 VAL.
1097 243 1487 287 MARTIALIS

527 329 596 372 Sic
628 338 700 371 tua
727 344 815 371 non
844 329 1006 371 intrent
1030 327 1163 371 vetuli
1190 330 1383 388 pomaria
1411 329 1550 382 fures;
1594 337 1600 341 “

594 397 678 441 Sed
710 414 839 457 puer,
864 407 938 441 aut
969 397 1107 458 longis
1135 397 1319 458 pulchra
1347 398 1489 459 puella
1513 401 1662 444 comis.

510 531 544 563 3.
564 530 618 563 Sic
637 537 688 562 tua
704 557 712 570 ,
732 537 795 563 etc.
818 529 993 563 Gruterus
1013 530 1128 576 legen·
1244 535 1277 570 4.
1297 531 1363 564 Sed
1380 544 1480 576 puer,
1505 539 1535 564 et
1553 531 1654 576 longis
1679 531 1715 564 in
1744 531 1864 565 codice

455 582 540 615 dum
561 590 677 616 censet
707 595 726 615 e
750 581 829 615 cod.
842 583 958 628 Vulgo
983 583 1049 616 Sed
1076 592 1128 617 tua
1189 583 1389 617 Pulmanni.
1406 606 1459 611 —
1475 584 1580 623 Puer,
1596 584 1729 628 pulc-lira
1742 585 1860 629 puella.

455 634 708 680 l‹·gitur.——-Sic
724 634 824 672 (Sed)
844 637 998 681 tua;jam
1016 637 1130 670 obser·
1188 637 1256 678 Qui
1286 636 1416 670 talione
1437 637 1536 670 luant
1554 648 1690 682 poenas,
1707 636 1734 669 si
1753 636 1862 670 intra-

455 687 611 720 vavimus
629 690 674 720 sic
695 700 766 721 esse
793 688 977 722 formulam
1006 701 1127 735 preca·
1188 689 1259 722 rint
1275 689 1430 722 hortum.
1449 709 1497 715 --
1512 689 1680 734 Priapum
1699 688 1864 723 eumdem

455 740 567 774 tionis.
579 739 662 774 vid.
677 741 887 774 Brissonius.
1187 754 1258 776 esse
1269 751 1303 776 et
1314 742 1488 776 Bacchum
1502 740 1644 788 quidam
1654 749 1788 788 putant.
1800 742 1865 775 En.

1054 875 1272 930 XVII.

946 1028 1000 1055 IN
1044 1027 1375 1056 CINNAMUM.

669 1147 891 1201 CINNAM,
918 1146 1156 1200 Cinname,
1182 1156 1224 1189 te
1251 1145 1377 1207 jubes
1408 1147 1568 1190 vocari.

668 1216 769 1259 Non
799 1227 864 1260 est
892 1216 985 1271 hic,
1017 1234 1151 1277 rogo,
1181 1217 1344 1272 Cinna,
1373 1216 1698 1261 barbarismus?

668 1288 733 1329 Tu
761 1288 793 1330 si
817 1288 971 1331 Furius
993 1297 1093 1331 ante
1119 1287 1260 1331 dictus
1291 1303 1428 1339 esses,

665 1358 753 1400 Fur
780 1359 860 1402 ista
886 1358 1053 1402 ratione
1080 1357 1296 1402 dicereris.

514 1507 545 1528 1.
573 1495 734 1528 (innume.
758 1495 928 1541 Exemplo
958 1495 1054 1528 Furii
1093 1503 1127 1528 et
1186 1494 1329 1540 aliquod
1358 1495 1482 1528 vitiose
1509 1494 1699 1540 profertur,
1731 1502 1790 1526 aut
1823 1492 1865 1525 li-

456 1547 539 1580 furis
555 1547 658 1581 allato
673 1548 779 1581 Poeta
795 1547 919 1581 irridet
928 1548 1024 1582 hunc
1040 1547 1124 1582 Cin·
1186 1556 1259 1581 tera
1280 1560 1349 1581 una
1368 1555 1461 1581 caret
1479 1556 1538 1580 aut
1555 1546 1721 1580 abundat.
1738 1546 1867 1580 Cinna-

457 1613 618 1641 namuin,
643 1601 724 1646 qui,
746 1599 900 1635 detracta
926 1601 1046 1634 ultima
1073 1600 1127 1634 sui
1189 1613 1266 1634 mus
1293 1609 1414 1634 tonsor
1434 1601 1518 1643 fuit,
1536 1599 1580 1634 de
1601 1613 1672 1645 quo
1699 1600 1760 1634 lib.
1776 1599 1865 1640 Vll,

456 1654 607 1688 nominis
625 1654 769 1699 syllaba,
783 1655 932 1688 Cinnam
953 1654 1069 1688 vocari
1090 1666 1125 1687 se
1190 1654 1299 1700 epigr.
1319 1667 1413 1687 Lx1v.

455 1709 618 1752 jubebat,
637 1716 675 1740 ut
693 1720 820 1753 nempe
835 1709 878 1742 ab
895 1708 1036 1753 antiqua
1051 1708 1131 1741 Cin·
1247 1708 1282 1741 3.
1304 1707 1353 1740 Tu
1371 1709 1399 1740 si
1422 1708 1539 1741 Furius
1565 1715 1632 1739 αι’ίι·
1659 1706 1760 1739 dictus
1787 1718 1864 1738 esses

460 1773 583 1793 narum
619 1761 726 1806 stirpe
757 1773 866 1806 genus
896 1774 998 1794 suum
1031 1773 1131 1806 repe·
1194 1761 1230 1794 in
1252 1758 1373 1794 codice
1392 1760 1592 1793 Pulmanni.

459 1822 531 1846 tere
548 1812 737 1847 videretur.
1249 1817 1282 1854 4.
1307 1814 1375 1846 Ista
1397 1815 1518 1846 ratione
1535 1813 1691 1846 dicereris.
1714 1811 1861 1846 Barbara

502 1879 518 1899 α
527 1894 534 1900 .
547 1867 782 1900 Barbaria-mm.
794 1867 855 1900 Est
866 1879 975 1912 quum
986 1867 1133 1900 verbum
1193 1865 1258 1900 hac
1281 1878 1451 1912 apocope.

1046 2001 1283 2058 XVIII.

585 2153 953 2182 EPITAPHIUM
992 2153 1296 2189 SALONINI,
1336 2129 1751 2186 «Αιῐ)1)ῐὶις(;υῷῐ.”ι

530 2275 715 2318 SANCTA
743 2271 937 2317 Salonini
969 2273 1092 2316 terris
1124 2271 1357 2333 requiescit.
1380 2270 1540 2320 Iberis„

514 2405 527 2420 ⁴
553 2411 612 2445 Ad
627 2412 767 2444 Priscum
783 2410 822 2442 de
837 2410 989 2443 Salonino
1010 2410 1129 2443 inseri·
1190 2410 1336 2454 conjux.
1368 2407 1464 2440 Felix
1498 2415 1611 2440 morte
1643 2414 1713 2438 tua.
1734 2423 1748 2434 ι»
1776 2405 1866 2438 Nota

459 2465 533 2510 plio
554 2474 603 2497 (επὶ
627 2464 660 2496 in
683 2463 764 2497 edd.
787 2471 869 2496 vett.
1191 2462 1294 2495 etiam
1311 2462 1394 2505 felix
1416 2461 1614 2506 μακαρίτης·
1638 2467 1697 2492 «et
1714 2459 1869 2491 Deorum

519 2518 680 2551 1.S‹111‹·!a
703 2516 860 2550 Salmiai.
882 2516 1026 2561 Proprie
1047 2516 1130 2548 Srm-
1192 2515 1346 2548 inanium
1374 2516 1452 2559 jura
1477 2521 1590 2547 sancta
1613 2519 1694 2545 sunt
1721 2528 1734 2540 n
1748 2536 1758 2551 ‚
1779 2509 1872 2555 apud

458 2581 509 2603 vta
523 2584 533 2604 .·
558 2583 636 2604 nam
660 2571 781 2603 Manes
802 2570 924 2603 sancti.
946 2568 1038 2602 Vide
1059 2569 1132 2601 Ma-
1199 2569 1246 2602 M.
1265 2568 1432 2609 Tullium,
1450 2568 1509 2600 lib.
1531 2567 1584 2607 11,
1598 2564 1640 2598 de
1659 2564 1817 2609 Legibus.
1831 2564 1875 2596 Et

460 2625 635 2663 vrohimn,
653 2624 714 2656 Hb.
735 2623 784 2655 III
796 2648 803 2661 ,
821 2636 898 2667 cap.
916 2623 947 2655 3.
962 2622 1139 2667 Virgilium,
1199 2622 1358 2654 Samnitas
1373 2618 1737 2666 propriojmtitirierga
1755 2629 1871 2651 manes.

466 2676 597 2711 AEnvid.
621 2677 689 2709 XI:
709 2676 866 2721 --Tuqnm
882 2690 902 2706 0
926 2675 1136 2709 vinctissima·
1202 2684 1234 2707 ut
1255 2674 1343 2708 idem
1362 2674 1404 2707 ait
1424 2674 1458 2707 in
1473 2672 1625 2718 Topicis.
1647 2672 1750 2704 Recte
1769 2669 1875 2714 igitur
