1978 3305
409 231 474 275 60

793 234 854 276 M.
884 234 1017 277 VAL.
1058 234 1277 276 MARTI
1295 233 1448 276 ALIS

948 399 1267 455 XXXIX.

892 572 951 601 IN
1003 549 1321 601 emturum*

620 711 872 755 SUPREMAS
900 711 977 755 tibi
1000 712 1143 756 tricies
1167 712 1211 755 in
1238 727 1354 755 anno

619 780 814 840 Signanti
841 781 1008 826 tabulas
1025 817 1036 837 ‚
1060 784 1218 827 Carine
1233 817 1244 837 ,
1270 782 1364 826 misi

621 849 810 910 Hyblaeis
837 851 1032 896 madidas
1060 852 1220 914 thymis
1246 851 1477 913 placentas.

621 920 774 964 Defeci

801 939 809 965 :
836 923 1040 966 miserere
1058 923 1171 983 jain,
1203 924 1378 967 Garine.

619 991 749 1051 Signa
779 994 940 1048 rarius,
965 1002 1040 1037 aut
1062 993 1191 1038 semel
1218 993 1285 1037 fac
1311 992 1437 1044 illud,

618 1062 832 1106 Mentitur
856 1072 931 1107 tua
955 1063 1072 1124 quod
1099 1063 1282 1108 subinde
1310 1065 1447 1107 tussis.

622 1132 802 1177 Excussi
828 1132 1077 1195 loculosque
1103 1133 1422 1195 saeculumque.

620 1202 771 1247 Croeso
795 1203 969 1248 divitior
994 1203 1093 1249 licet
1111 1205 1306 1260 fuissem,

618 1272 691 1315 Iro
718 1275 952 1335 pauperior
981 1275 1145 1331 forem,
1174 1276 1358 1327 Carine,

619 1343 663 1385 Si
693 1344 891 1389 conchen
921 1346 1047 1390 toties
1078 1361 1218 1390 meam
1249 1361 1477 1390 comesses,

465 1492 479 1506 ⁴¹
495 1493 613 1540 Fingit
624 1493 793 1528 Martialis
805 1519 814 1536 ‚
830 1507 865 1529 se
876 1492 939 1528 diu
953 1495 1082 1529 frustra

410 1547 617 1581 muneribus
657 1556 810 1594 captasse
847 1547 1082 1582 haereditatem

410 1599 527 1633 Carini
557 1600 744 1634 tussientis.
777 1600 885 1646 Optat
908 1601 1002 1635 enim
1031 1601 1082 1634 illi

409 1653 584 1686 exitialem
620 1654 740 1687 tussim
760 1679 770 1695 ,
798 1654 882 1699 quia
908 1667 980 1687 non
1010 1666 1083 1687 am-

410 1705 504 1750 plius
523 1706 629 1741 habet
646 1706 742 1752 quod
760 1706 880 1741 donet.
898 1708 1082 1754 Improbas

411 1760 624 1804 captantium
663 1769 697 1793 et
737 1768 955 1806 captatorum
992 1769 1083 1794 artes

411 1812 524 1857 carpit
542 1813 615 1846 sine
632 1812 764 1846 invidia
776 1839 785 1856 ‚
803 1812 888 1846 dum
910 1825 945 1846 se
968 1813 1082 1859 ipsum

411 1873 625 1908 captatorem
651 1874 685 1899 et
711 1866 876 1900 Carinum
905 1874 1083 1912 captatum

413 1917 562 1951 simulat.
583 1919 700 1952 Rader.

470 1982 497 2003 1.
512 1971 678 2017 Supremas
690 1999 698 2013 ,
711 1981 778 2006 etc.
790 1972 922 2018 Saepius
933 1973 1083 2006 mutanti

413 2023 545 2056 tabulas
560 2025 752 2058 testamenti
767 2033 825 2066 ,ut
838 2025 958 2059 illicias
973 2034 1084 2071 capta-

413 2083 505 2109 tores
530 2089 617 2122 quos
643 2087 772 2124 captes.
791 2079 936 2113 Luciani
955 2077 1082 2125 dialog.

412 2129 552 2163 Petron.

470 2195 502 2215 2.
517 2183 605 2217 Misi.
620 2184 724 2217 Poeta
741 2197 777 2218 se
790 2193 1004 2231 captatorem
1021 2184 1086 2217 fin-

414 2234 482 2278 git,
503 2248 573 2280 quo
592 2237 724 2271 cautius
744 2238 921 2284 improbas
939 2236 1086 2272 hoeredi-

414 2295 570 2331 petarum
588 2298 675 2323 artes
695 2300 825 2337 carpat.

469 2340 502 2374 3.
518 2342 663 2386 Hybloeis
679 2345 832 2378 madidas.
853 2343 959 2377 Melle
971 2343 1087 2378 Siculo

417 2393 575 2427 imbutas.
597 2396 710 2441 Hybla
732 2410 832 2431 mons
856 2397 981 2431 Siciliae
995 2419 1004 2435 ‚
1027 2397 1086 2430 ubi

416 2446 560 2491 thymus
575 2449 626 2481 vel
642 2449 800 2494 thymum
815 2451 929 2484 frutex
943 2450 1086 2491 nobilis,

419 2498 514 2533 unde
531 2500 631 2534 flores
643 2503 734 2535 nwlli
748 2503 972 2537 conficiendo
986 2504 1086 2549 aptis-

418 2555 521 2586 *nnus
541 2553 734 2600 decerpunt
752 2569 842 2601 apt-s.

484 2611 507 2645 ί.
530 2608 651 2648 l)‹.·l‹'“·i·
674 2609 867 2642 Exhaustus
892 2623 966 2642 ‚suni
983 2637 989 2649 ,
1018 2623 1085 2643 ιιυιι

416 2661 566 2705 suppetit
583 2661 675 2707 quud
692 2663 778 2696 ulna
793 2663 936 2696 wittani.
955 2684 1003 2690 —-
1024 2663 1086 2695 ΑἸΙι-

1139 1507 1249 1529 serere.
1277 1494 1386 1537 Quasi
1412 1494 1569 1529 diceret:
1592 1495 1647 1528 Tu
1674 1494 1813 1529 tandem

1141 1561 1292 1582 morere.

1197 1602 1231 1635 5.
1262 1601 1364 1646 Signa
1393 1603 1519 1641 rarius,
1551 1608 1618 1634 etc.
1646 1600 1713 1634 Vel
1742 1601 1815 1633 noli

1142 1667 1240 1700 spem
1266 1663 1421 1688 nostram
1448 1652 1590 1688 eludere
1617 1653 1719 1687 toties
1738 1665 1817 1686 mu-

1143 1706 1249 1741 tando
1264 1714 1508 1742 testamentum
1524 1719 1534 1748 ;
1553 1707 1608 1740 vel
1625 1706 1729 1740 semel
1746 1719 1818 1738 mo-

1142 1773 1219 1794 rere
1231 1787 1240 1802 ,
1257 1761 1353 1794 etsie
1374 1768 1498 1805 praesta
1517 1759 1622 1793 fidem
1642 1759 1726 1793 tussi
1750 1767 1817 1792 tua:

1142 1812 1313 1847 mendaci.
1325 1812 1418 1846 Vide
1431 1813 1493 1846 lib.
1509 1813 1601 1854 XII,
1614 1812 1723 1858 epigr.
1745 1824 1815 1845 ui.

1197 1869 1232 1901 6.
1247 1867 1402 1900 Mentitur
1418 1874 1483 1899 tua.
1501 1864 1634 1911 Saepius
1652 1865 1747 1899 enim
1764 1865 1817 1897 in-

1144 1920 1286 1954 teritum
1314 1928 1414 1953 tuum
1444 1918 1601 1964 pollicita
1627 1930 1725 1964 spem
1754 1930 1816 1951 no-

1142 1981 1249 2007 stram
1271 1970 1503 2007 defraudavit.

1198 2039 1233 2071 7.
1251 2021 1488 2072 Saccuffimque.
1511 2024 1624 2058 Gloss.
1644 2024 1792 2057 saccellus·
1806 2051 1814 2061 ,

1145 2079 1329 2121 βαλάντιον.

1199 2132 1233 2165 8.
1253 2131 1371 2165 Croeso.
1386 2129 1508 2176 Lydiae
1525 2143 1583 2164 rex
1603 2129 1669 2164 suit
1687 2128 1817 2162 ditissi-

1146 2197 1246 2227 mus,
1277 2186 1374 2230 cujus
1400 2185 1515 2218 notior
1539 2192 1588 2217 est
1615 2181 1758 2216 historia
1778 2195 1819 2215 ex

1146 2237 1338 2272 Herodoto.

1201 2303 1234 2334 9.
1257 2292 1310 2324 Iro
1323 2292 1502 2336 pauperior.
1521 2288 1600 2322 Fuit
1618 2290 1697 2321 Irus
1715 2288 1820 2321 honio

1147 2344 1410 2389 pauperrimus,
1443 2342 1487 2376 de
1518 2355 1587 2388 qno
1620 2341 1792 2374 Homerus
1809 2368 1816 2378 .

1148 2396 1216 2431 Cd.
1246 2398 1299 2431 18.

1206 2462 1258 2483 ιο.
1279 2451 1316 2483 Si
1336 2450 1477 2482 conchem
1501 2448 1535 2481 in
1555 2446 1634 2481 edd.
1655 2454 1735 2480 vett.
1753 2459 1762 2484 ;
1784 2446 1818 2478 in

1147 2502 1354 2549 quibusdum
1385 2502 1476 2543 aliis,
1502 2502 1539 2535 Si
1560 2501 1719 2533 concham.
1746 2499 1820 2531 (Ἰω-

1148 2566 1217 2590 1«ϊιι
1235 2582 1244 2598 ,
1279 2557 1371 2590 nulla
1403 2564 1452 2589 est
1484 2554 1629 2587 varietas
1658 2553 1691 2585 in
1722 2551 1819 2584 libris

1149 2611 1321 2655 impressis
1336 2636 1343 2650 ,
1366 2617 1420 2641 aut
1448 2606 1703 2650 inunmeriptis.
1723 2627 1761 2631 —-
1785 2608 1819 2636 §a

1148 2665 1290 2695 aun-lacti.
1322 2662 1474 2695 conchis
1497 2661 1582 2693 satur
1601 2671 1728 2702 genus,
1749 2658 1820 2692 sivi·
