1978 3305
408 242 930 286 EPIGRAMMATU
947 243 997 286 M
1037 243 1161 285 LIB.
1202 242 1256 284 X.

1440 240 1539 299 481.)

722 404 939 460 XVII.

496 566 561 593 ne
600 565 786 594 MAcao
825 565 895 594 AD
934 544 1171 594 nussim*

196 698 543 740 SATURNALmio
567 697 770 740 Macrum
791 695 994 740 fraudare
1019 695 1210 750 tributo,

267 768 300 809 F
302 766 642 821 1’ust1‘a,'Musa‚
668 766 792 827 cupis
814 783 823 808 :
847 781 937 809 non
963 764 1087 820 licet,
1109 766 1199 825 ipse
1225 765 1355 824 petit3

197 835 490 896 Solennesque
511 836 657 896 jocos,
677 852 757 879 nec
787 837 926 880 tristia
951 837 1144 879 carmina
1168 835 1330 895 poscit3

268 908 323 950 Et
351 907 549 966 queritur
576 922 714 966 nugas
743 905 974 950 obticuisse
1004 922 1134 949 meas.

198 977 454 1020 Mensorum
487 975 625 1037 longis
656 976 731 1020 sed
756 992 873 1020 nunc
903 985 1031 1019 vacat
1061 975 1130 1019 ille
1159 973 1324 1018 libellis.

268 1048 431 1107 Appia,
455 1046 557 1106 quid
589 1046 744 1101 facies,
768 1048 802 1090 si
828 1045 942 1107 leget
966 1047 1048 1090 ista
1073 1044 1253 1090 Macer?

184 1191 196 1204 '¹
208 1196 267 1228 Ad
278 1195 405 1229 Musam
425 1195 594 1229 omittunt
610 1194 692 1229 Ald.
707 1196 809 1229 Junt.

132 1248 246 1282 Colin.

184 1322 235 1326 —-
245 1301 363 1334 Macer
375 1308 565 1346 occupatus
579 1300 615 1333 in
631 1301 684 1334 via
697 1301 809 1346 Appia

132 1352 318 1387 sternenda
330 1379 340 1395 ,
355 1365 437 1398 ergo
452 1361 485 1387 et
501 1354 537 1386 in
557 1352 713 1398 legendis
727 1366 809 1398 geo-

133 1405 250 1440 metris
260 1428 270 1444 ‚
283 1405 432 1439 subinde
451 1406 623 1439 Martialis
634 1407 808 1452 epigram-

131 1466 321 1504 mata‚quae
336 1459 571 1492 Saturnalium
583 1467 740 1504 tempore
754 1472 810 1492 ex-

132 1512 309 1557 spectabat
321 1539 330 1553 ,
346 1512 540 1545 intermissa
553 1524 636 1545 vero
656 1513 808 1557 petebat.

133 1563 336 1609 Respondet
353 1573 457 1610 poeta
476 1590 486 1606 ,
513 1565 547 1598 Si
568 1565 690 1610 legeris
712 1577 786 1597 mea
800 1589 809 1605 ,

134 1625 295 1658 tuorum,
305 1617 368 1650 viae
378 1630 425 1651 sc.
438 1617 576 1663 Appiae,
592 1617 789 1651 incuriosus
801 1643 810 1658 ,

135 1668 221 1715 quid
238 1668 283 1702 de
305 1670 364 1702 illa
381 1672 449 1714 jam
470 1670 554 1703 flet?
576 1670 729 1703 Raderm.

188 1735 213 1755 1.
225 1722 454 1763 Saturnalicio,
467 1731 531 1756 etc.
547 1724 712 1757 Carmina
724 1734 812 1764 mea,

135 1787 211 1820 quae
230 1788 294 1821 per
308 1775 438 1818 Macri,
461 1777 496 1809 in
518 1776 571 1809 via
590 1776 702 1822 Appia
724 1783 811 1809 ster-

869 1193 984 1228 nenda
1017 1195 1074 1228 cui
1109 1194 1368 1240 praeficiebatur
1404 1195 1446 1226 ab
1480 1194 1550 1225 Im-

868 1255 1051 1293 peratore,
1082 1247 1328 1292 occupationes
1355 1245 1551 1279 intermissa

869 1308 981 1334 sunta
995 1300 1099 1333 mein
1113 1300 1352 1334 Saturnalibus
1365 1325 1373 1341 ,
1386 1312 1429 1332 en
1445 1298 1549 1344 exigit

869 1353 988 1386 Macer
1004 1361 1172 1399 tanquam
1185 1353 1359 1387 tributum
1370 1360 1498 1385 statum
1515 1359 1550 1384 et

870 1418 1039 1439 annuum.

924 1459 959 1492 5.
981 1458 1173 1492 Mensorum.
1196 1458 1269 1500 Qui
1291 1457 1334 1491 de
1351 1457 1472 1503 spatiis
1494 1457 1549 1489 iti-

868 1523 996 1544 nerum
1024 1520 1058 1544 et
1081 1512 1216 1545 ratione
1242 1511 1379 1544 viarum
1403 1510 1550 1555 scripse-

869 1573 952 1598 runt
979 1577 986 1598 :
1009 1565 1116 1597 libros
1140 1577 1224 1598 vero
1253 1563 1480 1609 geometricos
1501 1563 1546 1595 le-

869 1629 950 1662 gere
971 1618 1103 1651 solebat
1127 1618 1191 1650 iste
1214 1618 1353 1658 Macer,
1376 1628 1485 1661 quum
1513 1615 1549 1647 iu

871 1669 1061 1703 sternenda
1076 1671 1129 1703 via
1153 1670 1266 1715 Appia
1286 1678 1378 1703 totus
1397 1676 1496 1702 esset.

926 1725 959 1755 6.
997 1723 1106 1768 Appia
1122 1750 1131 1763 ,
1170 1723 1256 1769 quid.
1290 1721 1397 1764 Quasi
1431 1720 1523 1754 dicat
1540 1746 1548 1758 ,

871 1775 1087 1821 Negligeris,
1107 1789 1129 1809 o
1151 1776 1285 1821 Appia!
1306 1774 1389 1808 Vid.
1406 1786 1522 1819 supra.

723 1922 960 1979 XVIII.

681 2085 747 2113 DE
786 2064 1019 2113 Manio*

209 2215 309 2258 NEC
331 2224 460 2258 vocat
485 2214 540 2258 ad
560 2231 729 2259 coenam
752 2216 919 2259 Marius
934 2251 945 2269 ‚
966 2232 1047 2260 nec
1069 2231 1249 2259 munera
1271 2216 1423 2268 mittit,

281 2284 374 2328 Nec
398 2284 606 2345 spondet,
627 2302 709 2329 nec
730 2285 827 2329 vult
847 2285 1023 2330 credere
1046 2302 1054 2328 z
1079 2285 1154 2329 sed
1175 2302 1255 2329 nec
1280 2285 1424 2329 hahet.

212 2353 359 2397 Turba
380 2363 526 2398 tamen
547 2372 636 2398 non
656 2355 798 2409 deest,
821 2355 1010 2400 sterilem
1032 2372 1133 2416 quae
1150 2365 1274 2400 curet
1293 2357 1494 2399 amicum.

198 2498 213 2510 *
243 2499 321 2532 Coti
350 2500 473 2532 volunt
500 2512 518 2532 a
544 2499 728 2533 clientibus
759 2513 818 2545 pa-

145 2551 257 2592 troni,
273 2560 307 2585 et
322 2552 447 2586 nolunt
462 2552 577 2586 colere
595 2552 696 2586 donis
712 2552 820 2586 clien-

146 2612 208 2637 tes.
228 2605 349 2639 Talem
371 2613 555 2650 patronum
580 2619 651 2639 esse
677 2606 722 2639 ait
747 2606 820 2640 Ma-

147 2657 249 2690 rium.

936 2513 967 2532 2.
993 2500 1131 2533 Reddere
1153 2499 1230 2534 cod.
1256 2502 1391 2534 Beverl.
1415 2523 1465 2528 ——
1487 2502 1555 2534 Nec

881 2553 951 2585 vult
971 2553 1100 2586 credere.
1119 2553 1195 2587 Hoc
1213 2561 1280 2596 est,
1297 2553 1380 2587 dare
1397 2562 1553 2588 mutuam

882 2606 1208 2651 pecuniam.-—Sed.
1221 2607 1286 2641 Hic
1298 2616 1346 2641 est
1358 2620 1424 2652 pro
1442 2610 1533 2640 immo
1545 2634 1552 2646 ,

883 2661 956 2705 quin
990 2661 1092 2693 ctiam.
1120 2658 1225 2693 Unde
1257 2673 1373 2694 sensus
1406 2673 1413 2693 :
1444 2662 1554 2694 Immo
