1978 3305
463 214 559 272 472

835 213 896 255 M.
920 214 1058 256 VAL.
1099 214 1490 258 MARTIALIS

604 300 763 359 Pagina
788 316 796 341 :
821 299 888 343 fac
916 299 993 343 tibi
1021 316 1090 343 me
1110 316 1239 360 quam
1263 301 1386 360 cupis
1409 316 1502 344 esse
1526 300 1716 345 brevem.

464 432 597 476 paginis
627 432 691 464 tria
711 439 771 464 aut
796 440 948 476 quatuor
968 432 1138 477 epigram-

1191 433 1306 475 fucta,
1335 432 1392 464 tibi
1412 445 1526 478 quam,
1560 440 1624 466 etc.
1660 433 1713 466 vel
1744 434 1873 478 Pagina

463 492 554 516 mata
580 483 841 524 contineantur,
861 484 993 529 quibus
1011 485 1108 518 lectis
1127 509 1137 525 ‚
1191 487 1285 528 sacta
1314 485 1388 525 tibi,
1417 497 1528 529 quam,
1559 493 1627 518 etc.
1648 506 1700 512 —-
1715 486 1797 520 Fac.
1818 486 1873 519 Sic

463 536 528 569 alia
550 536 713 569 omittere
727 545 841 581 potest
856 537 978 570 lector.

520 593 552 628 4.
572 590 661 629 Fac,
695 597 760 622 etc.
782 589 839 622 Sic
863 590 1029 623 exhibent
1058 588 1137 623 edd.

464 641 688 675 recentiores.
724 643 837 676 Aliter
861 643 981 688 legunt
1011 644 1138 687 Pagina

1199 537 1492 584 epigrammatista
1501 538 1689 583 palmarius
1699 539 1858 571 Rousseau
1867 552 1877 571 .·

1233 601 1292 624 Ami
1306 600 1414 628 latent,
1424 610 1487 624 vous
1503 600 1572 625 voiliz
1586 601 1645 624 bien
1663 610 1693 624 en
1705 601 1795 634 peine;

1236 646 1408 672 Rendons-les
1417 653 1503 672 com-ts
1513 656 1544 671 eu
1555 656 1586 671 ne
1598 646 1634 671 les
1643 646 1720 672 lisam
1731 647 1814 681 point.
1826 648 1873 672 En.

1129 785 1211 840 ΙΙ.

977 941 1047 968 ΑΒ
1096 940 1359 969 EUNDEM.

537 1072 567 1113 F
573 1086 797 1115 ιεδΤιΝΑΤΛ
828 1071 948 1130 prior
977 1069 1131 1113 decimi
1158 1070 1266 1113 mihi
1291 1086 1396 1113 cura
1421 1069 1550 1114 libelli

609 1140 815 1201 Elapsum
844 1140 1045 1184 manibus
1071 1156 1188 1184 nunc
1213 1141 1436 1184 revocavit
1459 1158 1581 1201 opus.

539 1213 650 1254 Nota
677 1211 792 1272 leges
818 1210 1042 1271 quaedam,
1069 1211 1141 1254 sed
1169 1209 1268 1254 lima
1297 1227 1392 1254 rasa
1418 1213 1604 1260 recenti;

608 1284 711 1325 Pars
741 1298 855 1325 nova
883 1281 1024 1342 major
1054 1282 1165 1325 erit:
1198 1280 1354 1336 lector,
1379 1283 1551 1343 utrique
1582 1282 1691 1325 fave.

537 1354 710 1407 Lector,
729 1369 834 1412 opes
857 1361 1175 1413 nostrae‚quem
1196 1368 1331 1413 quum
1354 1352 1459 1395 mihi
1477 1354 1616 1396 Roma
1637 1352 1842 1407 dedisset,
1865 1376 1878 1395 2·

607 1422 679 1466 Nil
705 1422 783 1466 tibi
810 1422 929 1483 quod
957 1423 1109 1467 demus
1138 1423 1278 1483 majus
1303 1422 1538 1475 habemus,
1563 1424 1633 1466 ait.

540 1494 665 1553 Pigra
694 1510 772 1554 per
803 1493 921 1537 hunc
948 1492 1086 1554 fugies
1112 1494 1292 1554 ingratae
1323 1493 1501 1537 flumina
1529 1493 1715 1543 Lethes,

606 1565 661 1607 Et
692 1563 870 1608 meliore
892 1564 955 1607 tui
978 1573 1102 1625 parte
1127 1573 1344 1624 superstes
1369 1564 1466 1607 eris.

538 1636 763 1678 Marmora
792 1633 991 1679 Messalae
1022 1633 1149 1677 findit
1177 1633 1429 1695 caprificuS‚
1459 1644 1502 1678 et
1526 1634 1667 1678 audax

607 1704 824 1749 Dimidios
854 1705 997 1765 Crispi
1024 1703 1158 1748 mulio
1187 1704 1299 1748 ridet
1323 1720 1474 1765 equos.

526 1857 555 1877 1.
574 1845 739 1878 Festinata
761 1847 865 1890 prior.
887 1845 992 1879 Hunc
1019 1856 1145 1890 nempe

467 1898 595 1931 librum
631 1898 738 1932 nimia
765 1898 987 1932 festinatione
1009 1897 1144 1932 editum

466 1951 663 1992 revocavit,
683 1959 787 1996 atque
806 1950 1016 1984 emendavit.

522 2008 555 2045 4.
578 2004 709 2050 Utrique
722 2005 810 2046 fave.
831 2004 907 2037 Hoc
927 2012 998 2045 est,
1014 2004 1145 2037 Priori-

466 2057 531 2091 bus
546 2065 581 2091 et
594 2057 694 2091 novis
710 2055 839 2091 additis
855 2057 1012 2090 versibus
1030 2057 1116 2090 fave.

526 2110 558 2144 5.
573 2111 700 2151 Lector,
720 2123 791 2155 opes
805 2118 933 2143 nostroe.
950 2110 1016 2144 Per
1035 2122 1143 2155 appo-

468 2164 630 2196 sitionem
652 2164 720 2196 hoc
742 2162 862 2202 addit,
883 2163 951 2196 hoc
973 2171 1045 2196 est:
1063 2163 1143 2204 Quo

466 2217 620 2262 benigno
636 2225 740 2262 atque
755 2216 927 2250 benevolo
943 2216 1073 2249 lectore
1089 2216 1142 2249 ni-

469 2270 517 2302 hil
531 2271 640 2314 majus
653 2269 740 2303 mihi
757 2268 841 2303 dare
863 2270 973 2302 Roma
991 2277 1140 2315 poterat.

521 2326 556 2356 6.
574 2323 703 2356 Demus.
723 2323 766 2355 In
788 2334 895 2367 marg.
917 2323 1019 2356 Junt.
1039 2333 1144 2367 penes

467 2375 636 2409 editorem
656 2375 758 2408 detur.

521 2442 554 2473 7.
567 2429 736 2473 Pigra.1n
755 2440 862 2473 marg.
884 2427 994 2473 ejusd.
1019 2428 1145 2472 Nigr-aa

468 2482 562 2514 Alios
586 2482 701 2525 legere
718 2481 825 2526 Nigra
855 2490 1002 2515 monent
1029 2480 1144 2514 multi.

466 2533 533 2568 Sed
553 2535 654 2578 Pigra
674 2543 723 2567 est
745 2535 779 2568 in
800 2547 896 2568 omn.
920 2533 999 2567 edd.
1018 2533 1145 2579 quibus

467 2589 836 2632 mimium—Pigraprr
855 2589 934 2620 lianc
949 2615 956 2627 ,
973 2595 1038 2620 etc.
1062 2587 1143 2619 Per-

463 2642 509 2683 gii
533 2642 638 2673 nomn
655 2650 684 2673 et
702 2641 767 2674 hoc
782 2641 951 2673 versiculo
965 2641 1046 2673 item
1059 2648 1090 2672 et
1108 2640 1139 2672 in

1205 1845 1381 1890 sequenti,
1396 1844 1591 1878 Martialem
1611 1844 1801 1889 alloquens.
1816 1844 1882 1876 En.

1205 1918 1258 1924 —
1270 1898 1421 1931 Flumina
1437 1898 1560 1930 Lethes.
1581 1897 1657 1930 Hoc
1675 1905 1748 1929 est:
1767 1896 1819 1929 Te
1840 1896 1883 1929 ab

1205 1950 1389 1984 hominum
1405 1950 1585 1983 oblivione
1599 1949 1805 1984 vindicabis,
1822 1949 1885 1982 Le-

1206 2003 1266 2037 the
1280 2003 1478 2036 Inferorum
1496 2002 1624 2036 fluvius
1638 2011 1709 2043 est,
1724 2002 1784 2048 qui
1800 2014 1885 2048 prae·

1206 2064 1390 2090 ternarum
1413 2069 1571 2089 omnium
1600 2068 1718 2089 rerum
1750 2067 1883 2088 memo-

1204 2109 1293 2142 riam
1319 2107 1437 2142 delet:
1464 2109 1539 2144 λήθη
1563 2109 1655 2142 enim
1678 2107 1789 2141 latino
1812 2119 1883 2141 ser-

1205 2174 1310 2195 mone
1327 2161 1442 2194 oblivio
1457 2170 1521 2195 est.

1259 2215 1293 2247 8.
1308 2214 1470 2258 Superstes
1483 2218 1556 2248 eris.
1576 2214 1669 2255 Quia
1683 2225 1821 2259 semper
1834 2213 1883 2246 le·

1203 2267 1316 2312 geris,
1354 2275 1387 2301 et
1425 2267 1668 2301 celebraberis.
1694 2284 1707 2296 ‹-
1735 2266 1884 2299 Meliore

1204 2329 1303 2366 parte
1316 2338 1328 2350 ›-
1346 2346 1354 2360 ‚
1369 2320 1458 2353 sama
1477 2320 1607 2354 scilicet
1625 2318 1884 2366 ingenii.—Sic

1206 2372 1313 2407 Ovid.
1328 2373 1411 2407 Met.
1428 2374 1497 2406 XV
1513 2386 1520 2407 :
1543 2382 1664 2418 aparte
1683 2381 1796 2406 tamen
1815 2384 1882 2405 me-

1206 2426 1295 2460 liore
1313 2427 1380 2459 mei
1398 2444 1429 2467 u,
1449 2435 1514 2460 etc.

1266 2492 1322 2513 10.
1348 2479 1508 2513 Dimidios
1544 2491 1647 2525 equos.
1678 2479 1730 2512 De
1757 2477 1884 2522 Crispo

1207 2531 1340 2566 dictum
1369 2533 1429 2566 lib.
1462 2533 1528 2572 lv,
1550 2531 1659 2577 epigr.
1687 2543 1761 2573 mv,
1786 2531 1884 2575 cujus

1205 2595 1324 2619 statuae
1353 2593 1532 2631 equestres
1563 2592 1733 2618 vetustate
1762 2595 1881 2616 corru-

1204 2648 1270 2683 1³1ae
1288 2647 1320 2672 et
1341 2639 1456 2672 fracta:
1478 2636 1669 2672 irridentur
1684 2649 1701 2669 a
1717 2635 1880 2669 mulioni-
