1978 3305
341 214 929 257 EPIGRAMMATUM
966 214 1091 256 LIB.
1133 214 1218 255 VI.

1393 229 1406 256 ¹
1420 212 1484 273 69

79 300 164 346 Sed
180 309 326 344 tamen
340 300 425 344 hoc
439 300 618 362 longum
634 311 699 345 est
715 312 724 343 ἱ
740 300 849 345 solet
862 301 947 344 hoc
964 299 1556 361 quoque‚Tucca·,licetque;

149 371 194 414 Si
217 370 417 421 breviora
438 371 618 432 probas,
639 372 823 416 disticha
847 370 937 415 sola
957 370 1087 431 legas.

80 442 324 485 Conveniat
344 441 469 485 nobis
483 477 494 493 ,
517 451 566 485 ut
587 441 650 486 fas
673 444 1001 503 Epigrammata
1026 441 1156 501 longa

148 511 212 555 Sit
232 512 416 556 transire
440 511 545 568 tibi3
571 512 759 556 scribere
775 546 786 566 ,
809 515 977 567 Tucca,
1003 511 1124 555 mihi.

135 632 168 665 3.
188 631 254 666 Ed.
278 634 384 678 antiq.
406 633 541 666 Ferrar.
562 645 618 666 an.
644 637 756 677 1471.

81 683 162 717 Ald.
181 686 279 718 Junt.
304 685 417 718 Colin.
438 685 574 731 Gryph.
596 685 754 718 Pulman.

81 738 193 771 Plant.
219 738 364 771 Junian.
393 738 499 783 Lang.
529 738 656 784 Delph.
687 746 756 771 etc.

82 791 162 822 solet
171 791 229 823 lzoc
241 803 374 837 quoque,
393 791 510 830 Tucca,
527 791 629 824 licere.
643 790 756 824 ScriV.

81 852 116 877 et
131 844 273 877 Gruter.
292 844 443 889 licetque.·
459 844 550 877 hanc
568 843 756 877 lectionem

82 894 286 930 dubitanter
304 896 514 942 recepimus.
530 896 598 930 ΕΙ).

871 631 902 665 5.
922 631 1096 665 Conveniat
1109 631 1212 671 nobis,
1234 640 1300 665 etc.
1320 632 1370 665 Ex
1388 641 1492 678 pacto

817 685 911 718 inter
929 697 992 717 nos
1012 684 1059 717 ita
1079 683 1326 730 dispertiamus
1347 685 1465 718 munia
1483 700 1492 725 ;

819 746 858 771 ut
871 737 958 770 mihi
970 737 1072 770 liceat
1084 738 1187 782 longa
1198 738 1310 783 epigr.
1325 738 1475 771 scribere
1485 765 1493 779 ‚

818 791 882 823 tibi
899 790 1245 823 transire.Voltarius
1267 790 1313 823 ait
1330 802 1338 823 τ
1354 792 1494 824 L’lze.1·a-

819 846 912 875 melre
924 851 971 875 est
978 844 1054 885 fort
1071 843 1168 882 beau,
1189 845 1267 876 mais
1281 856 1344 888 par
1352 845 1420 886 fois
1441 858 1495 877 en-

819 909 956 942 παχῆα.
978 896 1042 929 ED.

677 1028 901 1084 LXVI.

297 1179 361 1206 DE
399 1177 656 1207 PRAECONE
695 1177 954 1206 PUELLAM
995 1178 1292 1206 VENDENTE.

297 1286 444 1330 FAMAE
471 1301 560 1327 non
590 1284 773 1326 nimium
803 1283 930 1327 bonae
961 1282 1178 1344 puellam,

296 1354 459 1411 Quales
489 1355 533 1397 in
557 1354 697 1398 media
722 1354 873 1398 sedent
893 1354 1110 1405 Suburra,

297 1424 529 1469 Vendebat
550 1424 683 1469 modo
706 1441 850 1485 praeco
873 1423 1110 1469 Gellianus.

300 1497 442 1539 Parvo
468 1512 604 1556 quum
634 1497 775 1557 pretio
798 1495 871 1539 diu
897 1494 1070 1551 liceret,

301 1568 421 1610 Dum
440 1582 597 1627 puram
621 1567 742 1627 cupit
766 1566 1012 1627 approbare
1038 1567 1226 1621 cunctis,

300 1638 488 1681 Attraxit
517 1653 654 1699 prope
680 1653 724 1681 se
754 1653 888 1680 manu
911 1647 1169 1698 negantem3

149 1777 180 1796 2.
205 1763 324 1807 Quales
346 1764 377 1794 in
398 1762 513 1802 media,
539 1771 606 1796 etc.
625 1762 706 1795 Lib.
729 1762 768 1803 I,

92 1817 204 1861 epigr.
220 1828 321 1857 xxxv,
337 1828 386 1848 vs.
406 1816 441 1856 5;
461 1823 494 1848 et
509 1815 570 1848 lib.
585 1815 637 1858 II,
655 1815 766 1860 epigr.

93 1881 190 1911 xvu,
207 1881 258 1902 vs.
285 1881 298 1902 1
317 1895 326 1910 ‚
343 1868 435 1914 lupae
457 1868 603 1907 scilicet,
630 1880 706 1914 quae
731 1868 767 1900 in

92 1922 235 1967 regione
247 1921 449 1955 Suburrana
463 1921 559 1955 urbis
577 1921 770 1955 Romaeha-

92 1975 260 2009 bitabam.
278 1975 344 2008 En.

149 2032 182 2068 4.
202 2029 309 2061 Parvo
329 2041 421 2074 quum
445 2030 549 2073 pretio
569 2028 625 2060 diu
653 2028 772 2061 liceret.

95 2081 201 2114 Volui
221 2080 411 2126 aliquando
434 2082 572 2114 licerent.
594 2081 656 2114 Est
677 2081 771 2114 enim

95 2133 238 2180 proprie
260 2134 414 2179 pretium
442 2134 621 2167 offerentis
637 2158 646 2173 ‚
673 2134 771 2179 quasi

97 2187 260 2232 empturi.
275 2187 420 2220 Plautus
435 2198 442 2219 :
465 2187 593 2220 «Jocos
606 2185 772 2221 ridiculos

98 2238 211 2272 vendo
236 2251 244 2272 :
267 2239 380 2285 agite,
399 2240 567 2273 licemini.
589 2257 603 2269 ι»
629 2239 698 2273 Sed
719 2248 770 2273 ta-

97 2305 179 2325 men
199 2291 367 2326 vendenti
388 2305 530 2338 quoque
549 2291 688 2326 videtur
706 2293 770 2326 tri-

97 2346 205 2378 buere
223 2345 422 2386 Suetonius,
440 2345 549 2391 Calig.
573 2346 618 2379 38
635 2357 643 2378 :
658 2346 771 2379 «Nota

98 2411 151 2431 res
161 2407 227 2439 est,
239 2398 378 2443 Aponio
389 2398 577 2431 Saturnino
590 2398 681 2432 inter
694 2399 773 2432 sub-

99 2451 195 2484 sellia
213 2449 428 2484 dormitante
439 2477 448 2492 ,
463 2451 635 2484 monitum
651 2464 670 2485 a
688 2452 772 2485 Caio

98 2516 295 2550 praeconem
307 2529 316 2544 ,
346 2516 390 2537 ne
423 2504 626 2549 praetorium
660 2505 772 2537 virum

101 2558 224 2590 crebro
242 2556 364 2602 capitis
386 2565 483 2590 motu
505 2565 688 2590 nutantem
708 2557 772 2590 sibi

102 2610 295 2654 praetererit
319 2622 326 2642 :
351 2623 414 2644 nec
435 2609 564 2643 licendi
592 2610 701 2642 finem
724 2611 774 2643 fa-

103 2671 215 2706 ctum,
232 2675 302 2709 quo
324 2662 366 2696 ad
381 2662 550 2698 tredecim
566 2662 774 2709 gladiatores

829 1762 986 1796 sestertio
1014 1762 1180 1808 nonagies
1205 1762 1381 1807 ignoranti
1406 1762 1505 1796 addi-

829 1824 1002 1849 cerentur.
1030 1833 1042 1844 υ
1081 1815 1300 1849 Gronovius.
1340 1816 1471 1850 Gallice
1498 1844 1506 1857 ,

830 1868 947 1901 ‘vendre
965 1870 984 1900 ὰ
1007 1868 1143 1901 l'enccm.

886 1922 919 1954 5.
945 1922 1030 1954 Dum
1050 1935 1164 1966 puram
1187 1924 1290 1967 cupit,
1320 1930 1384 1956 etc.
1409 1924 1504 1955 Dum

831 1974 986 2015 facilem,
1014 1973 1075 2008 sed
1100 1975 1257 2020 negantis
1282 1983 1355 2009 arte
1377 1975 1506 2008 instru-

831 2036 919 2061 ctam
939 2028 1094 2073 puellam
1107 2055 1116 2069 ,
1134 2041 1200 2074 pro
1219 2026 1348 2073 pudica
1365 2036 1399 2061 et
1417 2041 1505 2074 pura

832 2080 1026 2126 approbare
1054 2082 1174 2127 cupit,
1205 2092 1318 2126 eoque
1345 2081 1505 2114 vendibi-

830 2134 955 2168 liorem
985 2134 1120 2175 facere,
1150 2134 1380 2166 reluctantem
1412 2134 1505 2167 illam

831 2194 866 2220 et
879 2195 1063 2232 negantem
1084 2187 1208 2232 saepius
1226 2187 1383 2220 basiavit.
1399 2187 1506 2229 Quod

830 2240 890 2273 ubi
911 2241 1047 2273 fecisset
1066 2252 1195 2285 praecO,
1217 2239 1287 2272 oris
1306 2252 1382 2272 non
1400 2241 1508 2286 magis

829 2294 910 2339 puri
931 2306 1035 2338 quam
1055 2292 1238 2332 Sabidius,
1260 2292 1322 2326 lib.
1340 2294 1356 2326 Ι
1369 2317 1378 2333 ,
1396 2294 1507 2339 epigr.

830 2358 964 2382 xxxni,
982 2354 1017 2379 et
1032 2346 1093 2378 lib.
1113 2346 1166 2378 III
1180 2369 1190 2384 ‚
1208 2345 1318 2391 epigr.
1333 2358 1411 2379 xvn
1423 2372 1433 2387 ,
1456 2348 1508 2380 vel

832 2399 1060 2437 posthumus,
1079 2398 1140 2431 lib.
1161 2399 1217 2438 H,
1236 2398 1344 2444 epigr.
1362 2412 1400 2440 x,
1420 2399 1508 2433 adeo

832 2452 1004 2497 impuram
1041 2449 1217 2491 reddidit,
1249 2464 1353 2497 quam
1382 2465 1505 2497 puram

834 2505 1030 2550 approbare
1043 2504 1175 2546 voluit3
1189 2511 1227 2537 ut
1242 2505 1301 2549 qui
1315 2504 1422 2538 modo
1434 2519 1509 2539 sex-

834 2565 955 2590 centos
972 2557 1088 2591 licitus
1108 2566 1178 2600 est,
1196 2558 1267 2602 jam
1287 2570 1322 2591 se
1344 2557 1509 2592 daturum

835 2619 948 2656 neget.

895 2666 929 2697 6.
962 2664 1063 2697 ῙΙῙαηιι
1093 2672 1267 2705 negantem.
1301 2664 1420 2697 Puella
1455 2664 1512 2697 illa
