1978 3305
373 208 956 253 EPIGRAMMATUM
996 207 1119 249 LIB.
1145 206 1224 248 VI.

1414 205 1502 261 143

236 298 364 339 Hunc
388 312 492 339 vero
515 304 644 338 acuto
669 294 833 355 capite,
855 302 898 337 et
920 292 1096 336 auribus
1119 291 1280 352 longis,

234 368 344 426 Quae
368 366 426 409 sie
449 374 701 419 moventur,
727 374 774 408 ut
795 363 935 408 solent
954 361 1208 417 asellorum,

235 437 344 493 Quis
366 437 572 480 morionis
592 435 726 479 filium
751 444 880 495 neget
901 431 1111 494 Cyrrhae?

233 509 344 550 Duae
367 522 562 561 sorores,
585 505 655 550 illa
680 506 827 566 nigra,
849 514 893 548 et
916 504 1009 548 haec
1033 503 1153 558 rufa,

235 578 360 621 Croti
385 575 627 628 choraulae,
650 574 866 635 villicique
889 584 990 618 sunt
1015 574 1162 634 Carpi.

234 650 417 708 Jamque
441 646 722 707 hybridarum
749 662 854 706 grex
884 644 959 688 tibi
985 643 1097 688 foret
1118 642 1293 704 plenus,

236 719 280 761 Si
312 717 448 778 spado
479 718 692 770 Coresus,
722 714 1055 775 Dindymusque
1084 730 1174 758 non
1202 711 1342 757 esset?

94 838 287 884 Saepissime
307 845 551 884 permutantur
568 850 627 883 pet·
647 845 681 871 et
697 850 767 883 prce

94 892 130 924 in
141 891 407 937 compositione.
420 889 514 924 Vide
526 903 602 936 quae
616 889 768 924 diximus

94 943 138 977 ad
157 944 219 977 lib.
237 944 294 984 II,
315 945 424 990 epigr.
448 956 545 977 Lxxn
558 970 567 985 ,
585 956 620 977 v.
642 944 661 977 3
673 967 683 983 ‚
697 943 767 976 vol.

95 998 129 1039 Ι,
149 1009 225 1043 pag.
248 1001 334 1036 241·
352 1017 403 1023 —-
418 997 521 1040 Nefas
543 1010 605 1030 nor:
625 1005 681 1030 est.
707 997 769 1029 Est

95 1050 186 1083 enim
201 1050 389 1084 concubini
403 1051 453 1083 tui
468 1050 571 1091 filius,
586 1062 658 1083 non
675 1057 769 1082 tuus.

153 1105 210 1137 16.
225 1103 308 1148 Quae
317 1105 360 1136 sic
373 1112 543 1143 moventur,
558 1111 623 1136 etc.
639 1103 768 1136 Rarum

95 1156 162 1188 hoc
181 1168 188 1189 :
205 1169 284 1190 nam
300 1168 383 1189 vere
398 1156 518 1190 scribit
533 1156 639 1189 Arist.
656 1156 718 1188 lib.
732 1156 749 1187 I
762 1180 771 1197 ‚

97 1207 142 1241 de
160 1209 250 1243 Hist.
269 1209 419 1242 Animal.
440 1221 514 1254 cap.
533 1221 546 1242 1
560 1220 574 1241 1
591 1220 599 1241 ι
619 1223 632 1235 «
646 1208 770 1241 Homi-

94 1273 175 1294 nem
201 1262 313 1295 solum
345 1274 417 1296 esse
446 1262 587 1295 auribus
617 1261 770 1295 immotis

94 1315 186 1348 iuter
200 1315 361 1348 animalia
374 1327 382 1348 :
397 1327 520 1348 verum
535 1313 693 1348 accidere
708 1314 769 1347 ali-

95 1367 252 1413 quando,
285 1376 325 1401 ut
355 1368 485 1402 violata
510 1379 608 1413 paene
637 1375 769 1401 naturae

94 1421 189 1467 lege,
227 1420 441 1467 quibusdam
473 1433 572 1454 aures
602 1433 769 1454 movean-

96 1482 166 1508 tur.
187 1492 200 1504 »ι
230 1475 367 1508 Herald.
390 1495 441 1500 -—
468 1474 512 1507 Ut
534 1474 636 1507 solent
655 1474 769 1506 asello-

96 1540 173 1560 rum.
198 1527 270 1561 Hos
292 1536 333 1561 ut
351 1527 546 1573 plurimum
565 1526 710 1560 stolidos
731 1539 770 1560 ac

96 1581 210 1614 fatuos
223 1593 294 1614 esse
311 1579 456 1614 tradunt
472 1580 769 1626 ph)·siognomici;

96 1634 143 1667 ita
153 1641 191 1666 ut
199 1634 294 1668 hunc
307 1641 470 1680 tanquam
480 1633 648 1666 morionis
658 1633 770 1666 fllium

96 1687 284 1721 subsannat
299 1687 481 1720 Martialis.

155 1752 168 1772 1
177 1753 197 1784 7
205 1766 212 1773 .
226 1740 306 1785 Quis
316 1738 571 1784 m01·1'0nisfilium
582 1747 673 1784 neget
683 1739 714 1773 G
712 1753 771 1784 yr-

98 1793 161 1825 thae
179 1792 258 1826 Ald.
277 1793 378 1826 Junt.
397 1793 510 1826 Colin.
531 1792 667 1838 Gryph.
689 1792 771 1825 Pul·-

97 1858 214 1880 mann.
245 1847 353 1892 Lang.
383 1845 509 1890 Delph.
538 1854 602 1879 etc.
633 1845 772 1890 Gyrrleae

97 1899 217 1944 legunt
249 1900 318 1932 alii.
343 1920 395 1926 ——
420 1899 528 1932 Mor-io
569 1897 771 1940 dicebatur,

97 1952 159 1997 qui
187 1953 314 1986 mentis
339 1951 529 1986 stoliditate
548 1960 583 1985 et
605 1951 772 1985 deformi-

98 2013 167 2038 tate
187 2006 304 2039 vultus
319 2005 428 2038 risum
447 2005 609 2038 movebat
625 2017 634 2046 ;
652 2005 773 2039 Graece

98 2059 221 2103 μωρὸς,
240 2059 377 2092 stultus.
400 2059 580 2091 Meriones
610 2067 690 2092 sunt
723 2058 771 2091 fa-

98 2111 168 2151 tui,
188 2112 231 2144 les
242 2113 318 2155 sous
331 2139 339 2152 ‚
361 2124 447 2157 quos
467 2111 504 2144 in
524 2111 657 2145 deliciis
673 2111 772 2157 prin-

97 2164 217 2209 cipum
236 2165 355 2198 haberi
372 2164 542 2198 videmus.
562 2165 629 2198 En.

156 2229 212 2261 19.
236 2218 415 2251 Choraulae.
435 2218 515 2251 Lib.
535 2219 581 2260 V,
601 2230 654 2263 ep.
671 2230 742 2251 LVI.

154 2283 210 2304 20.
230 2271 302 2303 Jam
322 2272 523 2304 ‘vernularum
543 2269 653 2304 codex
670 2271 703 2302 V
707 2271 771 2304 ati-

98 2335 215 2365 canus,
226 2332 258 2356 et
271 2323 320 2357 sic
331 2323 540 2357 Bodleianus
552 2323 586 2356 in
600 2324 770 2369 margine.

97 2377 172 2409 Jam
193 2376 387 2409 mobidarum
405 2376 512 2411 codex
536 2377 769 2410 Florentinus.

98 2429 171 2462 Jam
191 2429 401 2463 Niobidarum
418 2429 524 2463 codd.
542 2428 704 2475 quidam,
720 2438 770 2463 te-

99 2490 148 2516 ste
165 2481 371 2524 Calderino,
388 2491 429 2516 ut
443 2482 572 2516 referas
588 2481 630 2515 ad
648 2495 772 2516 nume-

98 2548 178 2568 rum
206 2536 358 2569 filiorum
391 2536 540 2577 Niobes3
571 2534 631 2568 sed
660 2536 773 2582 placet

98 2588 197 2633 prior
227 2589 411 2635 scriptura.
443 2587 678 2622 Beverlandus
705 2589 773 2633 legi

98 2642 194 2686 jubet
226 2655 233 2675 :
259 2642 392 2688 Jamque
423 2642 646 2676 Ombriclarum
674 2654 770 2685 gres,

827 844 892 870 etc.
916 844 949 869 et
973 848 1035 869 nos
1059 836 1167 869 mittit
1188 834 1231 868 ad
1254 835 1376 881 Scalig.
1400 836 1500 870 Varr.

826 903 863 935 p.
891 901 975 922 201.
1001 889 1050 922 Ex
1078 888 1319 922 observatione
1340 888 1502 934 Scaligeri

827 943 849 975 l.
862 954 890 975 c.
909 941 1031 982 Umbri,
1050 941 1159 982 habri,
1178 941 1257 981 lbri,
1275 941 1393 974 lbridae
1406 941 1501 986 apud

828 996 972 1029 Veteres
988 995 1099 1040 spurii
1116 994 1228 1028 vocati
1244 1002 1343 1035 sunt,
1356 1002 1395 1028 ut
1410 995 1504 1029 Grae-

826 1048 875 1081 cis
914 1047 999 1082 dicti
1036 1046 1236 1093 ὂμὲρίκσι).ῡι.
1279 1047 1502 1082 Ombridarum

828 1101 950 1147 igitur,
979 1099 1074 1147 quod
1104 1100 1163 1134 hic
1192 1100 1293 1146 fingit
1317 1101 1503 1134 Beverlan-

829 1153 912 1196 dus,
931 1153 1025 1188 idem
1044 1153 1111 1187 erit
1127 1166 1165 1186 ac
1184 1153 1504 1200 lzybridarum.Quid

828 1215 943 1240 autem
960 1220 1047 1253 opus
1064 1215 1138 1240 erat
1154 1206 1306 1240 Martiali
1320 1207 1501 1253 antiquum

828 1268 862 1294 et
875 1261 1070 1294 obsoletum
1081 1285 1088 1297 ‚
1109 1260 1137 1293 si
1152 1259 1259 1294 modo
1275 1273 1430 1306 unquam
1445 1273 1504 1294 ex-

828 1313 934 1352 stitit,
951 1326 1023 1360 prae
1041 1313 1168 1347 usitato
1182 1321 1215 1347 et
1227 1313 1366 1346 notIOre
1382 1314 1504 1347 obtru-

829 1365 932 1399 dere?
946 1388 997 1392 —
1017 1366 1248 1412 Hybridamm.
1273 1365 1435 1411 Hybrida
1456 1375 1507 1401 est

829 1419 932 1453 foetus
949 1432 991 1452 ex
1013 1419 1206 1465 imparibus
1223 1420 1445 1465 parentibus,
1464 1428 1505 1454 ut

830 1473 924 1506 canis
941 1485 982 1505 ex
1000 1473 1158 1506 venatico
1177 1481 1211 1506 et
1234 1473 1391 1518 gregario
1404 1499 1413 1515 ‚
1433 1474 1503 1519 gal-

828 1526 893 1559 lice
913 1528 1024 1565 me‘tis;
1054 1535 1091 1559 ut
1121 1538 1166 1559 ex
1187 1538 1271 1572 apro
1297 1534 1331 1559 et
1351 1539 1431 1567 sue;
1454 1526 1504 1560 sic

828 1578 919 1612 filios
950 1591 991 1612 ex
1018 1587 1130 1612 matre
1156 1579 1307 1624 ingenua
1337 1587 1371 1612 et
1405 1588 1504 1626 patre

829 1644 930 1665 servo
960 1641 1061 1666 natos
1082 1632 1250 1678 hybribas
1270 1641 1390 1674 vocat,
1417 1645 1504 1678 quos

826 1686 895 1730 jam
915 1684 976 1718 lib.
997 1687 1032 1725 Ι,
1055 1685 1163 1731 epigr.
1180 1698 1296 1718 Lxxxv
1319 1685 1505 1731 appellavit

829 1741 945 1784 equites
956 1751 1081 1771 vernas.
1092 1737 1185 1772 Vide
1198 1739 1256 1772 lib.
1268 1739 1359 1771 VIII
1370 1765 1379 1780 ‚
1393 1739 1502 1785 epigr.

829 1804 907 1825 xxu
936 1799 970 1824 et
994 1792 1032 1833 I,
1054 1791 1162 1837 epigr.
1187 1803 1284 1833 xmr,
1302 1804 1352 1826 vs.
1377 1805 1408 1825 2.
1427 1792 1503 1838 Hy-

830 1843 931 1878 brida
943 1852 993 1878 est
1003 1845 1117 1886 etiam,
1135 1844 1196 1890 qui
1211 1844 1319 1877 mixto
1328 1846 1502 1879 variarum

831 1898 1029 1943 linguarum
1048 1910 1210 1931 sermone
1232 1897 1363 1940 utitur,
1385 1907 1424 1932 ut
1443 1911 1504 1945 pe-

831 1951 961 1997 regrini
981 1951 1104 1985 solent.
1123 1952 1188 1984 ED-
1203 1971 1254 1977 —
1271 1951 1360 1986 GreJ:
1373 1952 1504 1997 plenus;

831 2013 870 2037 ut
887 2005 1066 2038 Musarum
1076 2031 1085 2046 ‚
1099 2017 1116 2037 e
1132 2016 1280 2038 numero
1295 2005 1486 2039 novenario
1497 2032 1506 2047 ‚

831 2058 890 2103 qui
906 2058 1134 2103 Pythagoreis
1146 2070 1314 2091 numerus
1329 2058 1508 2103 perfectis-

831 2111 937 2144 simus
945 2137 955 2152 ‚
966 2123 1091 2157 nempe
1102 2112 1145 2144 ab
1159 2111 1284 2156 impari
1299 2112 1429 2144 unitate
1439 2111 1508 2156 pri-

832 2176 890 2197 mo
911 2163 1122 2209 quadratus,
1144 2164 1325 2210 tribusque
1346 2172 1506 2198 constans

831 2218 1002 2251 ternariis.

888 2284 905 2303 2
917 2283 946 2304 1.
966 2270 1003 2304 Si
1016 2270 1116 2315 spado
1134 2269 1288 2303 Col'eusus
1303 2269 1383 2303 Ald.
1399 2271 1503 2306 Junt.

831 2323 945 2357 Colin.
978 2323 1115 2369 Gryph.
1150 2323 1187 2356 Si
1221 2323 1319 2368 spado
1354 2322 1505 2359 Cot-culus

831 2376 945 2409 Plant.
974 2376 1115 2409 Junian.
1147 2375 1308 2410 Pulman.
1334 2377 1441 2423 Lang.
1471 2387 1507 2413 et

831 2429 958 2475 Delph.
975 2429 1012 2462 Sl
1023 2429 1122 2474 spado
1137 2429 1286 2462 cltoredus
1303 2429 1411 2464 codex
1424 2432 1450 2464 F
1454 2432 1504 2465 lo-

832 2490 920 2515 rent.
946 2503 999 2508 —·
1023 2482 1132 2527 Spadu
1160 2482 1314 2523 Comum,
1344 2493 1408 2518 etc.
1433 2485 1505 2526 Qui

833 2535 976 2569 testibus
997 2535 1125 2569 evulsis
1142 2534 1185 2568 ad
1203 2536 1506 2583 impraegnandum

834 2588 1008 2633 impotens
1018 2596 1085 2629 est,
1097 2589 1169 2622 coit
1182 2597 1307 2623 tamen.
1322 2590 1354 2623 J.
1368 2591 1408 2625 C.
1419 2591 1503 2625 Seal.

834 2641 984 2675 Exercit.
1011 2642 1094 2685 275.
