1978 3305
423 203 518 256 324

791 201 854 242 M.
878 200 1020 242 VAL.
1060 199 1447 243 MARTIALIS

559 287 787 331 Nascentis
813 286 939 329 Circe
970 300 1099 344 quam
1130 284 1248 329 videt
1277 301 1353 328 ora
1384 277 1544 345 patriss

490 360 617 413 Haec,
647 359 864 416 Auguste,
883 364 1052 410 tamen,
1077 371 1173 415 quae
1198 355 1359 398 vertice
1388 355 1528 399 sidera
1553 354 1716 416 pulsat,

559 430 642 471 Par
672 426 827 470 domus
857 434 922 469 est
951 423 1086 469 coelo:
1113 425 1190 468 sed
1214 425 1358 469 minor
1387 435 1452 469 est
1480 425 1669 469 domino.

560 553 599 608 fl
625 566 768 622 πατέρ’
794 563 835 607 ὃν
863 563 991 623 Κίρκη
1014 567 1174 606 λεῦσσεν
1198 564 1470 623 ἀνισχόμενον.

491 630 591 679 Ᾱλλ’
616 633 748 695 οἷς-ρων
775 629 870 677 τόδε
900 628 1020 693 δῶμα
1044 633 1178 695 θιγὸν,
1209 641 1268 690 τῷ
1295 635 1363 694 μὲν
1385 634 1497 689 πόλῳ
1520 630 1605 677 ἶσον

560 694 735 748 fidem·
761 711 834 748 τοῦ
857 699 894 746 δ’
919 698 1020 747 ἰδίου
1049 709 1156 763 μεῖον
1184 702 1357 754 ἄνακτος
1383 705 1469 762 ἔφυ.

414 846 487 891 jam
509 844 560 877 sol
584 843 772 877 illustravit
790 851 890 876 tuum
909 842 1092 875 Palatium.

475 910 489 931 1
501 911 532 930 2.
546 898 616 929 Ραν
630 896 750 929 domus.
766 895 863 929 Licet
882 903 940 927 tua
957 893 1094 935 domus,

418 962 439 982 o
456 950 678 990 Domhiane,
700 947 885 982 altitudine
905 956 1008 992 atque
1027 959 1097 979 arn-

1153 840 1330 887 plitudine
1348 842 1469 875 caelurn
1482 849 1592 887 aequet
1603 867 1612 882 ‚
1625 850 1740 874 tamen
1756 853 1826 874 non

1155 902 1205 927 est
1230 895 1310 927 satis
1330 895 1443 939 ampla
1458 919 1467 935 ,
1489 907 1565 939 quae
1582 902 1616 927 te
1638 896 1754 928 Deum
1777 907 1829 927 ca-

1156 959 1239 991 pere
1257 947 1377 991 possit.
1396 947 1499 981 Conf.
1520 947 1642 992 Papin.
1657 947 1752 991 Sylv.
1774 951 1808 987 4.

956 1080 1295 1136 XXXVII.

818 1239 889 1266 AD
940 1237 1399 1266 POLYCHAflmum.
1421 1217 1441 1235 ⁴⁸

490 1368 633 1423 QUOD
661 1366 872 1409 Caietano
897 1362 1064 1418 reddis,
1088 1361 1402 1422 Polycharme‚
1429 1363 1630 1418 tabellas,

556 1435 694 1479 Millia
721 1444 764 1478 te
792 1442 970 1478 centum
997 1449 1102 1476 num
1129 1433 1329 1477 tribuisse
1359 1433 1517 1494 putas?

487 1508 654 1552 Debuit
682 1506 799 1558 haec,
825 1504 966 1564 inquis
991 1521 1000 1545 :
1028 1503 1105 1546 tibi
1135 1503 1271 1557 habe,
1292 1503 1602 1564 Polycharme,
1628 1503 1832 1559 tabellas,

554 1580 611 1621 Et
633 1578 844 1621 Caietano
871 1573 1002 1618 millia
1029 1573 1157 1618 crede
1182 1574 1283 1617 duo.

471 1715 485 1729 ¹
502 1717 690 1752 Hominem
711 1724 810 1749 notat
830 1715 886 1748 cui
905 1713 1000 1760 quod
1018 1727 1095 1748 mu-

419 1781 519 1806 tuum
547 1770 695 1816 sumpsit
729 1766 742 1808 (
763 1777 797 1802 et
833 1766 974 1813 quidem
1006 1780 1096 1813 saepe

418 1833 584 1858 mutuum
620 1820 765 1862 sumit),
802 1833 878 1854 mos
914 1833 1094 1866 nunquam

418 1877 578 1912 reddere.
611 1875 771 1909 Remittit
797 1872 939 1919 quidam
967 1874 1017 1907 illi
1039 1872 1098 1906 de-

419 1931 531 1964 bitum
547 1956 556 1972 ,
578 1937 612 1962 et
639 1927 771 1961 donum
796 1925 932 1959 dedisse
953 1939 988 1959 se
1005 1926 1096 1959 arbi-

419 1992 603 2017 tratur.--
614 1981 762 2014 Minime
775 2006 784 2021 ,
798 1979 843 2012 ait
863 1979 1003 2020 Noster,
1016 1991 1095 2011 nam

418 2037 476 2070 ille
503 2046 684 2081 nunquam
711 2030 948 2072 reddidisset;
976 2032 1097 2065 remit-

419 2098 487 2130 tas,
505 2101 576 2122 non
604 2087 780 2126 remittas,
802 2083 950 2131 perinde
972 2093 1032 2117 est.
1054 2085 1097 2117 At

418 2141 521 2175 crede
539 2153 676 2174 rursum
700 2138 884 2184 pecuniam
898 2164 906 2179 ,
927 2137 981 2170 vel
999 2137 1099 2170 mini·

419 2207 510 2228 niam
530 2188 650 2240 (quam
673 2192 778 2225 scilic.
799 2203 871 2224 non
891 2184 1049 2233 reddet),
1062 2188 1098 2222 id

419 2246 552 2281 donum
571 2247 648 2280 erit.
669 2245 735 2278 En.

478 2313 508 2334 1.
522 2299 764 2345 Polycharmum
776 2325 784 2337 ,
803 2295 923 2330 addito
937 2297 955 2328 Ιι
973 2303 1051 2342 post
1063 2309 1095 2336 c,

420 2353 616 2392 scribimus,
634 2350 729 2397 quod
745 2351 874 2385 Graecae
891 2350 1098 2394 ἐτυμολογίας

1155 1714 1245 1748 ratio
1256 1715 1423 1760 imperat3
1439 1714 1521 1748 licet
1543 1714 1618 1748 aliis
1635 1715 1748 1749 aliter.
1764 1715 1831 1748 En.

1213 1780 1245 1799 2.
1282 1767 1392 1800 Millia
1429 1775 1594 1800 tercentum
1625 1781 1687 1800 non
1722 1767 1832 1802 codex

1156 1820 1356 1853 Pulmanui.
1368 1820 1476 1853 Millia
1492 1829 1522 1853 te
1535 1829 1654 1853 centum
1669 1834 1731 1854 uon
1751 1821 1831 1855 Ald.

1156 1873 1256 1907 Junt.
1271 1873 1385 1907 Colin.
1402 1873 1538 1919 Grypb.
1554 1881 1618 1907 etc.
1633 1875 1834 1920 Utrumque

1158 1926 1271 1960 minus
1301 1927 1400 1959 bene.
1430 1927 1538 1959 Millia
1564 1934 1592 1959 te
1610 1935 1735 1960 centum
1761 1940 1833 1960 num

1156 1979 1268 2012 Plant.
1286 1979 1430 2012 Junian.
1445 1979 1574 2024 Delph.
1593 1979 1696 2014 Grut.
1719 1980 1832 2013 Scriv.

1157 2040 1190 2065 et
1207 2031 1548 2065 Schrevel.—Millia
1562 2045 1573 2066 :
1585 2033 1694 2066 millia
1709 2046 1834 2078 nempe

1158 2093 1368 2118 sestertium.

1215 2141 1248 2178 4.
1272 2137 1380 2170 Miltia
1412 2137 1506 2170 redde
1533 2137 1595 2171 duo
1627 2137 1834 2172 Reverlandi

1158 2190 1235 2223 MS.
1252 2190 1320 2223 Alii
1344 2190 1432 2222 crede
1452 2198 1517 2224 luo.
1536 2211 1589 2217 —
1605 2192 1715 2225 Millia
1732 2192 1831 2226 crede.

1158 2244 1291 2277 Rursus
1318 2243 1501 2289 pecuniam
1529 2243 1573 2278 da
1613 2253 1757 2286 mutuo.
1786 2246 1835 2280 sic

1159 2308 1239 2329 vere
1261 2297 1452 2330 munificus
1472 2296 1658 2332 videberis.
1676 2297 1761 2332 Vid.
1780 2311 1836 2332 su-

1160 2362 1221 2394 pra
1243 2348 1286 2383 ad
1305 2359 1378 2384 not.
1405 2349 1564 2394 primam.
