1978 3305
419 202 484 257 [26

801 202 864 244 M.
887 202 1026 245 VAL.
1066 197 1456 243 MARTIALIS

559 290 652 334 Nec
676 289 818 334 minus
841 289 886 332 in
905 286 1093 334 Calabra
1118 285 1389 346 suspiciende
1411 285 1522 347 lyra3

489 359 631 403 Differ
655 376 766 420 opus
788 376 797 402 :
821 375 901 402 nec
929 368 972 403 te
998 353 1173 401 facundi
1198 371 1327 400 scena
1356 355 1518 400 Catulli

558 430 791 484 Detineat,
816 427 942 472 cultis
975 437 1052 471 aut
1079 424 1230 486 Elegia
1257 425 1406 470 comis.

487 499 573 544 Sed
597 498 692 560 lege
715 499 886 543 fumoso
911 514 1000 542 non
1026 493 1299 559 aspernanda
1318 495 1554 540 Decembri
1820 518 1833 541 5

559 569 789 624 Carmina,
816 569 1050 612 mittuntur
1078 583 1175 629 quae
1203 565 1283 610 tibi
1306 582 1454 610 mense
1477 583 1570 610 suo.

489 638 777 683 Commodius
804 639 887 683 nisi
916 638 1029 682 forte
1056 638 1159 692 tibi,
1184 636 1415 698 potiusque
1443 636 1634 693 videtur,

560 708 865 754 Saturnalitias
893 709 1100 770 perdere,
1120 709 1288 763 Varro,
1312 723 1459 752 nuces.

418 845 509 881 Vide
521 859 643 892 supra,
657 847 778 893 Epigr.
794 860 828 890 v,
846 848 866 881 8
884 858 893 880 ε
914 863 928 877 «ι
947 844 1092 881 Grande

417 901 597 933 cothurnati
612 913 705 946 pone
721 900 877 934 Maronis
898 912 1006 945 opus;
1022 917 1036 929 ιι
1057 907 1093 932 et

418 953 480 986 lib.
500 953 576 993 III,
598 953 707 998 epigr.
726 966 791 994 xx,
813 965 857 998 73
885 970 898 982 α
917 954 962 986 At
982 953 1020 986 in
1040 965 1094 984 co-

424 1006 545 1039 thur-nis
562 1005 730 1040 horridus
746 1004 1095 1051 Soplzoclcis.nVirgil.

419 1058 493 1092 Ecl.
510 1060 600 1091 VIII
611 1083 620 1099 ‚
644 1071 710 1100 10;
731 1075 744 1088 α
757 1059 836 1092 Sola
852 1058 1024 1103 Sophocleo
1037 1065 1096 1090 tua

420 1111 575 1145 carmina
588 1111 692 1157 digna
704 1112 876 1150 cotlzurn05
893 1128 906 1140 n
921 1110 966 1144 de
975 1109 1097 1144 Asinio

421 1164 592 1205 Pollione,
602 1177 664 1197 suo
673 1173 824 1210 patrono
832 1189 841 1205 ‚
853 1162 1098 1210 tragoediarum

422 1226 457 1251 et
486 1217 712 1250 historiarum
736 1217 909 1263 scriptore
935 1215 1098 1249 altisono.

423 1269 517 1303 Vide
538 1277 637 1303 notas
654 1269 691 1302 in
713 1269 841 1315 virgil.
861 1276 989 1303 nostrae
1003 1267 1099 1303 Edit.

424 1331 509 1356 tom.
524 1323 559 1363 Ι,
578 1335 656 1368 pag.
684 1323 764 1357 180.
785 1322 852 1356 En.

478 1387 512 1409 2.
535 1375 617 1409 Ald.
638 1375 659 1408 J
663 1383 738 1409 unt.
759 1382 794 1408 et
814 1374 932 1409 Colin.
953 1375 986 1407 in
1012 1376 1100 1408 cala-

427 1428 483 1461 bra
505 1428 698 1473 suscipiende
716 1429 798 1474 lyra.
815 1447 868 1454 —-
885 1429 924 1461 In
948 1426 1098 1462 Calabra.

424 1483 492 1515 Per
506 1481 690 1515 Calabram
703 1481 817 1526 lyram
829 1481 887 1514 alii
899 1480 1100 1526 intelligunt

424 1546 544 1567 versus
574 1533 702 1579 lyricos
716 1559 725 1574 ‚
757 1546 910 1580 quorum
936 1533 1099 1579 princeps

423 1587 591 1621 Horatius
610 1587 812 1620 Venusinus
827 1612 836 1628 ‚
857 1586 1026 1621 Calabriae
1046 1587 1098 1620 vi-

424 1641 523 1673 cinus
536 1665 546 1681 ‚
566 1648 606 1673 ut
631 1639 705 1685 ipse
727 1647 874 1673 testatur
896 1640 951 1681 II,
970 1638 1039 1673 Sat.
1056 1652 1070 1673 1
1088 1654 1096 1673 :

429 1710 444 1723 m
461 1694 641 1733 Lucanus,
667 1706 712 1727 an
734 1693 894 1738 Appulus
921 1705 1060 1738 anceps.
1081 1710 1094 1723 ιι

424 1746 493 1779 Alii
517 1758 602 1779 vero
627 1745 827 1791 intelligunt
844 1757 966 1779 versus
982 1746 1099 1779 heroi-

424 1811 484 1833 cos
496 1820 506 1837 ‚
518 1798 648 1844 quibus
660 1798 779 1832 floruit
793 1799 928 1832 Ennius
942 1799 1100 1841 Calaber,

424 1860 529 1885 natus
548 1852 678 1897 quippe
696 1852 799 1886 Aletii
813 1877 824 1892 ,
850 1851 959 1885 hodie
986 1853 1100 1891 Lecci;

425 1905 484 1938 alii
502 1905 626 1938 volunt
640 1903 783 1945 Rudiis‚
800 1905 837 1938 in
854 1905 1026 1939 Calabria.
1041 1905 1102 1938 Ju-

423 1956 518 1991 dicet
537 1958 659 1991 lector.

482 2010 515 2043 3.
541 2011 609 2044 Nec
637 2019 665 2043 te
689 2010 828 2053 facundi
849 2024 949 2044 scema
979 2009 1102 2043 Catulli

427 2062 636 2097 Beverlandi
653 2063 896 2107 {VIS—Differ
911 2076 996 2108 opus.
1009 2063 1102 2109 Ope-

426 2129 503 2150 rosn
516 2117 670 2150 carmina
683 2129 747 2162 per
765 2116 846 2150 istas
861 2116 1101 2150 Saturnalitias

426 2170 527 2203 ferias
542 2170 718 2216 paulisper
736 2170 927 2203 intermitte
944 2182 952 2203 :
969 2169 1099 2202 leviora

429 2232 462 2256 et
473 2225 588 2267 jocosa
598 2223 684 2268 lege.
698 2223 825 2256 ED.-—
835 2222 946 2256 Scena.
961 2222 1098 2256 Nomen

427 2288 538 2309 sconae
559 2275 706 2310 dramati
724 2277 899 2310 convenit.
921 2276 983 2309 Est
998 2287 1100 2309 scena

427 2328 572 2374 proprie
605 2329 852 2363 umbraculum
868 2355 877 2370 ,
905 2341 966 2362 seu
999 2340 1101 2362 orna-

428 2390 584 2415 mentum
608 2382 754 2423 tlieatri3
770 2395 835 2427 pro
852 2382 923 2428 ipsa
938 2380 1102 2426 tragoedia

429 2435 588 2467 sumitur.
612 2435 678 2468 En.
693 2457 744 2461 —
760 2435 860 2468 Scena
884 2435 1016 2468 Camilli.
1038 2434 1103 2467 Mi-

431 2500 502 2520 mos
522 2489 610 2520 forti·
632 2489 791 2532 intelligit
815 2502 832 2520 a
858 2488 996 2522 Catullo
1018 2488 1102 2520 scri-

1149 854 1241 892 ptos.
1254 847 1381 880 Juven.
1400 844 1472 879 Sat.
1494 856 1583 886 v111‚
1602 846 1673 880 186
1690 857 1701 888 ;
1719 859 1732 873 «ι
1765 846 1834 880 cla-

1151 912 1289 933 mosum
1308 910 1424 944 ageres
1440 906 1481 931 ut
1496 898 1640 944 phasma
1662 899 1803 936 Catulli.
1814 917 1827 929 n

1152 952 1230 986 Hoc
1253 960 1322 988 est,
1347 951 1500 984 fabulam
1521 950 1652 985 dictam
1667 951 1832 996 phasma,

1154 1003 1192 1037 id
1211 1013 1282 1047 est,
1303 1011 1480 1049 spectrum
1495 1029 1504 1044 ‚
1519 1016 1538 1037 a
1557 1004 1696 1037 Catullo
1712 1005 1835 1038 mimo-

1156 1057 1290 1103 grapho
1305 1056 1481 1102 scriptam.
1494 1054 1652 1090 Raderus
1661 1056 1834 1103 interpre-

1157 1118 1250 1144 tatur
1267 1109 1471 1144 suavitatem
1495 1121 1661 1143 versuum
1682 1109 1833 1152 Catulli,

1157 1170 1193 1197 et
1212 1162 1444 1196 amoenitatem
1458 1187 1468 1202 ,
1488 1174 1564 1207 quae
1587 1174 1709 1196 omnes
1729 1162 1835 1196 etiam

1157 1228 1340 1250 scenarum
1356 1215 1553 1261 voluptates
1567 1222 1720 1260 superet.

1214 1273 1248 1310 4.
1273 1268 1376 1302 Cultis
1394 1275 1453 1301 aut
1470 1268 1582 1312 elegia.
1604 1267 1742 1314 Stylum
1759 1268 1833 1302 cul-

1158 1329 1234 1354 tum
1264 1320 1413 1367 requirit
1441 1320 1561 1366 elegia.
1592 1320 1688 1355 Hinc
1721 1321 1836 1355 cultus

1159 1374 1323 1408 Tibullus
1333 1373 1475 1408 dicitur.
1484 1392 1537 1400 --
1548 1374 1678 1419 Elegia.
1687 1364 1835 1408 Carmen

1158 1428 1266 1473 vulgo
1278 1427 1426 1472 lugubre
1439 1452 1448 1468 ,
1460 1434 1620 1460 constans
1633 1427 1774 1461 alternis
1788 1426 1836 1460 vi-

1159 1480 1256 1514 cibus
1297 1480 1501 1513 hexametro
1538 1487 1572 1513 et
1612 1487 1835 1524 pentametro

1157 1545 1272 1567 versu.
1288 1534 1340 1566 De
1355 1532 1496 1567 Catullo
1507 1533 1578 1577 jam
1594 1531 1728 1566 dictum
1739 1558 1749 1575 ‚
1765 1531 1835 1579 epi-

1158 1594 1348 1632 grammate
1369 1598 1406 1626 1,
1428 1587 1462 1620 8.

1215 1639 1248 1673 5.
1268 1639 1416 1672 Fumoso.
1437 1637 1536 1672 calet
1550 1637 1643 1671 enim
1659 1637 1718 1672 hic
1736 1649 1836 1672 men-

1159 1691 1205 1726 sis
1237 1691 1338 1732 foco;
1375 1699 1409 1725 et
1430 1689 1515 1724 inde
1538 1691 1666 1725 fumus.
1688 1712 1740 1718 —
1759 1691 1836 1726 Non

1160 1744 1358 1790 aspernanda
1364 1769 1448 1777 .....
1464 1742 1616 1777 Carmina
1630 1770 1639 1784 ‚
1671 1751 1737 1777 etc.
1756 1744 1837 1777 Mea

1159 1797 1244 1832 haec.
1264 1818 1316 1825 —-
1335 1797 1512 1830 Decembri.
1528 1797 1624 1829 Laeto
1644 1795 1836 1830 Saturnali-

1159 1851 1226 1884 bus
1241 1859 1275 1884 et
1287 1849 1450 1884 libertate
1467 1849 1672 1891 Decembri3
1686 1847 1837 1895 proinde

1157 1904 1245 1948 jocis
1266 1903 1320 1936 his
1339 1903 1425 1936 meis
1441 1910 1534 1948 apt0.

1214 1959 1250 1990 6.
1271 1956 1448 1990 Mittuntur
1465 1968 1535 2002 quae
1552 1955 1611 1988 tibi
1636 1968 1737 1988 mense
1756 1968 1837 1989 novo

1159 2009 1195 2042 in
1215 2009 1350 2043 Beverl.
1373 2030 1425 2035 —-
1450 2009 1533 2053 (211oe
1558 2007 1616 2041 tihi
1643 2021 1742 2041 mense
1767 2022 1834 2042 suo.

1160 2063 1242 2096 Haec
1259 2074 1386 2107 nempe
1405 2062 1653 2108 epigrammata
1673 2061 1752 2096 laeto
1771 2062 1837 2095 De-

1158 2115 1291 2149 cembri
1320 2115 1557 2154 conveniunt,
1584 2126 1655 2159 quo
1683 2122 1836 2159 aguntur

1160 2168 1366 2202 Saturnalia.

1214 2223 1249 2255 8.
1278 2221 1517 2255 Saturnalicias.
1549 2219 1623 2253 Nisi
1654 2219 1762 2254 mavis
1792 2217 1837 2253 de

1161 2286 1260 2307 more
1274 2273 1396 2307 ludere
1410 2273 1487 2307 talis
1503 2282 1537 2307 ct
1553 2271 1703 2318 perdere
1718 2284 1836 2306 nuces.

1163 2327 1220 2361 Sic
1241 2327 1390 2360 maxime
1407 2325 1574 2371 deprimit
1590 2339 1625 2359 se
1647 2325 1816 2359 Martialis
1828 2351 1837 2366 ‚

1162 2380 1222 2425 qui
1236 2392 1380 2414 suorum
1397 2392 1561 2413 versuum
1578 2379 1718 2412 lectioni
1732 2378 1834 2412 etiam

1162 2432 1396 2479 proefcrendas
1408 2445 1515 2478 nugas
1526 2445 1665 2466 censere
1680 2430 1835 2471 vidi-tum

1164 2495 1223 2520 aut
1241 2486 1357 2532 potius
1376 2486 1468 2532 ipsos
1487 2494 1673 2530 nugatores
1685 2484 1807 2530 carpit.
