1978 3305
386 238 975 283 EPIGRAMMATUM
1011 239 1138 281 LIB.
1169 238 1316 281 VIII.
1472 237 1569 300 349

367 327 532 371 Vincas
562 324 742 369 mollitie
772 334 986 370 tremente
1013 324 1207 386 plumas,

367 398 457 441 Aut
485 412 672 441 massam
701 395 834 440 modo
859 395 981 441 lactis
1007 395 1191 456 alligati3

368 469 426 511 Et
450 466 548 511 talis
572 475 720 511 tumor
744 466 903 511 excitet
930 464 1133 528 papillas,

366 536 529 594 Quales
554 536 690 581 cruda
715 537 811 580 viro
836 535 982 597 puella
1007 545 1179 580 servat:

361 609 428 651 Tu
450 607 597 661 nobis,
620 605 768 667 Clyte,
793 606 882 666 jam
909 622 1037 650 senex
1064 606 1232 650 videris.

361 679 469 721 Tam
496 676 655 721 multos
675 676 771 736 quis
794 676 909 720 enirn
931 676 1061 720 fuisse
1082 676 1230 720 credat

360 746 537 791 Natales
558 746 772 790 Priamive
785 781 796 801 ‚
821 744 1104 790 Nestorisve?

361 818 426 861 Sit
445 816 622 861 tandem
642 816 808 877 pudor,
829 825 872 860 et
894 816 1052 860 modus
1075 817 1247 877 rapinis.

360 887 494 944 Quod
520 887 554 931 si
579 886 690 931 ludis
713 886 882 942 adhuc,
907 886 1126 947 semelque
1156 888 1274 931 nasci

356 959 459 1001 Uno
479 958 570 1018 jam
592 957 670 1001 tibi
690 974 780 1001 non
800 965 865 1001 sat
886 967 951 1001 est
972 958 1016 1000 in
1037 973 1177 1011 ann03

357 1029 523 1072 Natum
547 1037 590 1071 te
604 1064 616 1084 ‚
637 1027 787 1089 Clyte,
809 1044 890 1072 nec
913 1027 1044 1072 semel
1068 1027 1245 1088 putabo.

201 1180 234 1211 9.
255 1167 397 1200 Massam
418 1167 521 1207 modo,
542 1175 607 1201 etc.
628 1167 760 1201 Metam
775 1167 824 1200 la·
884 1167 990 1201 verba
1009 1166 1089 1210 das,
1106 1166 1270 1201 fraudem
1284 1174 1413 1210 tentas3
1432 1167 1493 1202 sed
1508 1170 1563 1215 jo-

144 1219 209 1254 ctis
234 1220 418 1265 coagulati.
438 1219 533 1253 Vide
557 1220 618 1253 lib.
648 1220 686 1261 I,
713 1220 822 1266 epigr.
882 1221 970 1254 caris
991 1220 1079 1254 male
1100 1220 1221 1262 salsus,
1240 1220 1339 1266 quod
1355 1222 1509 1263 Gallice,
1529 1230 1561 1255 tu

144 1285 241 1314 xmv,
258 1285 306 1306 vs.
330 1286 365 1318 7.
881 1273 1010 1306 badines
1021 1278 1034 1306 .'
1049 1274 1117 1306 En.

201 1338 216 1358 1
228 1325 388 1359 1.Cruda.
399 1325 585 1359 Horatium
593 1325 748 1359 imitatus
758 1326 820 1371 qui
937 1328 993 1361 18.
1026 1326 1139 1373 Clyte,
1161 1328 1233 1370 jam
1258 1328 1353 1360 semel
1371 1327 1492 1372 putabo
1519 1327 1557 1360 in

143 1378 206 1412 lib.
235 1378 290 1411 III
305 1404 314 1420 ‚
342 1377 401 1412 od.
430 1390 468 1411 XI
480 1403 489 1419 ‚
515 1390 564 1411 vs.
596 1390 611 1411 1
624 1391 638 1411 1
669 1389 677 1411 :
711 1395 725 1408 α
743 1378 819 1412 Nu·
879 1377 984 1412 codd.
998 1380 1081 1412 Vat.
1095 1387 1129 1413 et
1144 1379 1298 1413 Florent.
1314 1402 1368 1406 —
1382 1381 1451 1414 Nec
1465 1381 1560 1413 semel

141 1432 293 1476 ptiarum
313 1443 436 1477 expers
445 1456 454 1472 ‚
472 1439 506 1464 et
522 1430 637 1465 adhuc
653 1438 819 1477 protervo
873 1432 1005 1476 putabo,
1017 1431 1093 1464 Hoc
1104 1440 1172 1473 est,
1183 1440 1218 1464 te
1229 1432 1399 1478 negligam
1411 1432 1558 1478 perinde

143 1483 265 1518 Cruda
282 1484 418 1517 marito.
434 1501 448 1513 n
467 1484 534 1518 ΕΙ).
877 1497 917 1518 ac
933 1485 962 1518 si
977 1497 1023 1517 ne
1041 1485 1147 1517 semel
1165 1484 1311 1530 quidem
1328 1494 1429 1519 natus
1446 1498 1534 1519 esses
1545 1511 1555 1528 ,

199 1549 213 1570 1
224 1537 255 1570 5.
273 1536 325 1570 Sit
335 1537 450 1582 pudor.
468 1535 603 1570 Pudeat
619 1544 673 1579 te,
689 1544 724 1570 et
740 1535 820 1571 finis
879 1549 944 1571 nec
957 1549 1112 1583 unquam
1129 1549 1276 1570 munera
1292 1537 1336 1571 ad
1356 1547 1390 1572 te
1405 1539 1554 1572 mittam.

142 1589 344 1635 imponatur
364 1589 432 1623 tuis
449 1589 592 1635 rapinis.
879 1589 1082 1636 Suspicatus
1111 1598 1162 1623 est
1193 1589 1336 1635 quidam
1372 1592 1474 1625 tacite
1498 1592 1557 1625 hic

198 1645 256 1676 16.
278 1643 390 1676 Ludis.
412 1642 512 1684 Non,
531 1650 572 1675 ut
592 1642 739 1676 obvium
765 1642 818 1675 vi·
878 1643 1039 1689 spurium
1051 1643 1180 1684 notari,
1198 1642 1242 1676 de
1251 1645 1351 1689 cujus
1360 1645 1468 1679 natali
1482 1657 1555 1678 non

139 1693 245 1728 detur
259 1703 293 1729 et
304 1696 393 1729 bene
405 1695 507 1729 multi
520 1703 644 1741 putant
655 1721 665 1737 ‚
680 1694 798 1729 illudis
808 1721 817 1737 ‚
878 1704 1023 1730 constet.
1042 1696 1063 1729 J
1067 1694 1183 1730 udicet
1206 1696 1326 1730 lector.

586 1979 652 2007 AD
690 1958 1100 2008 DOMITIANURL*

210 2107 299 2149 Hm
325 2104 399 2149 ubi
424 2106 627 2148 Fortunae
651 2103 841 2148 Reducis
864 2103 1074 2165 fulgentia
1100 2103 1184 2148 late

208 2233 315 2288 &voa
333 2246 469 2304 Τύχης
494 2239 699 2304 δέδμηται
719 2236 965 2304 Ᾱποςρόφου
988 2239 1081 2294 ὀξέα
1096 2243 1269 2303 λάμπων

190 2378 202 2393 ”
235 2382 318 2416 Post
351 2382 533 2416 victoriam
567 2381 814 2421 Sarmaticam,
875 2381 976 2414 multi
996 2390 1094 2414 erant
1112 2394 1175 2427 per
1193 2381 1317 2415 urbem
1335 2381 1491 2424 conditi,
1513 2394 1552 2418 ut

134 2449 256 2470 arcum
273 2436 462 2469 maximum
480 2434 729 2479 triumphalem
748 2434 813 2466 sibi
874 2434 935 2466 uni
953 2446 993 2467 ex
1012 2434 1052 2468 iis
1070 2447 1178 2479 graece
1192 2434 1343 2480 quodam
1355 2437 1434 2470 satis
1444 2436 1552 2470 facete

132 2489 221 2535 poni
235 2489 336 2535 jussit
352 2488 586 2528 Domitianus,
601 2499 707 2532 quem
721 2498 811 2532 prae—
874 2486 981 2520 fuerit
1000 2486 1211 2532 inscriptum
1222 2514 1231 2529 ‚
1250 2489 1338 2533 ἀρκεῖ
1350 2512 1359 2528 ,
1378 2488 1506 2534 .ςις[[ι“εἰι.

133 2551 187 2576 ter
214 2543 280 2576 alia
309 2541 402 2575 illius
432 2552 537 2587 opera
568 2540 719 2573 celebrat
745 2539 812 2572 hoc
930 2552 960 2573 1.
979 2539 1114 2572 Reducis
1124 2540 1287 2585 fulgentia
1302 2542 1375 2575 late.
1392 2543 1549 2587 Augusto

133 2596 242 2641 epigr.
278 2593 459 2629 Martialis.
500 2595 610 2627 Arcus
641 2592 757 2626 statim
794 2603 812 2624 a
871 2591 918 2624 ob
937 2591 1112 2636 reditum,
1132 2606 1189 2626 ara
1210 2594 1376 2628 Fortunae
1398 2594 1549 2628 Reducis

133 2656 246 2682 morte
279 2649 354 2694 ejus
386 2656 466 2681 sunt
494 2645 692 2680 disturbati.
722 2645 808 2677 Tam
871 2654 1080 2679 consecrata.
1104 2647 1209 2680 Dion.
1231 2647 1291 2680 lib.
1310 2647 1403 2680 LIV.
1429 2648 1549 2680 Domi-
