1978 3305
842 252 902 294 M.
926 250 1064 293 VAL.
1104 247 1326 291 MARTI
1343 247 1371 288 A
1388 246 1494 288 1215

1014 383 1322 441 LXXXI.

979 517 1046 545 DE
1101 493 1363 556 GELLle*

682 621 790 665 Nom
815 636 894 680 per
920 618 1101 679 mystica
1125 631 1245 661 sacra
1271 614 1590 675 Dindymenes,

682 693 776 736 Nec
805 707 883 752 per
910 688 1091 732 Niliacae
1122 687 1278 731 bovem
1305 688 1528 746 juvencae,

685 760 841 805 Nullos
870 759 1056 819 denique
1081 774 1160 820 per
1185 759 1325 811 Deos,
1351 758 1553 816 Deasque

685 835 810 876 Jurat
837 829 1007 885 Gellia3
1036 828 1110 872 sed
1141 844 1219 888 per
1248 827 1446 870 uniones.

690 905 782 946 Hos
810 900 1109 962 amplectitur,
1136 897 1218 942 hos
1248 896 1551 950 deosculatur3

690 975 782 1016 Hos
807 971 960 1015 fratres
986 978 1138 1024 vocat,
1164 967 1247 1011 hos
1267 976 1396 1011 vocat
1418 984 1616 1022 sorores;

692 1045 784 1087 Hos
813 1042 923 1085 natis
952 1049 1070 1083 amat
1094 1039 1234 1083 acrius
1258 1037 1441 1081 duobus.

696 1115 774 1157 His
805 1113 838 1156 si
867 1127 954 1172 quo
983 1119 1129 1154 careat
1152 1106 1318 1152 misella
1340 1123 1465 1161 casu,

695 1184 922 1226 Victuram
955 1189 1087 1242 negat
1116 1195 1207 1223 esse
1237 1195 1282 1223 se
1311 1195 1393 1222 nec
1420 1178 1586 1222 horam.

697 1254 822 1296 Eheu
844 1267 974 1313 quam
1001 1251 1112 1295 bene
1138 1266 1278 1304 nunc,
1300 1249 1526 1310 Papiriane
1541 1284 1552 1304 ,

700 1324 850 1368 Annaei
874 1322 1038 1366 faceret
1057 1337 1212 1365 manus
1237 1316 1409 1364 Sereni!

553 1442 567 1456 ''
588 1446 702 1481 Gellia
733 1445 804 1479 vita
835 1456 895 1477 sua
925 1443 1074 1476 cariores
1105 1442 1167 1476 ha-

495 1503 600 1536 bebat
622 1511 791 1546 gemmas,
815 1497 889 1530 sine
915 1496 1043 1542 quibus
1066 1507 1169 1541 nega-

497 1557 555 1589 bat
570 1567 605 1587 se
619 1565 718 1598 posse
732 1551 860 1584 vivere.
875 1550 980 1582 Poeta
992 1556 1170 1593 precatur,

501 1617 541 1642 ut
563 1620 581 1640 a
610 1607 687 1639 fure
710 1605 840 1638 Sereno
866 1614 1010 1648 gemmae
1035 1602 1174 1647 elepan-

501 1670 569 1702 tur,
583 1660 638 1693 vel
654 1658 765 1692 Gellia
787 1657 966 1690 moritura.
981 1656 1118 1688 Rimm.

562 1726 575 1747 1
587 1739 594 1746 .
609 1712 710 1746 Sacra
726 1710 950 1755 Dindymenes.
968 1707 1011 1741 Id
1027 1716 1094 1749 est,
1109 1707 1175 1752 Cy-

502 1766 597 1800 beles
611 1765 659 1798 sic
675 1764 774 1798 dictae
790 1777 806 1795 a
822 1761 1000 1808 Dindymo
1016 1761 1177 1806 Phrygiae

505 1827 626 1853 monte
639 1817 700 1851 ubi
716 1816 906 1850 colebatur.
920 1814 1058 1847 Dicitur
1072 1815 1176 1847 etiam

507 1870 739 1917 Berecynthia
763 1878 889 1909 mater,
916 1880 979 1913 per
1005 1868 1105 1912 cujus
1131 1879 1179 1900 sa-

508 1938 566 1959 cra
580 1926 695 1970 jurare
705 1922 859 1955 solebant
869 1920 1015 1965 antiqui.
1027 1921 1103 1953 Lib.
1114 1920 1179 1960 IV,

509 1979 621 2025 epigr.
642 1987 754 2016 xmu,
770 1987 820 2008 vs.
837 1974 856 2006 8
877 1985 885 2006 ε
903 1991 916 2003 ι
934 1974 1023 2006 Juro
1043 1985 1104 2019 per
1120 1973 1180 2005 Be-

510 2029 711 2077 recynthios
732 2028 878 2061 furores.
899 2043 912 2055 n

568 2097 601 2117 α.
623 2082 762 2116 Niliacae
782 2081 897 2113 bovem.
920 2078 995 2111 Hoc
1019 2087 1068 2111 est
1083 2103 1092 2119 ‚
1116 2090 1180 2111 nec

513 2150 575 2184 per
591 2135 694 2182 Apim
711 2135 837 2167 bovem
848 2158 858 2175 ,
874 2132 937 2165 sub
955 2132 1052 2177 cujus
1070 2131 1182 2176 specie

514 2188 671 2237 AEgyptii
691 2187 852 2220 colebant
871 2185 1001 2218 Osirim
1014 2210 1023 2225 ,
1044 2185 1098 2217 cui
1122 2197 1184 2217 nu-

513 2243 583 2291 psit
609 2241 672 2275 Isis
703 2238 945 2286 AEgyptiorum
976 2239 1046 2271 Dea
1074 2250 1113 2270 ex
1144 2238 1183 2270 Io

512 2307 625 2331 vacca.
648 2293 704 2327 Sic
724 2292 925 2326 Farnabius.

570 2353 602 2389 4.
621 2347 767 2381 Um'ones.
783 2344 1003 2390 Margaritas,
1019 2355 1183 2388 gemmas.

514 2403 580 2436 Per
596 2413 634 2435 ea
651 2411 734 2433 vero
752 2410 829 2444 quae
844 2397 909 2431 sibi
924 2397 1098 2430 carissima
1118 2396 1188 2430 fue-

515 2463 620 2496 runt,
638 2453 801 2500 jurabant
820 2451 976 2484 Veteres.

572 2508 605 2541 5.
621 2507 690 2540 Hos
702 2503 918 2551 pei-osculatur
932 2504 966 2537 in
980 2500 1186 2548 quibusdam

519 2559 632 2594 editis.

573 2616 606 2645 6.
635 2612 705 2644 Hos
724 2612 845 2653 fratres
875 2617 979 2642 vocat.
1010 2609 1030 2642 J
1035 2607 1188 2642 uvenalis

519 2665 669 2699 vividius
682 2664 785 2697 etiam
803 2663 992 2708 alloquitur
1003 2673 1163 2695 nummos
1177 2685 1186 2701 ‚

1226 1453 1330 1486 quam
1347 1438 1446 1486 quod
1465 1438 1509 1473 de
1527 1440 1716 1473 unionibus
1738 1440 1796 1474 hic
1815 1440 1900 1474 dicit

1227 1493 1416 1527 Martialis:
1438 1510 1451 1522 ‹-
1470 1493 1668 1534 Onummi,
1686 1493 1786 1526 vobis
1807 1494 1901 1527 hunc

1230 1554 1367 1592 praestat
1378 1547 1566 1588 honorem;
1580 1558 1641 1579 vos
1651 1546 1731 1580 estis
1741 1547 1873 1581 fratres.
1883 1565 1897 1577 ι-

1231 1600 1301 1633 Sat.
1333 1612 1367 1641 v,
1398 1612 1447 1633 vs.
1479 1600 1563 1633 136.
1590 1598 1747 1633 Edition.
1775 1608 1902 1634 nostrae

1232 1653 1362 1686 volum.
1383 1653 1418 1694 Ι,
1438 1665 1514 1698 pag.
1540 1665 1624 1696 291.
1642 1652 1709 1686 En.

1288 1718 1322 1750 7.
1344 1706 1415 1739 Hos
1438 1709 1519 1739 vatis
1535 1714 1621 1738 amat
1641 1705 1782 1740 exhibet
1805 1707 1902 1740 Junt.

1234 1771 1289 1792 an.
1306 1758 1346 1793 15
1358 1771 1372 1792 1
1383 1771 1416 1791 2.

1292 1824 1346 1845 10.
1367 1812 1550 1858 Pagrriane
1568 1812 1604 1845 in
1623 1809 1755 1845 eadem.

1293 1876 1307 1898 1
1321 1877 1351 1898 1.
1378 1866 1507 1898 Annoei.
1537 1865 1710 1898 Annaeum
1738 1865 1907 1898 Serenum

1237 1919 1348 1951 furem
1360 1917 1463 1951 fuisse
1474 1918 1666 1963 conjiciunt
1673 1918 1888 1963 Interpretes
1900 1943 1909 1958 ,

1237 1971 1279 2004 iis
1295 1971 1511 2016 temporibus
1528 1971 1758 2005 notissimum.
1772 1967 1910 2014 (Immo

1239 2024 1284 2057 ita
1298 2032 1422 2057 notum
1433 2050 1441 2065 ‚
1460 2033 1498 2057 ut
1517 2023 1600 2070 quid
1620 2024 1704 2058 furti
1719 2022 1910 2057 admisisset

1239 2089 1489 2122 supervacuum
1510 2076 1674 2122 judicarit
1695 2085 1798 2122 poeta
1819 2075 1911 2109 indi-

1240 2142 1341 2170 care;
1367 2128 1662 2175 quemadmodum
1682 2155 1691 2170 ,
1719 2129 1912 2175 imperante

1242 2184 1417 2229 Augusto,
1432 2183 1588 2217 Petillius
1603 2183 1661 2216 ille
1675 2183 1894 2228 Capitolinus
1904 2207 1914 2222 ,

1242 2235 1285 2269 de
1309 2248 1379 2281 quo
1401 2235 1587 2270 Horatius:
1611 2254 1624 2265 ιι
1640 2235 1775 2269 Mentio
1795 2235 1822 2268 si
1846 2247 1913 2278 qua

1244 2290 1294 2322 De
1305 2289 1494 2334 Capitolini
1506 2289 1606 2322 furtis
1622 2289 1745 2333 injecta
1761 2288 1886 2322 Petilli.
1897 2305 1910 2318 ι

1243 2342 1320 2375 Lib.
1336 2343 1370 2382 Ι,
1390 2350 1451 2375 sat.
1470 2354 1518 2383 iv,
1528 2354 1579 2375 vs.
1592 2347 1652 2386 94.
1664 2339 1915 2380 En.)Utinam,

1247 2407 1328 2441 ergo
1341 2395 1458 2440 inquit
1470 2395 1585 2431 Poeta,
1597 2394 1916 2431 Annaeusserenus.

1247 2448 1367 2482 Gelliae
1380 2448 1526 2481 uniones
1538 2447 1770 2481 subduxisset!
1781 2447 1915 2480 etiamsi

1248 2502 1304 2534 illa
1336 2512 1407 2546 prae
1435 2499 1558 2534 dolore
1586 2509 1792 2541 moreretur,
1814 2498 1916 2545 digna

1245 2553 1386 2601 quidem
1403 2563 1529 2594 morte,
1539 2553 1669 2600 quippe
1682 2565 1760 2598 quoe
1770 2553 1918 2586 uniones

1245 2607 1483 2642 vehementius
1502 2607 1635 2644 liberis.
1658 2606 1767 2639 imino
1786 2614 1820 2639 et
1843 2605 1918 2638 Diis

1248 2661 1328 2706 ipsis
1352 2668 1453 2693 amet.
