1978 3305
209 272 362 305 XXVII.

193 325 362 357 XXVIII.

229 377 363 410 XXIX.

248 430 362 462 XXX.

230 482 362 515 XXXI.

211 535 278 567 XX
285 534 362 567 XII.

192 587 362 619 XXXIII.

190 639 360 671 XXXIV.

210 690 362 724 XXXV.

192 743 362 776 XXXVI.

176 796 362 829 XXXVII.

155 849 361 882 XXXVIII.

188 901 361 934 XXXIX.

285 954 360 987 XL.

266 1007 360 1039 XLI.

247 1059 359 1092 XLII.

228 1112 360 1145 XLIII.

230 1164 359 1198 XLIV.

247 1217 360 1251 XLV.

229 1269 358 1303 XLVI.

210 1322 359 1355 XLVII.

193 1375 358 1408 XLVIII.

229 1427 358 1461 XLIX.

318 1481 358 1513 L.

298 1534 358 1567 LI.

279 1587 358 1620 LII.

262 1639 358 1672 LIII.

263 1692 358 1725 LIV.

282 1744 357 1778 LV.

263 1797 357 1831 LVI.

247 1849 358 1884 LVII.

226 1902 357 1937 LVIII.

264 1955 356 1989 LIX.

280 2009 355 2042 LX.

263 2061 356 2095 LXI.

242 2113 356 2147 LXII.

226 2166 357 2201 LXIII.

226 2219 356 2252 LXIV.

242 2271 356 2305 LXV.

225 2325 356 2359 LXVI.

207 2377 357 2411 LXVII.

190 2429 354 2463 LXVIII.

230 2483 356 2516 LXIX.

246 2536 355 2568 LXX.

226 2588 355 2621 LXXI.

210 2641 356 2674 LXXII.

684 185 965 228 TABULA.
1421 183 1521 248 679

390 268 444 303 Ad
466 270 630 303 Flaccum
669 293 1300 303 .................
1338 270 1419 317 Pag.
1446 275 1517 308 601

389 324 441 356 De
462 322 680 367 nephritico,
701 321 762 355 sed
782 321 985 367 phrenetico
1020 346 1419 357 ...........
1449 328 1520 361 602

390 374 445 408 Ad
467 373 665 420 Phyllidem
668 398 1421 410 ....................
1450 379 1520 412 603

389 428 429 459 In
449 427 589 460 Zoilum
635 451 1413 461 .....................
1445 432 1517 466 603

388 481 430 512 In
454 479 635 512 Caecilium
664 502 1415 514 ....................
1449 485 1520 526 604

387 532 429 565 In
449 531 630 564 Nestorem
665 552 1418 568 ....................
1447 537 1520 572 605

386 585 438 617 De
456 583 601 617 Prasino
631 608 1418 619 .....................
1450 590 1521 623 606

386 637 438 669 De
459 636 556 680 Apro
593 660 1418 672 ......................
1449 642 1519 688 607

389 687 446 721 Ad
469 688 654 721 Fabullum
709 713 1416 725 ...................
1446 695 1519 741 607

386 742 438 774 De
459 741 545 774 Caio
564 740 713 774 Proculo
740 766 748 772 .
780 767 787 773 .
819 765 826 773 .
857 765 864 772 .
889 754 892 757 ·
896 765 1416 777 ..............
1446 747 1520 782 608

387 794 429 826 In
449 793 585 826 Zoilum
623 817 1416 830 .....................
1448 800 1520 844 609

385 847 438 879 De
459 846 614 879 mulione
637 844 743 879 surdo
783 870 1418 882 .................
1449 853 1520 896 609

385 899 426 931 In
446 898 696 932 Charidemum
745 923 1417 935 ..................
1450 905 1469 935 6
1479 917 1521 940 10

386 952 437 985 De
456 952 618 997 Luperco
661 976 1416 987 ....................
1447 958 1468 988 6
1478 969 1491 990 1
1503 973 1518 994 1

385 1005 436 1037 De
456 1006 609 1049 Amynta
625 1029 1416 1041 .....................
1447 1009 1468 1042 6
1478 1021 1491 1042 1
1504 1025 1518 1046 1

384 1058 426 1089 In
447 1057 673 1090 Caecilianum
708 1081 1414 1094 ...................
1446 1063 1466 1093 6
1476 1075 1490 1096 1
1501 1078 1517 1098 2

384 1111 427 1142 In
448 1122 594 1143 uxorem
624 1134 1414 1146 .....................
1445 1116 1466 1147 6
1475 1127 1489 1148 1
1499 1119 1518 1152 3

384 1161 438 1195 Ad
461 1174 575 1195 senem
599 1162 724 1195 orbum
753 1187 1413 1198 ..................
1446 1168 1465 1200 6
1476 1176 1519 1212 14

383 1215 425 1247 In
448 1215 665 1248 cantharum
700 1239 1418 1252 ...................
1449 1222 1519 1264 614

383 1268 425 1300 In
443 1268 609 1300 Maevium
664 1292 1414 1303 ....................
1446 1274 1466 1304 6
1475 1285 1489 1306 1
1499 1277 1518 1310 5

383 1321 426 1353 In
447 1319 633 1354 Blattaram
660 1345 1413 1356 ....................
1446 1326 1466 1357 6
1476 1338 1489 1359 1
1498 1331 1518 1363 6

383 1374 425 1406 In
445 1373 568 1407 Silium
584 1373 743 1408 Italicum
761 1392 1294 1403 ..............
1325 1401 1333 1407 .
1366 1397 1374 1405 .
1408 1397 1416 1406 .
1448 1380 1518 1416 616

383 1427 435 1459 De
457 1425 542 1459 SlliO
567 1448 814 1456 .......
846 1452 854 1459 ,
885 1446 1413 1459 ..............
1445 1433 1465 1464 6
1476 1444 1488 1464 1
1498 1447 1518 1479 7

382 1480 423 1511 In
443 1478 604 1524 Phyllida
645 1498 1412 1512 ....................
1445 1485 1464 1515 6
1474 1496 1487 1517 1
1497 1489 1516 1521 8

382 1533 435 1565 De
455 1531 551 1565 Titio
571 1551 1412 1563 ......................
1444 1538 1464 1570 6
1474 1549 1516 1584 ¹9

382 1584 438 1618 Ad
455 1585 590 1618 Julium
611 1585 788 1618 Cerealem
840 1604 1413 1615 ···············
1445 1590 1465 1622 6
1475 1601 1489 1622 1
1498 1604 1518 1636 9

383 1639 436 1671 De
454 1637 600 1672 Claudia
619 1637 745 1671 Rufina
767 1657 1413 1670 .................
1445 1643 1489 1675 62
1501 1656 1515 1677 1

384 1691 425 1723 In
445 1690 581 1723 Zoilum
609 1708 1411 1722 .....................
1443 1696 1488 1728 62
1499 1710 1515 1730 2

384 1744 436 1776 De
457 1744 557 1789 Lupo
569 1768 579 1785 ‚
598 1742 643 1776 ad
662 1743 834 1777 Urbicum
882 1764 1410 1776 ..............
1443 1749 1515 1782 623

383 1797 425 1829 In
444 1796 708 1830 Chaeremonem
731 1817 1253 1827 ..............
1285 1823 1293 1829 .
1325 1819 1333 1826 .
1365 1819 1372 1827 .
1404 1820 1412 1828 .
1442 1802 1487 1833 62
1497 1803 1516 1836 3

383 1847 438 1882 Ad
459 1849 625 1882 Severum
649 1869 1411 1881 ....................
1444 1855 1488 1886 62
1497 1855 1515 1888 5

382 1902 424 1934 Iu
442 1902 694 1948 Telesphorum
718 1922 1410 1933 ..................
1443 1907 1516 1941 626

384 1959 435 1991 De
453 1954 607 1988 Charino
644 1975 1412 1987 ....................
1444 1961 1515 1994 628

384 2005 435 2039 De
457 2008 593 2041 Chione
610 2015 642 2040 et
657 2006 827 2053 Phlogide
848 2029 1410 2041 ...............
1442 2013 1515 2046 628

383 2059 434 2092 De
455 2060 620 2093 Manneio
643 2082 1410 2093 ....................
1441 2066 1512 2110 629

382 2113 435 2144 De
453 2113 577 2147 Lesbia
614 2133 1412 2145 .....................
1445 2119 1517 2153 630

382 2167 423 2199 In
442 2166 683 2199 Philomusum
723 2185 1406 2198 ..................
1439 2171 1485 2205 63
1495 2184 1510 2205 1

383 2220 424 2251 In
442 2219 607 2252 Faustum
637 2239 1406 2253 ....................
1439 2223 1484 2257 63
1494 2237 1508 2258 1

382 2273 426 2305 In
444 2271 466 2304 J
468 2272 621 2305 ustinum
633 2292 1407 2304 ....................
1439 2277 1511 2311 632

382 2325 424 2357 In
441 2325 630 2358 Vacerram
647 2346 657 2353 ·
687 2349 696 2357 .
727 2346 1408 2360 ..................
1439 2330 1512 2365 633

381 2378 422 2409 In
441 2377 621 2411 Maronem
642 2398 1406 2410 ....................
1437 2382 1483 2416 63
1490 2383 1510 2418 3

381 2429 435 2462 Ad
450 2429 653 2463 Mathonem
698 2451 1407 2463 ...................
1438 2434 1484 2468 63
1491 2441 1511 2477 4

381 2483 608 2528 Epitaphium
630 2482 724 2516 canis
742 2482 864 2528 Lydiae
919 2501 1406 2516 .............
1439 2487 1511 2529 634

380 2536 422 2568 In
443 2536 600 2569 Tuccam
649 2558 813 2566 .....
845 2562 851 2569 ,
883 2556 1409 2570 ..............
1439 2541 1510 2575 636

381 2589 432 2621 De
456 2587 549 2621 Leda
566 2609 1405 2621 ......................
1439 2594 1512 2638 637

382 2642 432 2674 De
448 2641 534 2675 Nata
563 2662 1404 2674 ......................
1437 2645 1509 2681 638
