1978 3305
374 262 962 305 EPIGRAMMATUM
1000 261 1124 304 LIB.
1164 261 1252 302 IX.

1404 256 1499 318 393

248 351 433 410 Propter
461 348 579 409 quod
607 347 761 409 vulgus
791 364 1017 409 crassaque
1043 347 1169 391 turba
1195 355 1348 406 rogat,

181 421 245 463 Ut
273 420 421 462 Setina
450 435 570 463 meos
599 429 824 463 consumat
854 418 979 479 gleba
1002 417 1192 478 ligones,

250 490 308 532 Et
335 498 459 533 sonet
485 490 712 533 innumera
741 488 950 550 compede
972 490 1138 532 Tuscus
1168 503 1294 547 ager3

181 559 243 602 Ut
270 560 415 603 Mauri
438 559 608 619 Libycis
638 568 814 603 centum
838 568 952 602 stent
978 558 1180 601 dentibus
1203 557 1350 613 orbes,

248 631 303 672 Et
333 639 482 690 crepet
508 630 552 672 in
582 629 738 672 nostris
766 644 897 672 aurea
922 627 1066 671 lamna
1095 628 1218 680 toris;

182 699 274 742 Nec
296 697 425 743 labris
445 700 525 742 nisi
547 713 706 758 magna
726 699 831 742 meis
852 696 1052 758 crystalla
1073 706 1287 750 terantur,

254 771 310 812 Et
333 769 492 813 faciant
512 770 655 829 nigras
674 778 825 812 nostra
846 767 1028 811 Falerna
1051 769 1193 821 nives,

182 839 244 882 Ut
271 839 559 883 Canusinatus
585 847 735 883 nostro
762 839 894 899 Syrus
926 853 1067 881 assere
1096 836 1244 891 sudet,

248 910 305 952 Et
334 924 431 953 mea
457 910 510 953 sit
538 907 655 953 culto
685 907 786 952 sella
813 907 967 952 cliente
995 907 1220 968 frequens3

180 978 347 1022 AEstuet
373 988 421 1022 ut
450 988 598 1023 nostro
625 978 822 1022 madidus
853 979 1038 1022 conviva
1063 978 1278 1030 ministro,

111 1123 245 1157 Plinius
266 1124 393 1157 Junior
413 1125 473 1158 lib.
496 1126 533 1166 I,
556 1124 655 1169 epist.
677 1136 780 1157 xV111.

112 1177 165 1209 An
185 1177 260 1222 ejus
277 1177 401 1218 frater,
420 1190 526 1223 quem
544 1177 672 1222 impius
693 1176 782 1209 Cali-

111 1229 190 1274 gula
210 1229 397 1266 interfecit,
426 1239 465 1263 ut
489 1239 538 1264 est
559 1228 652 1276 apud
676 1228 782 1262 Sene·

112 1293 206 1322 cam,
224 1281 286 1315 lib.
310 1282 363 1315 III
382 1281 425 1316 de
444 1284 522 1324 Ira,
543 1296 616 1329 cap.
639 1281 710 1315 33?

167 1346 199 1367 2.
221 1335 357 1379 Propter
380 1348 450 1380 quae
472 1335 508 1368 in
521 1334 662 1369 Gruteri
678 1332 781 1366 codd-

111 1406 162 1412 —-
177 1387 313 1432 Propter
333 1388 427 1433 quod.
449 1387 504 1421 Ad
520 1389 640 1422 luxum
660 1398 784 1432 nempe

112 1447 146 1472 et
161 1439 373 1486 voluptates,
392 1441 551 1487 plerique
569 1442 675 1487 vulgo
694 1439 783 1475 divi-

113 1492 176 1526 tias
191 1500 322 1538 optant.

167 1545 202 1579 3.
226 1545 271 1579 Ut
286 1545 407 1580 Setina.
428 1546 519 1580 Setia
534 1547 657 1581 civitas
677 1547 784 1587 Latii,

113 1596 208 1631 unde
224 1598 401 1643 optimum
419 1600 552 1633 vinum.
566 1599 703 1634 Adilib.
721 1601 785 1640 IV,

112 1650 222 1696 epigr.
241 1663 324 1685 inv
337 1677 345 1693 ,
363 1660 397 1685 et
414 1664 517 1698 supra
533 1653 644 1698 epigr.
661 1664 718 1686 111.

169 1707 202 1743 4.
220 1704 384 1736 Innumera
401 1706 554 1750 compede.
570 1706 646 1739 Hoc
665 1713 732 1749 est,
748 1714 786 1739 ut

113 1756 288 1789 innumeri
311 1757 402 1790 servi
426 1757 652 1804 compedibus
678 1758 786 1792 vincti

113 1821 202 1854 opus
221 1809 346 1843 faciant
363 1810 398 1843 in
417 1811 502 1844 meis
520 1811 668 1845 Etruriae
685 1811 785 1856 agris.

114 1861 191 1895 Lib.
213 1863 286 1903 ΠΙ,
311 1862 420 1908 epigr.
443 1876 539 1901 xxm,
564 1877 613 1897 vs.
642 1877 672 1898 1.
696 1864 785 1897 Vin-

114 1914 294 1948 ciebantur
311 1915 400 1948 servi
422 1916 458 1949 in
479 1916 578 1962 agris.
600 1916 761 1950 Tibullus
775 1941 784 1957 ,

115 1967 176 2001 lib.
194 1968 247 2006 II,
270 1971 291 2002 6
303 1992 313 2009 ,
332 1981 348 2000 2
359 1969 399 2001 5:
420 1970 540 2015 «Saepe
556 1969 659 2003 etiam
673 1968 786 2003 valida

116 2020 249 2054 solatur
273 2020 442 2067 compede
468 2023 646 2064 vinctum,
676 2022 786 2056 Crura

117 2081 242 2106 sonant
255 2074 367 2107 ferro:
382 2074 442 2108 sed
453 2075 545 2109 canit
554 2075 645 2109 inter
655 2087 753 2120 opus.
768 2092 781 2105 ι»

172 2126 206 2160 5.
229 2126 274 2159 Ut
292 2129 399 2171 magni
418 2126 623 2162 Beverlandi
639 2128 712 2161 MS.
735 2149 787 2155 -

122 2178 165 2210 Ue
185 2178 295 2212 Mauri
313 2179 449 2226 Libycis.
472 2180 547 2214 Hoc
572 2189 640 2222 est,
662 2193 788 2215 mensae

117 2230 225 2264 allatae
238 2244 278 2264 ex
294 2232 504 2266 Mauritania
521 2233 691 2279 impositae
707 2232 788 2267 den-

119 2282 211 2316 tibus
220 2284 374 2329 Libycis,
386 2284 422 2318 id
435 2295 501 2327 est,
514 2285 677 2320 dentibus
689 2287 790 2319 ebur·

118 2335 191 2369 neis
203 2337 465 2382 elephantorum
477 2363 486 2378 ,
499 2339 625 2384 quibus
637 2338 788 2372 abundat

119 2387 239 2433 Libya.
261 2389 338 2422 Lib.
357 2390 408 2431 II,
429 2391 535 2436 epigr.
551 2403 648 2424 1L111
670 2403 677 2423 ε
706 2409 718 2420 n
734 2392 789 2424 Tu

120 2440 271 2486 Libycos
290 2440 386 2475 Indis
418 2443 598 2488 suspendis
630 2443 791 2477 dentibus

119 2493 233 2527 orbes.
250 2511 264 2524 υ
285 2495 327 2527 Τὸ
345 2503 463 2528 centum
480 2496 569 2530 forte
585 2496 732 2529 refertur
748 2496 791 2529 ad

121 2546 218 2579 orbes.

177 2601 209 2632 6.
235 2600 363 2633 Lamum
387 2599 497 2634 codex
518 2601 713 2635 Pulmanni.
735 2602 792 2634 Li-

121 2651 256 2685 brarius
277 2654 398 2698 procul
423 2652 530 2687 dubio
556 2654 732 2688 invenerat
758 2655 792 2687 in

840 1123 1029 1168 exemplari
1038 1135 1112 1163 suo,
1120 1124 1214 1164 lama,
1222 1123 1244 1156 i.
1253 1135 1281 1156 e.
1291 1123 1406 1162 lamna,
1416 1120 1509 1166 quod

841 1184 874 1210 et
898 1178 1012 1209 lamma
1031 1175 1100 1221 legi
1120 1177 1246 1222 possit,
1270 1175 1298 1209 si
1319 1175 1385 1208 tale
1407 1174 1512 1207 fuerit

839 1229 995 1262 verbum.
1027 1227 1094 1262 Sed
1117 1230 1222 1272 lamna
1249 1236 1299 1261 est
1321 1227 1512 1260 contractio

840 1294 905 1327 pro
924 1282 1063 1321 lumina;
1081 1290 1115 1314 et
1130 1283 1198 1316 hoc
1218 1283 1330 1314 lamma
1346 1281 1412 1325 legi
1430 1292 1510 1325 pos-

841 1335 902 1375 sit,
927 1343 960 1369 et
984 1348 1025 1368 ex
1047 1334 1227 1381 marginali
1255 1335 1365 1379 glossa
1390 1332 1511 1367 verisi-

841 1388 923 1421 mile
945 1388 1109 1422 sin—Et
1124 1396 1235 1433 crepet.
1258 1388 1373 1420 Aurea
1388 1398 1512 1431 nempe

840 1442 977 1475 bractea
992 1442 1088 1484 lecti,
1101 1441 1229 1487 quibus
1242 1439 1512 1478 accumbebant,

841 1495 1064 1528 ornabantur.
1087 1494 1166 1528 Lib.
1184 1493 1292 1533 VIII,
1311 1505 1367 1537 ep.
1386 1503 1514 1524 xxxm-

896 1561 929 1592 7.
950 1547 1119 1594 Ctystalla.
1134 1548 1220 1589 Quae
1235 1544 1328 1591 apud
1342 1546 1514 1578 Romanos

842 1613 978 1634 summo
996 1608 1094 1634 erant
1112 1600 1148 1632 in
1171 1599 1294 1645 pretio,

897 1655 930 1687 8.
953 1653 1099 1693 Faciant,
1119 1660 1185 1686 etc.
1207 1653 1300 1685 Dum
1318 1651 1414 1684 nives
1435 1649 1514 1695 qui-

842 1706 907 1740 bus
925 1705 1072 1739 diluitur
1088 1704 1209 1739 vinum
1229 1704 1433 1744 Falernum,
1455 1703 1513 1735 ni-

842 1767 1006 1805 grescunt
1021 1771 1039 1791 a
1048 1759 1197 1792 vino.—
1207 1758 1415 1802 Nigrescunt
1429 1768 1512 1788 vero

843 1812 923 1858 quia
938 1812 1121 1844 Falernum
1137 1810 1294 1855 subnigri
1310 1809 1435 1843 coloris
1452 1816 1512 1841 est.

842 1865 921 1898 Lib.
941 1865 987 1906 V,
1005 1865 1112 1910 epigr.
1131 1876 1225 1897 LXIV.

898 1932 931 1962 9.
961 1917 1006 1950 Ue
1034 1917 1255 1951 Canusinatus.
1282 1916 1358 1949 Hoc
1383 1923 1450 1952 est,
1479 1923 1516 1945 ut

843 1970 932 2004 servi
949 1982 989 2003 ex
1008 1970 1107 2015 Syria
1123 1969 1219 2003 missi
1233 1969 1384 2002 vestibus
1397 1965 1515 2000 induti

844 2036 884 2056 ex
899 2024 977 2056 lana
995 2023 1170 2056 Canusina
1187 2021 1354 2055 confectis
1367 2046 1375 2061 ,
1392 2019 1435 2052 de
1449 2031 1514 2063 qua

842 2076 905 2110 lib.
921 2075 1020 2117 XIV,
1037 2077 1145 2121 epigr.
1165 2085 1283 2108 cxxvn
1299 2082 1332 2106 et
1347 2084 1516 2106 exitu.—

846 2130 959 2163 Assera
978 2129 1077 2162 sudet.
1099 2128 1142 2161 Id
1160 2136 1230 2168 est,
1250 2127 1313 2160 sub
1327 2125 1456 2158 lecticae
1474 2124 1515 2156 li·

845 2194 916 2227 gno
931 2181 1164 2226 prominenti,
1183 2181 1239 2214 cui
1253 2179 1340 2213 servi
1355 2178 1518 2211 humeros

846 2235 1035 2279 subjiciunt
1051 2246 1058 2266 :
1077 2234 1266 2267 Canusium
1282 2243 1366 2264 vero
1384 2229 1517 2275 Apulo-

846 2300 923 2321 rum
944 2287 1162 2319 Dauniorum
1181 2283 1362 2331 oppidum.

907 2351 961 2372 10.
985 2340 1154 2385 Frequens.
1180 2338 1322 2382 Stipata.
1347 2336 1420 2369 Nec
1440 2334 1518 2368 ideo

847 2400 930 2437 peto
961 2389 1114 2431 divitias,
1147 2399 1188 2424 ut
1217 2390 1360 2423 habeam
1390 2388 1518 2421 multos

849 2444 1153 2484 anteambulones‚
1183 2443 1326 2477 comites
1339 2467 1347 2483 ,
1378 2441 1518 2474 clientes

849 2505 990 2542 togatos.

909 2562 922 2582 1
936 2562 965 2582 1.
982 2550 1113 2582 AEsmet
1131 2557 1163 2581 ut
1182 2556 1296 2581 nostro.
1319 2548 1447 2579 Amore
1466 2546 1518 2578 ni·

854 2602 980 2635 mirum
996 2602 1104 2636 nostri
1126 2598 1349 2646 Ganymedis.
1364 2598 1446 2632 Vid.
1468 2598 1520 2630 in-

853 2655 919 2695 fra,
934 2655 1040 2700 epigr.
1064 2652 1404 2691 xxv1.-ll1adidus,
1426 2652 1519 2684 vino.
