<?xml version="1.0" encoding="UTF-8"?>
<!DOCTYPE html PUBLIC "-//W3C//DTD XHTML 1.0 Transitional//EN"
    "http://www.w3.org/TR/xhtml1/DTD/xhtml1-transitional.dtd">
<html xmlns="http://www.w3.org/1999/xhtml" xml:lang="en" lang="en">
 <head>
  <title>
</title>
<meta http-equiv="Content-Type" content="text/html;charset=utf-8" />
  <meta name='ocr-system' content='tesseract 3.04.00' />
  <meta name='ocr-capabilities' content='ocr_page ocr_carea ocr_par ocr_line ocrx_word'/>
</head>
<body>
  <div class='ocr_page' id='page_1' title='image "./epigrammata02martuoft/epigrammata02martuoft_0201.png"; bbox 0 0 1978 3305; ppageno 0'>
   <div class='ocr_carea' id='block_1_1' title="bbox 362 218 1213 262">
    <p class='ocr_par' dir='ltr' id='par_1_1' title="bbox 362 218 1213 262">
     <span class='ocr_line' id='line_1_1' title="bbox 362 218 1213 262; baseline -0.001 -2"><span class='ocrx_word' id='word_1_1' title='bbox 362 218 944 262; x_wconf 77' lang='lat' dir='ltr'><strong>EPIGRAMMATUM</strong></span> <span class='ocrx_word' id='word_1_2' title='bbox 978 218 1103 260; x_wconf 89' lang='lat' dir='ltr'><strong>LIB.</strong></span> <span class='ocrx_word' id='word_1_3' title='bbox 1129 218 1213 260; x_wconf 89' lang='lat' dir='ltr'>VI.</span> 
     </span>
    </p>
   </div>
   <div class='ocr_carea' id='block_1_2' title="bbox 1405 220 1496 281">
    <p class='ocr_par' dir='ltr' id='par_1_2' title="bbox 1405 220 1496 281">
     <span class='ocr_line' id='line_1_2' title="bbox 1405 220 1496 281; baseline -0.044 0"><span class='ocrx_word' id='word_1_4' title='bbox 1405 220 1496 281; x_wconf 71' lang='lat'>¹39</span> 
     </span>
    </p>
   </div>
   <div class='ocr_carea' id='block_1_3' title="bbox 599 368 992 426">
    <p class='ocr_par' dir='ltr' id='par_1_3' title="bbox 599 368 992 426">
     <span class='ocr_line' id='line_1_3' title="bbox 599 368 992 426; baseline 0.003 -2"><span class='ocrx_word' id='word_1_5' title='bbox 599 368 992 426; x_wconf 88' lang='lat' dir='ltr'><strong>LXXXVII.</strong></span> 
     </span>
    </p>
   </div>
   <div class='ocr_carea' id='block_1_4' title="bbox 581 525 985 555">
    <p class='ocr_par' dir='ltr' id='par_1_4' title="bbox 581 525 985 555">
     <span class='ocr_line' id='line_1_4' title="bbox 581 525 985 555; baseline 0 -1"><span class='ocrx_word' id='word_1_6' title='bbox 581 526 652 554; x_wconf 78' lang='lat' dir='ltr'>AD</span> <span class='ocrx_word' id='word_1_7' title='bbox 698 525 985 555; x_wconf 82' lang='lat' dir='ltr'><strong>CAESAREM.</strong></span> 
     </span>
    </p>
   </div>
   <div class='ocr_carea' id='block_1_5' title="bbox 159 636 1354 767">
    <p class='ocr_par' dir='ltr' id='par_1_5' title="bbox 159 636 1354 767">
     <span class='ocr_line' id='line_1_5' title="bbox 159 636 1354 698; baseline 0.002 -18"><span class='ocrx_word' id='word_1_8' title='bbox 159 638 220 680; x_wconf 85' lang='lat' dir='ltr'>D1</span> <span class='ocrx_word' id='word_1_9' title='bbox 245 637 323 680; x_wconf 84' lang='lat' dir='ltr'>tibi</span> <span class='ocrx_word' id='word_1_10' title='bbox 343 636 470 692; x_wconf 86' lang='lat' dir='ltr'>dent,</span> <span class='ocrx_word' id='word_1_11' title='bbox 493 647 537 681; x_wconf 86' lang='lat' dir='ltr'>et</span> <span class='ocrx_word' id='word_1_12' title='bbox 560 646 632 691; x_wconf 86' lang='lat' dir='ltr'>tu,</span> <span class='ocrx_word' id='word_1_13' title='bbox 656 638 823 692; x_wconf 83' lang='lat' dir='ltr'>Caesar,</span> <span class='ocrx_word' id='word_1_14' title='bbox 846 653 1132 698; x_wconf 74' lang='lat' dir='ltr'>quaecumque</span> <span class='ocrx_word' id='word_1_15' title='bbox 1158 640 1354 691; x_wconf 76' lang='lat' dir='ltr'>mereris3</span> 
     </span>
     <span class='ocr_line' id='line_1_6' title="bbox 227 706 1225 767; baseline 0.001 -17"><span class='ocrx_word' id='word_1_16' title='bbox 227 708 285 750; x_wconf 85' lang='lat' dir='ltr'>Di</span> <span class='ocrx_word' id='word_1_17' title='bbox 308 708 415 750; x_wconf 83' lang='lat' dir='ltr'>mihi</span> <span class='ocrx_word' id='word_1_18' title='bbox 441 707 569 763; x_wconf 84' lang='lat' dir='ltr'>dent,</span> <span class='ocrx_word' id='word_1_19' title='bbox 593 716 636 750; x_wconf 88' lang='lat' dir='ltr'>et</span> <span class='ocrx_word' id='word_1_20' title='bbox 659 717 730 761; x_wconf 82' lang='lat' dir='ltr'>tu,</span> <span class='ocrx_word' id='word_1_21' title='bbox 751 722 846 767; x_wconf 90' lang='lat' dir='ltr'>quae</span> <span class='ocrx_word' id='word_1_22' title='bbox 871 706 996 761; x_wconf 83' lang='lat' dir='ltr'>volo,</span> <span class='ocrx_word' id='word_1_23' title='bbox 1018 708 1052 751; x_wconf 87' lang='lat' dir='ltr'>si</span> <span class='ocrx_word' id='word_1_24' title='bbox 1074 710 1225 751; x_wconf 83' lang='lat' dir='ltr'>merui.</span> 
     </span>
    </p>
   </div>
   <div class='ocr_carea' id='block_1_6' title="bbox 159 819 1225 885">
    <p class='ocr_par' dir='ltr' id='par_1_6' title="bbox 159 819 1225 885">
     <span class='ocr_line' id='line_1_7' title="bbox 159 819 1225 885; baseline 0.002 -20"><span class='ocrx_word' id='word_1_25' title='bbox 159 823 225 866; x_wconf 81' lang='grc' dir='ltr'>Σοὶ</span> <span class='ocrx_word' id='word_1_26' title='bbox 253 823 428 885; x_wconf 80' lang='grc' dir='ltr'>μάκαρές</span> <span class='ocrx_word' id='word_1_27' title='bbox 455 841 500 868; x_wconf 83' lang='grc' dir='ltr'>τε</span> <span class='ocrx_word' id='word_1_28' title='bbox 529 825 607 867; x_wconf 82' lang='grc' dir='ltr'>θεοὶ</span> <span class='ocrx_word' id='word_1_29' title='bbox 633 819 758 879; x_wconf 75' lang='grc' dir='ltr'>δοῖεν,</span> <span class='ocrx_word' id='word_1_30' title='bbox 787 826 834 867; x_wconf 80' lang='grc' dir='ltr'>σύ</span> <span class='ocrx_word' id='word_1_31' title='bbox 864 842 932 878; x_wconf 85' lang='grc' dir='ltr'>τε,</span> <span class='ocrx_word' id='word_1_32' title='bbox 962 820 1069 875; x_wconf 73' lang='grc' dir='ltr'>ἄξιος</span> <span class='ocrx_word' id='word_1_33' title='bbox 1094 823 1145 867; x_wconf 83' lang='grc' dir='ltr'>ὧν</span> <span class='ocrx_word' id='word_1_34' title='bbox 1171 823 1225 878; x_wconf 78' lang='grc' dir='ltr'>εἷ,</span> 
     </span>
    </p>
   </div>
   <div class='ocr_carea' id='block_1_7' title="bbox 228 891 1128 955">
    <p class='ocr_par' dir='ltr' id='par_1_7' title="bbox 228 891 1128 955">
     <span class='ocr_line' id='line_1_8' title="bbox 228 891 1128 955; baseline 0 -18"><span class='ocrx_word' id='word_1_35' title='bbox 228 896 341 937; x_wconf 79' lang='grc' dir='ltr'>Δοῖέν</span> <span class='ocrx_word' id='word_1_36' title='bbox 371 896 413 954; x_wconf 84' lang='grc' dir='ltr'>μ’</span> <span class='ocrx_word' id='word_1_37' title='bbox 440 894 518 955; x_wconf 74' lang='grc' dir='ltr'>ἦρα</span> <span class='ocrx_word' id='word_1_38' title='bbox 545 895 644 949; x_wconf 82' lang='grc' dir='ltr'>θεοὶ,</span> <span class='ocrx_word' id='word_1_39' title='bbox 672 895 740 938; x_wconf 78' lang='grc' dir='ltr'>καὶ</span> <span class='ocrx_word' id='word_1_40' title='bbox 767 896 842 951; x_wconf 69' lang='grc' dir='ltr'>σὺ,</span> <span class='ocrx_word' id='word_1_41' title='bbox 872 893 917 938; x_wconf 85' lang='grc' dir='ltr'>ἂν</span> <span class='ocrx_word' id='word_1_42' title='bbox 948 891 1055 946; x_wconf 77' lang='grc' dir='ltr'>ἄξιος</span> <span class='ocrx_word' id='word_1_43' title='bbox 1083 892 1128 937; x_wconf 84' lang='grc' dir='ltr'>ὦ.</span> 
     </span>
    </p>
   </div>
   <div class='ocr_carea' id='block_1_8' title="bbox 84 1010 761 1211">
    <p class='ocr_par' dir='ltr' id='par_1_8' title="bbox 84 1010 761 1211">
     <span class='ocr_line' id='line_1_9' title="bbox 143 1010 760 1051; baseline 0.005 -10"><span class='ocrx_word' id='word_1_44' title='bbox 143 1021 174 1042; x_wconf 91' lang='lat'>1.</span> <span class='ocrx_word' id='word_1_45' title='bbox 196 1010 244 1042; x_wconf 85' lang='lat' dir='ltr'>Di</span> <span class='ocrx_word' id='word_1_46' title='bbox 269 1011 347 1051; x_wconf 77' lang='lat' dir='ltr'>tibi,</span> <span class='ocrx_word' id='word_1_47' title='bbox 370 1019 435 1044; x_wconf 88' lang='lat' dir='ltr'>etc.</span> <span class='ocrx_word' id='word_1_48' title='bbox 455 1011 486 1044; x_wconf 94' lang='lat' dir='ltr'>O</span> <span class='ocrx_word' id='word_1_49' title='bbox 503 1010 721 1049; x_wconf 73' lang='lat' dir='ltr'>Domifiane,</span> <span class='ocrx_word' id='word_1_50' title='bbox 742 1023 760 1044; x_wconf 86' lang='lat' dir='ltr'>a</span> 
     </span>
     <span class='ocr_line' id='line_1_10' title="bbox 84 1062 760 1110; baseline 0.004 -17"><span class='ocrx_word' id='word_1_51' title='bbox 84 1062 246 1102; x_wconf 88' lang='lat' dir='ltr'>nemine,</span> <span class='ocrx_word' id='word_1_52' title='bbox 278 1063 345 1097; x_wconf 87' lang='lat' dir='ltr'>nisi</span> <span class='ocrx_word' id='word_1_53' title='bbox 372 1076 392 1097; x_wconf 88' lang='lat' dir='ltr'>a</span> <span class='ocrx_word' id='word_1_54' title='bbox 419 1072 454 1097; x_wconf 90' lang='lat' dir='ltr'>te</span> <span class='ocrx_word' id='word_1_55' title='bbox 478 1064 554 1110; x_wconf 86' lang='lat' dir='ltr'>ipso</span> <span class='ocrx_word' id='word_1_56' title='bbox 579 1072 614 1097; x_wconf 86' lang='lat' dir='ltr'>et</span> <span class='ocrx_word' id='word_1_57' title='bbox 643 1077 660 1097; x_wconf 86' lang='lat' dir='ltr'>a</span> <span class='ocrx_word' id='word_1_58' title='bbox 685 1064 760 1097; x_wconf 88' lang='lat' dir='ltr'>Diis</span> 
     </span>
     <span class='ocr_line' id='line_1_11' title="bbox 85 1115 760 1163; baseline 0.004 -16"><span class='ocrx_word' id='word_1_59' title='bbox 85 1115 268 1161; x_wconf 85' lang='lat' dir='ltr'>quicquam</span> <span class='ocrx_word' id='word_1_60' title='bbox 292 1125 392 1162; x_wconf 82' lang='lat' dir='ltr'>potes</span> <span class='ocrx_word' id='word_1_61' title='bbox 412 1125 628 1162; x_wconf 84' lang='lat' dir='ltr'>exspectare,</span> <span class='ocrx_word' id='word_1_62' title='bbox 651 1130 760 1163; x_wconf 90' lang='lat' dir='ltr'>quum</span> 
     </span>
     <span class='ocr_line' id='line_1_12' title="bbox 85 1168 761 1211; baseline 0.006 -12"><span class='ocrx_word' id='word_1_63' title='bbox 85 1168 219 1201; x_wconf 79' lang='lat' dir='ltr'>omium</span> <span class='ocrx_word' id='word_1_64' title='bbox 251 1170 453 1203; x_wconf 75' lang='lat' dir='ltr'>mortalium</span> <span class='ocrx_word' id='word_1_65' title='bbox 484 1169 698 1211; x_wconf 78' lang='lat' dir='ltr'>ditissimus,</span> <span class='ocrx_word' id='word_1_66' title='bbox 727 1177 761 1203; x_wconf 87' lang='lat' dir='ltr'>et</span> 
     </span>
    </p>
   </div>
   <div class='ocr_carea' id='block_1_9' title="bbox 818 1011 1495 1211">
    <p class='ocr_par' dir='ltr' id='par_1_9' title="bbox 818 1011 1495 1211">
     <span class='ocr_line' id='line_1_13' title="bbox 820 1011 1494 1057; baseline 0.006 -14"><span class='ocrx_word' id='word_1_67' title='bbox 820 1011 895 1057; x_wconf 86' lang='lat' dir='ltr'>ipse</span> <span class='ocrx_word' id='word_1_68' title='bbox 914 1012 1007 1044; x_wconf 87' lang='lat' dir='ltr'>Deus</span> <span class='ocrx_word' id='word_1_69' title='bbox 1031 1011 1089 1045; x_wconf 88' lang='lat' dir='ltr'>sis.</span> <span class='ocrx_word' id='word_1_70' title='bbox 1114 1011 1189 1056; x_wconf 87' lang='lat' dir='ltr'>Ego</span> <span class='ocrx_word' id='word_1_71' title='bbox 1210 1023 1292 1045; x_wconf 87' lang='lat' dir='ltr'>vero</span> <span class='ocrx_word' id='word_1_72' title='bbox 1315 1012 1449 1046; x_wconf 80' lang='lat' dir='ltr'>utinam</span> <span class='ocrx_word' id='word_1_73' title='bbox 1476 1027 1494 1047; x_wconf 81' lang='lat' dir='ltr'>a</span> 
     </span>
     <span class='ocr_line' id='line_1_14' title="bbox 820 1064 1495 1110; baseline 0.004 -14"><span class='ocrx_word' id='word_1_74' title='bbox 820 1064 896 1097; x_wconf 89' lang='lat' dir='ltr'>Diis</span> <span class='ocrx_word' id='word_1_75' title='bbox 912 1071 1014 1110; x_wconf 84' lang='lat' dir='ltr'>atque</span> <span class='ocrx_word' id='word_1_76' title='bbox 1027 1077 1044 1097; x_wconf 85' lang='lat' dir='ltr'>a</span> <span class='ocrx_word' id='word_1_77' title='bbox 1063 1072 1097 1097; x_wconf 84' lang='lat' dir='ltr'>te</span> <span class='ocrx_word' id='word_1_78' title='bbox 1114 1076 1323 1110; x_wconf 82' lang='lat' dir='ltr'>consequar,</span> <span class='ocrx_word' id='word_1_79' title='bbox 1343 1078 1422 1110; x_wconf 85' lang='lat' dir='ltr'>quae</span> <span class='ocrx_word' id='word_1_80' title='bbox 1439 1079 1495 1099; x_wconf 91' lang='lat' dir='ltr'>cu-</span> 
     </span>
     <span class='ocr_line' id='line_1_15' title="bbox 818 1116 1495 1162; baseline 0.003 -12"><span class='ocrx_word' id='word_1_81' title='bbox 818 1117 897 1162; x_wconf 85' lang='lat' dir='ltr'>pio,</span> <span class='ocrx_word' id='word_1_82' title='bbox 921 1117 948 1150; x_wconf 89' lang='lat' dir='ltr'>si</span> <span class='ocrx_word' id='word_1_83' title='bbox 973 1125 1006 1150; x_wconf 87' lang='lat' dir='ltr'>te</span> <span class='ocrx_word' id='word_1_84' title='bbox 1025 1116 1224 1159; x_wconf 81' lang='lat' dir='ltr'>laudando,</span> <span class='ocrx_word' id='word_1_85' title='bbox 1246 1126 1280 1150; x_wconf 87' lang='lat' dir='ltr'>et</span> <span class='ocrx_word' id='word_1_86' title='bbox 1300 1118 1373 1151; x_wconf 82' lang='lat' dir='ltr'>Diis</span> <span class='ocrx_word' id='word_1_87' title='bbox 1392 1120 1495 1152; x_wconf 84' lang='lat' dir='ltr'>sacri-</span> 
     </span>
     <span class='ocr_line' id='line_1_16' title="bbox 818 1168 1428 1211; baseline 0 -9"><span class='ocrx_word' id='word_1_88' title='bbox 818 1168 957 1203; x_wconf 87' lang='lat' dir='ltr'>ficando</span> <span class='ocrx_word' id='word_1_89' title='bbox 968 1170 1116 1203; x_wconf 87' lang='lat' dir='ltr'>meritus</span> <span class='ocrx_word' id='word_1_90' title='bbox 1128 1183 1216 1204; x_wconf 88' lang='lat' dir='ltr'>sum.</span> <span class='ocrx_word' id='word_1_91' title='bbox 1238 1171 1269 1204; x_wconf 81' lang='grc' dir='ltr'>Χ</span> <span class='ocrx_word' id='word_1_92' title='bbox 1281 1197 1290 1211; x_wconf 92' lang='grc'><em>,</em></span> <span class='ocrx_word' id='word_1_93' title='bbox 1306 1183 1428 1204; x_wconf 58' lang='lat' dir='ltr'>xxxiv.</span> 
     </span>
    </p>
   </div>
   <div class='ocr_carea' id='block_1_10' title="bbox 567 1305 1001 1362">
    <p class='ocr_par' dir='ltr' id='par_1_10' title="bbox 567 1305 1001 1362">
     <span class='ocr_line' id='line_1_17' title="bbox 567 1305 1001 1362; baseline 0 -1"><span class='ocrx_word' id='word_1_94' title='bbox 567 1305 1001 1362; x_wconf 87' lang='lat' dir='ltr'><strong>LXXXVIII.</strong></span> 
     </span>
    </p>
   </div>
   <div class='ocr_carea' id='block_1_11' title="bbox 520 1428 1067 1480">
    <p class='ocr_par' dir='ltr' id='par_1_11' title="bbox 520 1428 1067 1480">
     <span class='ocr_line' id='line_1_18' title="bbox 520 1428 1067 1480; baseline -0.004 -1"><span class='ocrx_word' id='word_1_95' title='bbox 520 1450 589 1479; x_wconf 79' lang='lat' dir='ltr'>AD</span> <span class='ocrx_word' id='word_1_96' title='bbox 640 1428 1067 1480; x_wconf 61' lang='lat' dir='ltr'><strong>CAECILIANUM.*</strong></span> 
     </span>
    </p>
   </div>
   <div class='ocr_carea' id='block_1_12' title="bbox 151 1555 1255 1830">
    <p class='ocr_par' dir='ltr' id='par_1_12' title="bbox 151 1555 1255 1830">
     <span class='ocr_line' id='line_1_19' title="bbox 152 1555 1082 1611; baseline 0.002 -13"><span class='ocrx_word' id='word_1_97' title='bbox 152 1557 297 1601; x_wconf 66' lang='lat' dir='ltr'><strong>MANE</strong></span> <span class='ocrx_word' id='word_1_98' title='bbox 327 1555 511 1601; x_wconf 83' lang='lat' dir='ltr'>salutavi</span> <span class='ocrx_word' id='word_1_99' title='bbox 542 1574 647 1601; x_wconf 84' lang='lat' dir='ltr'>vero</span> <span class='ocrx_word' id='word_1_100' title='bbox 677 1567 720 1602; x_wconf 82' lang='lat' dir='ltr'>te</span> <span class='ocrx_word' id='word_1_101' title='bbox 748 1558 928 1601; x_wconf 87' lang='lat' dir='ltr'>nomine</span> <span class='ocrx_word' id='word_1_102' title='bbox 954 1572 1082 1611; x_wconf 78' lang='lat' dir='ltr'>casu3</span> 
     </span>
     <span class='ocr_line' id='line_1_20' title="bbox 222 1626 1168 1680; baseline 0.001 -11"><span class='ocrx_word' id='word_1_103' title='bbox 222 1627 314 1671; x_wconf 88' lang='lat' dir='ltr'>Nec</span> <span class='ocrx_word' id='word_1_104' title='bbox 341 1627 427 1671; x_wconf 83' lang='lat' dir='ltr'>dixi</span> <span class='ocrx_word' id='word_1_105' title='bbox 451 1628 700 1680; x_wconf 76' lang='lat' dir='ltr'>dominum,</span> <span class='ocrx_word' id='word_1_106' title='bbox 727 1626 979 1680; x_wconf 71' lang='lat' dir='ltr'>caeciliane,</span> <span class='ocrx_word' id='word_1_107' title='bbox 1009 1644 1168 1671; x_wconf 87' lang='lat' dir='ltr'>meum.</span> 
     </span>
     <span class='ocr_line' id='line_1_21' title="bbox 151 1697 1255 1759; baseline 0.002 -19"><span class='ocrx_word' id='word_1_108' title='bbox 151 1697 317 1753; x_wconf 85' lang='lat' dir='ltr'>Quanti</span> <span class='ocrx_word' id='word_1_109' title='bbox 343 1697 521 1742; x_wconf 80' lang='lat' dir='ltr'>libertas</span> <span class='ocrx_word' id='word_1_110' title='bbox 548 1708 717 1743; x_wconf 86' lang='lat' dir='ltr'>constet</span> <span class='ocrx_word' id='word_1_111' title='bbox 742 1699 847 1742; x_wconf 91' lang='lat' dir='ltr'>mihi</span> <span class='ocrx_word' id='word_1_112' title='bbox 875 1708 1018 1754; x_wconf 82' lang='lat' dir='ltr'>tanta,</span> <span class='ocrx_word' id='word_1_113' title='bbox 1044 1698 1255 1759; x_wconf 77' lang='lat' dir='ltr'>requiris?</span> 
     </span>
     <span class='ocr_line' id='line_1_22' title="bbox 221 1768 1163 1830; baseline 0.001 -18"><span class='ocrx_word' id='word_1_114' title='bbox 221 1769 411 1813; x_wconf 84' lang='lat' dir='ltr'>Centum</span> <span class='ocrx_word' id='word_1_115' title='bbox 442 1769 706 1830; x_wconf 83' lang='lat' dir='ltr'>quadrantes</span> <span class='ocrx_word' id='word_1_116' title='bbox 735 1768 913 1814; x_wconf 80' lang='lat' dir='ltr'>abstulit</span> <span class='ocrx_word' id='word_1_117' title='bbox 941 1768 1012 1813; x_wconf 82' lang='lat' dir='ltr'>illa</span> <span class='ocrx_word' id='word_1_118' title='bbox 1042 1770 1163 1813; x_wconf 87' lang='lat' dir='ltr'>mihi.</span> 
     </span>
    </p>
   </div>
   <div class='ocr_carea' id='block_1_13' title="bbox 78 1894 757 2678">
    <p class='ocr_par' dir='ltr' id='par_1_13' title="bbox 80 1894 754 1984">
     <span class='ocr_line' id='line_1_23' title="bbox 135 1894 754 1931; baseline 0.003 -3"><span class='ocrx_word' id='word_1_119' title='bbox 135 1894 149 1906; x_wconf 77' lang='lat'>&#39;</span> <span class='ocrx_word' id='word_1_120' title='bbox 165 1896 226 1929; x_wconf 82' lang='lat' dir='ltr'>Ad</span> <span class='ocrx_word' id='word_1_121' title='bbox 251 1896 450 1930; x_wconf 76' lang='lat' dir='ltr'>Sosibianum</span> <span class='ocrx_word' id='word_1_122' title='bbox 481 1898 607 1931; x_wconf 85' lang='lat' dir='ltr'>lemma</span> <span class='ocrx_word' id='word_1_123' title='bbox 635 1905 685 1930; x_wconf 84' lang='lat' dir='ltr'>est</span> <span class='ocrx_word' id='word_1_124' title='bbox 718 1897 754 1930; x_wconf 91' lang='lat' dir='ltr'>in</span> 
     </span>
     <span class='ocr_line' id='line_1_24' title="bbox 80 1947 371 1984; baseline 0.01 -3"><span class='ocrx_word' id='word_1_125' title='bbox 80 1947 201 1982; x_wconf 85' lang='lat' dir='ltr'>codice</span> <span class='ocrx_word' id='word_1_126' title='bbox 214 1949 371 1984; x_wconf 85' lang='lat' dir='ltr'>Florent.</span> 
     </span>
    </p>

    <p class='ocr_par' dir='ltr' id='par_1_14' title="bbox 78 2002 757 2195">
     <span class='ocr_line' id='line_1_25' title="bbox 137 2002 755 2037; baseline 0.003 -3"><span class='ocrx_word' id='word_1_127' title='bbox 137 2014 152 2034; x_wconf 82' lang='grc' dir='ltr'>ῐ</span> <span class='ocrx_word' id='word_1_128' title='bbox 163 2026 170 2033; x_wconf 97' lang='grc'><em>.</em></span> <span class='ocrx_word' id='word_1_129' title='bbox 191 2002 277 2035; x_wconf 85' lang='lat' dir='ltr'>Vero</span> <span class='ocrx_word' id='word_1_130' title='bbox 291 2010 319 2034; x_wconf 84' lang='lat' dir='ltr'>te</span> <span class='ocrx_word' id='word_1_131' title='bbox 332 2005 454 2036; x_wconf 80' lang='lat' dir='ltr'>nomine</span> <span class='ocrx_word' id='word_1_132' title='bbox 475 2017 560 2037; x_wconf 85' lang='lat' dir='ltr'>casu.</span> <span class='ocrx_word' id='word_1_133' title='bbox 575 2004 675 2037; x_wconf 88' lang='lat' dir='ltr'>Mero</span> <span class='ocrx_word' id='word_1_134' title='bbox 694 2011 755 2036; x_wconf 92' lang='lat' dir='ltr'>tuo</span> 
     </span>
     <span class='ocr_line' id='line_1_26' title="bbox 79 2054 757 2102; baseline 0.004 -16"><span class='ocrx_word' id='word_1_135' title='bbox 79 2054 238 2096; x_wconf 87' lang='lat' dir='ltr'>nomine,</span> <span class='ocrx_word' id='word_1_136' title='bbox 254 2067 319 2089; x_wconf 90' lang='lat' dir='ltr'>nec</span> <span class='ocrx_word' id='word_1_137' title='bbox 335 2056 505 2102; x_wconf 87' lang='lat' dir='ltr'>appellavi</span> <span class='ocrx_word' id='word_1_138' title='bbox 521 2065 554 2090; x_wconf 87' lang='lat' dir='ltr'>te</span> <span class='ocrx_word' id='word_1_139' title='bbox 571 2055 757 2090; x_wconf 87' lang='lat' dir='ltr'>dominum</span> 
     </span>
     <span class='ocr_line' id='line_1_27' title="bbox 79 2109 757 2153; baseline 0.004 -13"><span class='ocrx_word' id='word_1_140' title='bbox 79 2119 140 2140; x_wconf 87' lang='lat' dir='ltr'>seu</span> <span class='ocrx_word' id='word_1_141' title='bbox 166 2116 379 2153; x_wconf 79' lang='lat' dir='ltr'>patronum,</span> <span class='ocrx_word' id='word_1_142' title='bbox 400 2122 442 2143; x_wconf 82' lang='lat' dir='ltr'>ex</span> <span class='ocrx_word' id='word_1_143' title='bbox 466 2122 564 2143; x_wconf 90' lang='lat' dir='ltr'>more</span> <span class='ocrx_word' id='word_1_144' title='bbox 588 2109 757 2143; x_wconf 86' lang='lat' dir='ltr'>clientum</span> 
     </span>
     <span class='ocr_line' id='line_1_28' title="bbox 78 2159 312 2195; baseline 0.013 -3"><span class='ocrx_word' id='word_1_145' title='bbox 78 2159 312 2195; x_wconf 86' lang='lat' dir='ltr'>salutantium.</span> 
     </span>
    </p>

    <p class='ocr_par' dir='ltr' id='par_1_15' title="bbox 78 2214 756 2678">
     <span class='ocr_line' id='line_1_29' title="bbox 136 2214 756 2257; baseline 0.005 -11"><span class='ocrx_word' id='word_1_146' title='bbox 136 2214 170 2247; x_wconf 82' lang='lat'>3.</span> <span class='ocrx_word' id='word_1_147' title='bbox 189 2214 313 2257; x_wconf 77' lang='lat' dir='ltr'>Quanti</span> <span class='ocrx_word' id='word_1_148' title='bbox 331 2215 459 2248; x_wconf 80' lang='lat' dir='ltr'>libertas</span> <span class='ocrx_word' id='word_1_149' title='bbox 471 2242 481 2255; x_wconf 95' lang='lat'><em>,</em></span> <span class='ocrx_word' id='word_1_150' title='bbox 503 2223 569 2249; x_wconf 89' lang='lat' dir='ltr'>etc.</span> <span class='ocrx_word' id='word_1_151' title='bbox 584 2215 648 2249; x_wconf 88' lang='lat' dir='ltr'>Vis</span> <span class='ocrx_word' id='word_1_152' title='bbox 667 2215 756 2249; x_wconf 87' lang='lat' dir='ltr'>scire</span> 
     </span>
     <span class='ocr_line' id='line_1_30' title="bbox 79 2267 756 2311; baseline 0.006 -13"><span class='ocrx_word' id='word_1_153' title='bbox 79 2267 239 2311; x_wconf 85' lang='lat' dir='ltr'>quantuli</span> <span class='ocrx_word' id='word_1_154' title='bbox 269 2279 326 2300; x_wconf 88' lang='lat' dir='ltr'>me</span> <span class='ocrx_word' id='word_1_155' title='bbox 359 2268 565 2302; x_wconf 84' lang='lat' dir='ltr'>asseruerim</span> <span class='ocrx_word' id='word_1_156' title='bbox 596 2269 632 2301; x_wconf 92' lang='lat' dir='ltr'>in</span> <span class='ocrx_word' id='word_1_157' title='bbox 666 2268 756 2302; x_wconf 83' lang='lat' dir='ltr'>hanc</span> 
     </span>
     <span class='ocr_line' id='line_1_31' title="bbox 78 2319 755 2355; baseline 0.006 -4"><span class='ocrx_word' id='word_1_158' title='bbox 78 2319 277 2352; x_wconf 83' lang='lat' dir='ltr'>libertatem</span> <span class='ocrx_word' id='word_1_159' title='bbox 313 2329 355 2353; x_wconf 89' lang='lat' dir='ltr'>ut</span> <span class='ocrx_word' id='word_1_160' title='bbox 391 2319 536 2354; x_wconf 88' lang='lat' dir='ltr'>domino</span> <span class='ocrx_word' id='word_1_161' title='bbox 568 2333 723 2355; x_wconf 86' lang='lat' dir='ltr'>carerem</span> <span class='ocrx_word' id='word_1_162' title='bbox 741 2322 755 2355; x_wconf 77' lang='grc' dir='ltr'>Ξ)</span> 
     </span>
     <span class='ocr_line' id='line_1_32' title="bbox 79 2372 755 2419; baseline 0.007 -16"><span class='ocrx_word' id='word_1_163' title='bbox 79 2372 209 2406; x_wconf 81' lang='lat' dir='ltr'>mulcta</span> <span class='ocrx_word' id='word_1_164' title='bbox 221 2380 314 2406; x_wconf 84' lang='lat' dir='ltr'>certe</span> <span class='ocrx_word' id='word_1_165' title='bbox 327 2380 361 2406; x_wconf 89' lang='lat' dir='ltr'>et</span> <span class='ocrx_word' id='word_1_166' title='bbox 369 2374 502 2418; x_wconf 84' lang='lat' dir='ltr'>jactura</span> <span class='ocrx_word' id='word_1_167' title='bbox 517 2374 702 2419; x_wconf 81' lang='lat' dir='ltr'>sportulae3</span> <span class='ocrx_word' id='word_1_168' title='bbox 718 2373 755 2408; x_wconf 89' lang='lat' dir='ltr'>id</span> 
     </span>
     <span class='ocr_line' id='line_1_33' title="bbox 78 2423 754 2466; baseline 0.004 -9"><span class='ocrx_word' id='word_1_169' title='bbox 78 2434 150 2466; x_wconf 80' lang='lat' dir='ltr'>est,</span> <span class='ocrx_word' id='word_1_170' title='bbox 177 2423 298 2458; x_wconf 88' lang='lat' dir='ltr'>decem</span> <span class='ocrx_word' id='word_1_171' title='bbox 324 2438 567 2460; x_wconf 88' lang='lat' dir='ltr'>nummorum.</span> <span class='ocrx_word' id='word_1_172' title='bbox 597 2427 754 2460; x_wconf 83' lang='lat' dir='ltr'>Libertas</span> 
     </span>
     <span class='ocr_line' id='line_1_34' title="bbox 79 2477 755 2523; baseline 0.004 -13"><span class='ocrx_word' id='word_1_173' title='bbox 79 2477 151 2510; x_wconf 80' lang='grc' dir='ltr'>ἀντὶ</span> <span class='ocrx_word' id='word_1_174' title='bbox 171 2478 351 2523; x_wconf 73' lang='grc' dir='ltr'><strong>παῤῥησίας</strong></span> <span class='ocrx_word' id='word_1_175' title='bbox 376 2491 449 2511; x_wconf 90' lang='lat' dir='ltr'>non</span> <span class='ocrx_word' id='word_1_176' title='bbox 476 2492 546 2512; x_wconf 89' lang='lat' dir='ltr'>uno</span> <span class='ocrx_word' id='word_1_177' title='bbox 573 2479 662 2512; x_wconf 90' lang='lat' dir='ltr'>loco.</span> <span class='ocrx_word' id='word_1_178' title='bbox 688 2480 755 2513; x_wconf 90' lang='lat' dir='ltr'>Hic</span> 
     </span>
     <span class='ocr_line' id='line_1_35' title="bbox 79 2530 755 2577; baseline 0.004 -15"><span class='ocrx_word' id='word_1_179' title='bbox 79 2539 196 2563; x_wconf 84' lang='lat' dir='ltr'>autem</span> <span class='ocrx_word' id='word_1_180' title='bbox 213 2530 351 2564; x_wconf 87' lang='lat' dir='ltr'>videtur</span> <span class='ocrx_word' id='word_1_181' title='bbox 364 2532 472 2577; x_wconf 80' lang='lat' dir='ltr'>accipi</span> <span class='ocrx_word' id='word_1_182' title='bbox 491 2544 590 2577; x_wconf 84' lang='lat' dir='ltr'>posse</span> <span class='ocrx_word' id='word_1_183' title='bbox 610 2532 755 2577; x_wconf 85' lang='lat' dir='ltr'>propria</span> 
     </span>
     <span class='ocr_line' id='line_1_36' title="bbox 78 2582 752 2630; baseline 0.003 -15"><span class='ocrx_word' id='word_1_184' title='bbox 78 2582 342 2627; x_wconf 84' lang='lat' dir='ltr'>significatione.</span> <span class='ocrx_word' id='word_1_185' title='bbox 365 2585 455 2618; x_wconf 84' lang='lat' dir='ltr'>Nam</span> <span class='ocrx_word' id='word_1_186' title='bbox 487 2585 546 2630; x_wconf 91' lang='lat' dir='ltr'>qui</span> <span class='ocrx_word' id='word_1_187' title='bbox 568 2583 752 2618; x_wconf 84' lang='lat' dir='ltr'>dominum</span> 
     </span>
     <span class='ocr_line' id='line_1_37' title="bbox 80 2637 751 2678; baseline 0.004 -11"><span class='ocrx_word' id='word_1_188' title='bbox 80 2648 149 2667; x_wconf 78' lang='lat' dir='ltr'>nou</span> <span class='ocrx_word' id='word_1_189' title='bbox 180 2637 303 2678; x_wconf 84' lang='lat' dir='ltr'>habet,</span> <span class='ocrx_word' id='word_1_190' title='bbox 337 2637 427 2670; x_wconf 86' lang='lat' dir='ltr'>liber</span> <span class='ocrx_word' id='word_1_191' title='bbox 459 2645 530 2678; x_wconf 74' lang='lat' dir='ltr'>est,</span> <span class='ocrx_word' id='word_1_192' title='bbox 555 2647 593 2671; x_wconf 86' lang='lat' dir='ltr'>nt</span> <span class='ocrx_word' id='word_1_193' title='bbox 622 2646 751 2671; x_wconf 74' lang='lat' dir='ltr'>contra.</span> 
     </span>
    </p>
   </div>
   <div class='ocr_carea' id='block_1_14' title="bbox 814 1896 1495 2684">
    <p class='ocr_par' dir='ltr' id='par_1_16' title="bbox 814 1896 1495 2684">
     <span class='ocr_line' id='line_1_38' title="bbox 816 1896 1495 1935; baseline 0.004 -5"><span class='ocrx_word' id='word_1_194' title='bbox 816 1896 921 1930; x_wconf 85' lang='lat' dir='ltr'>Unde</span> <span class='ocrx_word' id='word_1_195' title='bbox 932 1897 1037 1930; x_wconf 86' lang='lat' dir='ltr'>Mart.</span> <span class='ocrx_word' id='word_1_196' title='bbox 1049 1897 1110 1931; x_wconf 85' lang='lat' dir='ltr'>lib.</span> <span class='ocrx_word' id='word_1_197' title='bbox 1123 1898 1155 1935; x_wconf 91' lang='lat'>1,</span> <span class='ocrx_word' id='word_1_198' title='bbox 1170 1909 1295 1931; x_wconf 80' lang='lat' dir='ltr'>Lxxxn</span> <span class='ocrx_word' id='word_1_199' title='bbox 1309 1912 1316 1931; x_wconf 92' lang='lat'>:</span> <span class='ocrx_word' id='word_1_200' title='bbox 1332 1900 1381 1932; x_wconf 68' lang='lat' dir='ltr'>«E</span> <span class='ocrx_word' id='word_1_201' title='bbox 1397 1912 1495 1935; x_wconf 79' lang='lat' dir='ltr'>servo</span> 
     </span>
     <span class='ocr_line' id='line_1_39' title="bbox 816 1950 1494 1997; baseline 0.007 -15"><span class='ocrx_word' id='word_1_202' title='bbox 816 1950 881 1983; x_wconf 86' lang='lat' dir='ltr'>scis</span> <span class='ocrx_word' id='word_1_203' title='bbox 899 1958 933 1983; x_wconf 88' lang='lat' dir='ltr'>te</span> <span class='ocrx_word' id='word_1_204' title='bbox 951 1951 1108 1995; x_wconf 85' lang='lat' dir='ltr'>genitum</span> <span class='ocrx_word' id='word_1_205' title='bbox 1119 1972 1129 1988; x_wconf 86' lang='lat'>‚</span> <span class='ocrx_word' id='word_1_206' title='bbox 1143 1951 1342 1997; x_wconf 79' lang='lat' dir='ltr'>blandeque</span> <span class='ocrx_word' id='word_1_207' title='bbox 1358 1953 1473 1987; x_wconf 78' lang='lat' dir='ltr'>fateris</span> <span class='ocrx_word' id='word_1_208' title='bbox 1488 1967 1494 1986; x_wconf 93' lang='lat'><strong>:</strong></span> 
     </span>
     <span class='ocr_line' id='line_1_40' title="bbox 817 2002 1492 2046; baseline 0.006 -10"><span class='ocrx_word' id='word_1_209' title='bbox 817 2003 937 2044; x_wconf 88' lang='lat' dir='ltr'>Quum</span> <span class='ocrx_word' id='word_1_210' title='bbox 957 2002 1044 2037; x_wconf 86' lang='lat' dir='ltr'>dicis</span> <span class='ocrx_word' id='word_1_211' title='bbox 1063 2003 1244 2037; x_wconf 86' lang='lat' dir='ltr'>dominum</span> <span class='ocrx_word' id='word_1_212' title='bbox 1259 2031 1268 2046; x_wconf 88' lang='lat'><strong><em>,</em></strong></span> <span class='ocrx_word' id='word_1_213' title='bbox 1290 2005 1492 2046; x_wconf 85' lang='lat' dir='ltr'>Sosibiane,</span> 
     </span>
     <span class='ocr_line' id='line_1_41' title="bbox 815 2057 1493 2101; baseline 0.006 -12"><span class='ocrx_word' id='word_1_214' title='bbox 815 2064 964 2101; x_wconf 88' lang='lat' dir='ltr'>patrem.</span> <span class='ocrx_word' id='word_1_215' title='bbox 985 2074 997 2086; x_wconf 75' lang='lat' dir='ltr'>n</span> <span class='ocrx_word' id='word_1_216' title='bbox 1016 2057 1129 2090; x_wconf 80' lang='lat' dir='ltr'>Multa</span> <span class='ocrx_word' id='word_1_217' title='bbox 1154 2057 1248 2090; x_wconf 89' lang='lat' dir='ltr'>enim</span> <span class='ocrx_word' id='word_1_218' title='bbox 1280 2058 1382 2092; x_wconf 89' lang='lat' dir='ltr'>simul</span> <span class='ocrx_word' id='word_1_219' title='bbox 1414 2072 1493 2093; x_wconf 89' lang='lat' dir='ltr'>cum</span> 
     </span>
     <span class='ocr_line' id='line_1_42' title="bbox 816 2109 1493 2158; baseline 0.006 -16"><span class='ocrx_word' id='word_1_220' title='bbox 816 2109 978 2143; x_wconf 87' lang='lat' dir='ltr'>libertate</span> <span class='ocrx_word' id='word_1_221' title='bbox 985 2111 1142 2143; x_wconf 83' lang='lat' dir='ltr'>Romana</span> <span class='ocrx_word' id='word_1_222' title='bbox 1154 2111 1401 2146; x_wconf 81' lang='lat' dir='ltr'>aboleverunt:</span> <span class='ocrx_word' id='word_1_223' title='bbox 1416 2113 1493 2158; x_wconf 89' lang='lat' dir='ltr'>plu-</span> 
     </span>
     <span class='ocr_line' id='line_1_43' title="bbox 817 2162 1494 2199; baseline 0.006 -4"><span class='ocrx_word' id='word_1_224' title='bbox 817 2162 905 2195; x_wconf 83' lang='lat' dir='ltr'>rima</span> <span class='ocrx_word' id='word_1_225' title='bbox 918 2170 1109 2196; x_wconf 88' lang='lat' dir='ltr'>verterunt.</span> <span class='ocrx_word' id='word_1_226' title='bbox 1129 2164 1260 2196; x_wconf 82' lang='lat' dir='ltr'>Domini</span> <span class='ocrx_word' id='word_1_227' title='bbox 1276 2177 1343 2197; x_wconf 75' lang='lat' dir='ltr'>vox</span> <span class='ocrx_word' id='word_1_228' title='bbox 1360 2165 1396 2197; x_wconf 89' lang='lat' dir='ltr'>in</span> <span class='ocrx_word' id='word_1_229' title='bbox 1406 2166 1494 2199; x_wconf 86' lang='lat' dir='ltr'>salu-</span> 
     </span>
     <span class='ocr_line' id='line_1_44' title="bbox 817 2216 1494 2262; baseline 0.006 -14"><span class='ocrx_word' id='word_1_230' title='bbox 817 2216 1011 2249; x_wconf 81' lang='lat' dir='ltr'>tationibus</span> <span class='ocrx_word' id='word_1_231' title='bbox 1029 2216 1195 2261; x_wconf 87' lang='lat' dir='ltr'>frequens</span> <span class='ocrx_word' id='word_1_232' title='bbox 1206 2242 1214 2256; x_wconf 89' lang='lat'>,</span> <span class='ocrx_word' id='word_1_233' title='bbox 1230 2224 1389 2262; x_wconf 83' lang='lat' dir='ltr'>tempore</span> <span class='ocrx_word' id='word_1_234' title='bbox 1403 2219 1494 2252; x_wconf 84' lang='lat' dir='ltr'>Mar-</span> 
     </span>
     <span class='ocr_line' id='line_1_45' title="bbox 815 2268 1491 2310; baseline 0.006 -9"><span class='ocrx_word' id='word_1_235' title='bbox 815 2268 927 2310; x_wconf 86' lang='lat' dir='ltr'>tialis;</span> <span class='ocrx_word' id='word_1_236' title='bbox 949 2269 1057 2301; x_wconf 90' lang='lat' dir='ltr'>immo</span> <span class='ocrx_word' id='word_1_237' title='bbox 1078 2276 1190 2302; x_wconf 85' lang='lat' dir='ltr'>antea.</span> <span class='ocrx_word' id='word_1_238' title='bbox 1205 2270 1295 2302; x_wconf 78' lang='lat' dir='ltr'>Nam</span> <span class='ocrx_word' id='word_1_239' title='bbox 1310 2278 1344 2303; x_wconf 90' lang='lat' dir='ltr'>et</span> <span class='ocrx_word' id='word_1_240' title='bbox 1363 2270 1491 2305; x_wconf 83' lang='lat' dir='ltr'>Seneca</span> 
     </span>
     <span class='ocr_line' id='line_1_46' title="bbox 815 2321 1489 2366; baseline 0.004 -12"><span class='ocrx_word' id='word_1_241' title='bbox 815 2329 960 2355; x_wconf 83' lang='lat' dir='ltr'>testatur</span> <span class='ocrx_word' id='word_1_242' title='bbox 980 2321 1116 2366; x_wconf 84' lang='lat' dir='ltr'>ignotos</span> <span class='ocrx_word' id='word_1_243' title='bbox 1139 2321 1184 2354; x_wconf 85' lang='lat' dir='ltr'>ita</span> <span class='ocrx_word' id='word_1_244' title='bbox 1203 2322 1343 2355; x_wconf 85' lang='lat' dir='ltr'>salutari</span> <span class='ocrx_word' id='word_1_245' title='bbox 1360 2324 1489 2359; x_wconf 85' lang='lat' dir='ltr'>solitos.</span> 
     </span>
     <span class='ocr_line' id='line_1_47' title="bbox 815 2371 1489 2420; baseline 0.006 -13"><span class='ocrx_word' id='word_1_246' title='bbox 815 2373 873 2407; x_wconf 89' lang='lat' dir='ltr'>Sic</span> <span class='ocrx_word' id='word_1_247' title='bbox 894 2371 1060 2409; x_wconf 66' lang='grc' dir='ltr'>δεσπότην</span> <span class='ocrx_word' id='word_1_248' title='bbox 1081 2383 1297 2420; x_wconf 83' lang='lat' dir='ltr'>usurparunt</span> <span class='ocrx_word' id='word_1_249' title='bbox 1319 2375 1432 2411; x_wconf 88' lang='lat' dir='ltr'>Graeci</span> <span class='ocrx_word' id='word_1_250' title='bbox 1456 2378 1489 2411; x_wconf 92' lang='lat' dir='ltr'>in</span> 
     </span>
     <span class='ocr_line' id='line_1_48' title="bbox 815 2427 1490 2473; baseline 0.007 -14"><span class='ocrx_word' id='word_1_251' title='bbox 815 2427 1080 2461; x_wconf 84' lang='lat' dir='ltr'>salutationibus</span> <span class='ocrx_word' id='word_1_252' title='bbox 1103 2439 1111 2460; x_wconf 91' lang='lat'>:</span> <span class='ocrx_word' id='word_1_253' title='bbox 1137 2435 1172 2460; x_wconf 88' lang='lat' dir='ltr'>et</span> <span class='ocrx_word' id='word_1_254' title='bbox 1203 2428 1402 2473; x_wconf 86' lang='lat' dir='ltr'>promiscue</span> <span class='ocrx_word' id='word_1_255' title='bbox 1426 2430 1490 2464; x_wconf 87' lang='lat' dir='ltr'>hac</span> 
     </span>
     <span class='ocr_line' id='line_1_49' title="bbox 815 2479 1488 2516; baseline 0.006 -4"><span class='ocrx_word' id='word_1_256' title='bbox 815 2479 1025 2513; x_wconf 84' lang='lat' dir='ltr'>salutatione</span> <span class='ocrx_word' id='word_1_257' title='bbox 1046 2480 1098 2513; x_wconf 88' lang='lat' dir='ltr'>usi</span> <span class='ocrx_word' id='word_1_258' title='bbox 1122 2488 1222 2515; x_wconf 78' lang='lat' dir='ltr'>sunt,</span> <span class='ocrx_word' id='word_1_259' title='bbox 1240 2482 1401 2516; x_wconf 85' lang='lat' dir='ltr'>Romano</span> <span class='ocrx_word' id='word_1_260' title='bbox 1423 2483 1488 2516; x_wconf 84' lang='lat' dir='ltr'>im-</span> 
     </span>
     <span class='ocr_line' id='line_1_50' title="bbox 814 2531 1486 2577; baseline 0.006 -13"><span class='ocrx_word' id='word_1_261' title='bbox 814 2532 914 2577; x_wconf 88' lang='lat' dir='ltr'>perio</span> <span class='ocrx_word' id='word_1_262' title='bbox 953 2531 1076 2566; x_wconf 86' lang='lat' dir='ltr'>additi.</span> <span class='ocrx_word' id='word_1_263' title='bbox 1109 2533 1244 2567; x_wconf 75' lang='lat' dir='ltr'>Her-ald.</span> <span class='ocrx_word' id='word_1_264' title='bbox 1268 2555 1319 2560; x_wconf 85' lang='lat'><strong>—</strong></span> <span class='ocrx_word' id='word_1_265' title='bbox 1349 2536 1486 2569; x_wconf 72' lang='lat' dir='ltr'>Constet.</span> 
     </span>
     <span class='ocr_line' id='line_1_51' title="bbox 814 2584 1488 2634; baseline 0.009 -18"><span class='ocrx_word' id='word_1_266' title='bbox 814 2584 905 2626; x_wconf 86' lang='lat' dir='ltr'>Quia</span> <span class='ocrx_word' id='word_1_267' title='bbox 919 2585 1111 2619; x_wconf 85' lang='lat' dir='ltr'>libertatem</span> <span class='ocrx_word' id='word_1_268' title='bbox 1128 2585 1416 2632; x_wconf 78' lang='lat' dir='ltr'>adipiscebantur,</span> <span class='ocrx_word' id='word_1_269' title='bbox 1430 2590 1488 2634; x_wconf 79' lang='lat' dir='ltr'>qui</span> 
     </span>
     <span class='ocr_line' id='line_1_52' title="bbox 814 2636 1259 2684; baseline 0.004 -14"><span class='ocrx_word' id='word_1_270' title='bbox 814 2650 887 2671; x_wconf 82' lang='lat' dir='ltr'>eain</span> <span class='ocrx_word' id='word_1_271' title='bbox 904 2636 1074 2672; x_wconf 85' lang='lat' dir='ltr'>redimere</span> <span class='ocrx_word' id='word_1_272' title='bbox 1090 2647 1259 2684; x_wconf 82' lang='lat' dir='ltr'>poterant.</span> 
     </span>
    </p>
   </div>
  </div>
 </body>
</html>
