1978 3305
481 246 578 294 556

859 249 920 291 M.
950 249 1090 291 VAL.
1130 248 1516 291 MARTIALIS

548 337 750 380 Promisit
775 336 936 396 pariter
962 351 1006 379 se
1031 334 1193 396 Phyllis
1215 336 1386 395 utrique
1410 335 1634 391 daturam,

618 408 676 449 Et
699 405 844 449 dedit:
868 405 937 449 ille
963 405 1119 466 pedem
1146 405 1339 459 sustulit,
1369 405 1439 449 hic
1470 407 1673 450 tunicam.

533 527 552 558 3
560 551 566 558 .
576 525 995 559 Promisit..‚se...darm·am.
1007 526 1084 559 Lih.
1097 526 1131 558 II
1141 550 1151 566 ‚

479 579 590 624 epigr.
607 591 680 612 Lu.

533 635 566 671 4.
589 631 638 664 Et
660 631 768 671 dedit,
793 639 858 665 etc.
884 632 930 664 Et
951 631 1092 677 utrique
1117 645 1153 665 se

477 683 638 728 praestitit
654 684 804 730 Phyllis,
821 697 881 718 sen
898 685 985 718 Jana
998 685 1132 730 gemina
1144 711 1153 726 ,

477 739 549 781 ἅμα
575 737 708 782 πρόσσω
732 737 787 771 καὶ
817 738 942 771 ὀπίσσω
961 739 1153 772 λεύσσουσα.

482 807 495 819 ι-
511 790 585 834 Ego
610 790 728 836 potius
752 790 927 836 intelligo,
950 790 1065 836 inquit
1081 791 1153 823 Do·

479 842 612 882 mitius,
625 844 743 888 jocum
761 856 832 877 esse
847 843 882 876 in
897 844 1004 877 verbo
1013 845 1150 883 sustulit,

478 894 574 941 quod
611 895 754 942 quidem
795 909 884 943 saepe
920 896 1088 941 significat
1122 899 1152 929 in

477 949 574 981 altum
602 950 675 982 tulit
689 975 696 987 ‚
725 957 758 982 at
778 948 969 982 identidem
989 951 1150 994 surripuit.

477 1001 576 1035 Alter
616 1002 726 1047 igitur
762 1003 931 1047 surripuit
968 1002 1121 1035 tunicam
1144 1028 1153 1043 ,

476 1056 563 1088 alter
581 1056 712 1100 potitus
731 1063 783 1088 est
798 1055 932 1100 puella;
948 1062 981 1088 et
999 1055 1045 1088 ita
1065 1056 1153 1088 utri·

478 1120 547 1153 que
563 1106 678 1148 dedit,
701 1108 799 1142 alteri
823 1108 972 1147 coitum,
998 1115 1031 1141 et
1055 1108 1152 1141 alteri

1211 526 1375 559 tunicam.
1396 543 1409 555 u
1422 526 1530 559 —Ut
1547 525 1799 560 modestissime
1811 553 1820 569 ,
1838 528 1884 561 ita

1211 579 1344 624 optime
1358 579 1434 620 hic;
1452 587 1486 612 et
1500 579 1670 624 potuisset
1683 578 1726 612 ad
1743 588 1885 613 senten-

1212 631 1295 665 tiam
1314 630 1613 677 comprobandam
1630 644 1726 665 suam
1744 633 1887 678 subjun-

1213 697 1292 730 gere
1301 711 1310 727 ‚
1318 684 1376 718 hic
1388 684 1529 726 Nostro,
1539 693 1578 717 ut
1588 684 1706 721 toties,
1718 685 1889 731 placuisse

1211 739 1291 782 jure
1313 750 1376 770 suo
1396 737 1492 783 loqui
1519 738 1679 771 usitatam
1702 737 1795 783 apud
1817 740 1888 772 Ro-

1213 803 1335 825 manos
1344 803 1408 836 pro
1423 803 1460 824 re
1474 803 1618 824 venerea
1634 791 1886 836 metaphoram.

1212 844 1339 877 Juven.
1358 853 1419 877 sat.
1435 856 1494 877 v1:
1516 861 1528 873 α
1545 845 1729 877 Lenonum
1748 844 1888 878 ancillas

1214 897 1324 942 posita
1354 897 1494 930 Laufeia
1529 908 1658 930 corona
1684 897 1855 930 Provocat
1877 922 1887 936 ,

1213 958 1247 983 et
1269 949 1359 983 tollit
1380 949 1565 995 pendentis
1585 950 1726 995 praemia
1746 962 1852 983 coxae.
1871 968 1883 978 ν

1212 1004 1301 1036 Item
1317 1003 1387 1036 fere
1404 1003 1593 1048 Apuleius,
1611 1003 1709 1035 Asini
1718 1004 1814 1036 aurei
1827 1003 1887 1035 lib.

1213 1056 1248 1088 II
1268 1067 1275 1088 :
1300 1072 1314 1086 α
1328 1054 1496 1090 Pendulae
1522 1055 1670 1089 Veneris
1690 1056 1806 1089 fructu
1833 1068 1888 1088 me

1213 1108 1361 1142 satiavit.
1379 1126 1392 1138 ι
1417 1108 1482 1141 ΕΙ).

1007 1243 1354 1299 LXXXII.

983 1401 1054 1429 AD
1094 1381 1382 1430 GALLUMJ‘

548 1512 595 1554 St
617 1510 721 1571 quid
744 1519 892 1554 nostra
918 1511 1002 1555 tuis
1025 1510 1157 1554 adicit
1184 1512 1355 1555 vexatio
1386 1510 1537 1565 rebus,

617 1582 773 1634 Mane,
796 1581 864 1625 vel
891 1597 914 1625 a
944 1581 1088 1626 media
1116 1591 1244 1625 nocte
1269 1591 1442 1643 togatus
1467 1598 1543 1625 ero
1566 1599 1574 1623 ι

547 1651 874 1713 Stridentesque
903 1652 1040 1696 feram
1070 1652 1197 1697 ssatus
1227 1651 1452 1714 Aquilonis
1479 1653 1614 1713 iniqui
1632 1687 1645 1703 ,

616 1724 674 1767 Et
697 1724 838 1785 patiar
861 1723 1033 1768 nimbos
1049 1760 1060 1776 ,
1090 1724 1390 1785 excipiamque
1418 1723 1552 1768 nives.

548 1793 634 1838 Sed
664 1795 698 1838 si
725 1811 815 1838 non
844 1794 922 1839 fias
951 1794 1192 1856 quadrante
1223 1794 1390 1839 beatior
1415 1811 1531 1848 uno,
1879 1816 1891 1831 ³

616 1866 699 1909 Per
728 1866 915 1927 gemitus
945 1875 1138 1919 nostros,
1171 1867 1466 1927 ingenuasque
1497 1881 1674 1919 cruces,

532 1983 546 1997 ⁶
570 1989 787 2034 Deprecatur
809 1988 845 2021 in
865 1989 931 2021 hoc
951 1989 1077 2022 Noster
1100 1990 1151 2022 of-

479 2041 597 2075 ficium
607 2042 885 2075 anteambulonis
898 2068 906 2082 ,
917 2041 1014 2088 quod
1028 2042 1074 2074 ait
1088 2042 1151 2074 sibi

479 2107 602 2128 nocere
614 2120 622 2133 ,
641 2095 752 2127 amico
772 2095 821 2127 nil
842 2094 1017 2140 prodesse.
1033 2095 1099 2128 En.

541 2161 568 2181 1.
592 2148 631 2181 Se·
648 2148 726 2195 quid
740 2156 846 2181 nostra
857 2171 866 2185 ,
886 2156 952 2181 etc.
969 2148 1003 2180 si
1018 2148 1073 2181 cui
1090 2148 1153 2182 tibi

482 2201 561 2234 usui
593 2210 625 2234 et
654 2201 891 2234 emolumento
924 2214 995 2235 esse
1023 2201 1154 2247 possint

479 2254 630 2299 praestita
662 2254 779 2288 officia
804 2267 821 2287 a
851 2267 906 2287 me
926 2254 1074 2294 cliente,
1099 2255 1153 2287 cni

481 2307 690 2342 submolesta
710 2308 784 2341 haec
803 2308 961 2341 servitus.

536 2374 567 2393 α.
594 2361 734 2406 Togatus
758 2374 822 2393 ero.
848 2361 935 2400 Alii,
961 2369 1083 2403 rog-alm
1107 2374 1153 2393 μυ.

480 2435 530 2441 --
555 2415 707 2459 Togalus.
732 2414 920 2448 Officiosus
943 2414 1069 2454 cliens,
1094 2414 1154 2460 qui

482 2476 665 2511 patronum
683 2475 817 2514 togatus
833 2468 1028 2501 comitatur.
1041 2469 1091 2500 De
1109 2476 1157 2500 to-

480 2529 638 2565 gatorum
656 2529 760 2566 atque
777 2521 1086 2554 anteambul«»titini
1104 2521 1156 2553 ol'-

481 2574 568 2606 liciis
581 2574 705 2618 saepins
719 2575 791 2607 sive
808 2573 897 2607 dixit
914 2574 984 2607 sivo
997 2582 1138 2619 questus·
1149 2600 1156 2611 ,

481 2636 530 2660 ost
550 2626 608 2659 lib.
632 2628 680 2659 ΙΙΙ
700 2652 707 2665 ,
731 2628 840 2673 epigr.
861 2640 960 2667 ΧιΝΙ,
974 2636 1007 2661 et
1024 2628 1083 2660 lib.
1104 2628 1135 2659 ll
1149 2653 1155 2662 .

482 2694 535 2724 ep.
556 2689 713 2719 i,x.x1v‚et
728 2681 803 2725 ipsu
815 2681 878 2715 linc
891 2681 952 2714 lib.
965 2694 1020 2725 ep.
1038 2693 1154 2714 ux'n.

1270 1990 1302 2023 3.
1321 1988 1556 2035 Stridentesque
1568 2015 1576 2028 ,
1595 1996 1659 2021 etc.
1678 1987 1762 2021 Juv.
1778 1987 1887 2020 sat.V.

1213 2055 1263 2075 vs.
1276 2044 1323 2087 76
1336 2054 1344 2074 :
1357 2057 1369 2069 r-
1381 2041 1512 2075 Relicta
1527 2042 1705 2087 Conjuge,
1716 2053 1778 2086 per
1793 2052 1893 2072 mon-

1216 2104 1285 2128 tem
1309 2093 1494 2128 adversum
1507 2119 1516 2133 ,
1538 2093 1738 2139 gelidasque
1756 2093 1891 2127 cucurri

1215 2147 1388 2193 Esquilias
1407 2173 1416 2188 ‚
1456 2148 1618 2180 fremeret
1656 2159 1742 2180 saeva
1782 2158 1893 2192 quum

1215 2199 1386 2247 grandine
1408 2213 1536 2234 vernus
1555 2200 1707 2246 Jupiter,
1724 2208 1758 2232 et
1775 2199 1889 2233 multo

1217 2254 1363 2288 stillaret
1386 2253 1519 2299 paenula
1541 2253 1675 2287 nimbi).
1693 2271 1705 2282 ›-

1271 2307 1302 2341 5.
1320 2307 1463 2341 Βυταίαν.
1479 2307 1613 2340 Beatum
1632 2308 1701 2352 jam
1726 2318 1815 2351 soepe
1829 2318 1892 2351 pro

1215 2361 1339 2393 divitem
1370 2360 1577 2393 notavimus.
1609 2360 1664 2393 Sic
1696 2360 1767 2393 fere
1794 2358 1887 2404 apud

1215 2414 1355 2448 Graecos
1379 2412 1491 2452 ὅλῧιος.

1272 2471 1305 2500 (5.
1322 2468 1538 2513 Ingeniumque
1555 2480 1668 2499 cruces.
1691 2465 1728 2498 ld
1743 2473 1807 2503 est,
1825 2473 1891 2498 tor-

1219 2529 1333 2553 menta
1363 2521 1593 2565 ingenuorum
1618 2532 1676 2552 scu
1700 2519 1890 2552 liberorum

1219 2574 1413 2607 hominum.
1452 2574 1507 2606 sic
1536 2573 1688 2618 appellat
1717 2571 1831 2605 officia
1860 2580 1889 2604 et

1218 2627 1521 2661 concursationes.
1553 2639 1629 2671 quae
1657 2625 1754 2657 liberi
1778 2624 1890 2657 limni—

1219 2693 1277 2713 nes
1298 2681 1474 2713 tenuiores
1501 2679 1782 2724 opulcntior-ilius
1804 2691 1891 2722 pra·-
