1978 3305
475 232 572 295 276

845 232 907 274 M.
935 231 1074 275 VAL.
1115 225 1508 273 MARTIALIS

1106 376 1240 434 XC.

950 532 1022 560 An
1059 510 1405 560 emericum*

542 644 729 686 JACTAT
753 636 1010 699 inaequalem
1034 636 1190 680 Matho
1215 652 1285 679 me
1309 634 1459 679 fecisse
1481 634 1698 693 libellum3

612 712 658 754 Si
679 726 833 753 verum
854 717 942 764 est,
962 706 1111 751 laudat
1131 707 1324 751 carmina
1347 715 1497 750 nostra
1515 707 1684 751 Matho.

541 779 743 842 AEquales
769 779 919 824 scribit
943 777 1077 822 libros
1099 776 1308 822 Calvinus
1331 786 1376 820 et
1396 776 1578 820 Umber.

613 849 806 912 AEqualis
831 848 941 893 liber
966 858 1031 893 est
1046 883 1058 904 ‚
1082 848 1279 901 Cretice,
1301 847 1375 908 qui
1400 846 1540 891 malus
1565 856 1642 891 est.

525 968 539 982 *¹
555 972 617 1007 Ad
634 972 787 1006 criticum
809 968 890 1003 Ald.
911 970 1012 1003 Junt.
1034 968 1150 1002 Colin.

474 1025 613 1072 Gryph.
645 1025 761 1058 Pulm.
791 1023 904 1056 Plant.
937 1022 1019 1054 Jun.
1042 1022 1151 1066 Lang.

473 1088 541 1113 etc.
565 1079 627 1112 Ad
650 1077 807 1111 Creticum
833 1075 870 1108 in
897 1073 975 1108 cod·
997 1074 1150 1106 Florent.

532 1145 563 1166 1.
592 1131 717 1165 Matho.
746 1130 799 1162 De
825 1140 896 1174 quo
920 1128 992 1172 jam
1016 1125 1152 1160 dictum

471 1184 534 1218 lib.
555 1184 621 1225 IV,
641 1182 753 1228 epigr.
773 1193 874 1214 Lxxx.

529 1237 549 1270 3
558 1263 565 1270 .
580 1235 752 1269 Calvtanus
773 1232 884 1267 codex
895 1232 1035 1266 Thuan.
1048 1230 1154 1277 pessi-

474 1301 554 1332 me;
575 1301 636 1334 qui
656 1288 749 1321 enim
762 1287 800 1319 in
808 1286 1010 1319 hexametro
1027 1284 1153 1317 Calvia-

475 1355 546 1383 πω,
559 1342 665 1375 unica
682 1341 777 1374 inter
795 1339 913 1384 longas
927 1337 1015 1371 duas
1031 1336 1154 1370 brevi?

476 1416 528 1422 —
543 1394 703 1441 AEquales
717 1392 827 1426 scribit
841 1392 949 1425 libros.
964 1391 1073 1423 Totos
1085 1402 1155 1423 ma·

474 1448 526 1481 los
537 1473 546 1489 ‚
561 1447 618 1480 cui
631 1446 722 1480 nihil
741 1444 952 1479 admiscetur
966 1442 1064 1476 boni.
1074 1443 1153 1476 Alio

476 1501 568 1534 forte
584 1511 689 1534 sensu
701 1525 710 1542 ‚
732 1499 793 1545 qui
810 1498 925 1531 bonus
947 1496 1038 1529 liber
1067 1503 1155 1529 esset

477 1553 626 1600 aequalc's,
653 1551 691 1586 id
707 1561 758 1586 est
773 1577 783 1593 ‚
805 1549 984 1585 varietatis
1001 1547 1154 1594 egenus?

477 1628 530 1633 —
543 1605 704 1640 Calvinus.
716 1605 822 1638 Poeta
835 1629 845 1645 ‚
858 1610 897 1636 ut
912 1601 1071 1636 divinare
1081 1609 1133 1635 est
1143 1625 1153 1641 ‚

476 1659 599 1693 malus.

1266 973 1301 1010 4.
1332 967 1449 1001 Critice
1476 968 1513 1001 in
1538 966 1618 1001 Ald.
1645 968 1744 1002 Junt.
1771 967 1886 1003 Colin.

1211 1020 1349 1066 Gryph.
1381 1020 1566 1054 Pulmann.
1600 1020 1711 1054 Plant.
1744 1021 1764 1053 J
1768 1021 1888 1055 unian.

1210 1074 1319 1118 Lang.
1346 1081 1412 1106 etc.
1445 1080 1485 1106 ut
1519 1073 1556 1107 in
1590 1073 1752 1107 lemmate
1785 1084 1889 1119 supra

1215 1125 1368 1159 Criticum
1401 1119 1416 1169 (
1433 1138 1618 1171 perperam
1645 1138 1755 1170 quum
1796 1125 1891 1171 apud

1213 1178 1354 1213 Graecos
1363 1180 1472 1224 κριτὴς
1484 1203 1494 1219 ‚
1507 1181 1657 1224 κριτικὸς,
1670 1186 1703 1211 et
1715 1176 1890 1224 quidquid

1212 1244 1340 1265 vocum
1363 1232 1405 1264 ab
1423 1231 1492 1264 hoc
1513 1232 1611 1264 fonte
1625 1230 1799 1264 delabitur
1817 1231 1891 1276 pri-

1212 1296 1305 1317 mam
1329 1284 1506 1330 corripiat.
1523 1280 1614 1324 En.)
1635 1283 1758 1317 Cretice
1780 1282 1891 1317 codex

1213 1337 1240 1370 F
1243 1338 1449 1371 lorentinus.
1468 1357 1521 1364 -—
1536 1337 1692 1382 AEqualis
1717 1336 1796 1369 liber
1821 1347 1892 1370 ma·

1212 1390 1266 1424 lus
1284 1398 1356 1431 est,
1376 1389 1460 1436 quia
1471 1415 1482 1431 ‚
1493 1398 1534 1423 ut
1549 1388 1640 1423 dixit
1655 1390 1762 1423 Poeta
1778 1389 1869 1423 lih.1
1880 1415 1891 1431 ,

1213 1443 1321 1489 epigr.
1343 1455 1438 1483 xvn,
1456 1442 1493 1475 in
1515 1454 1588 1476 uno
1613 1441 1706 1476 libro
1732 1441 1891 1487 quaedam

1214 1505 1300 1530 sunt
1316 1496 1409 1529 bona
1421 1521 1430 1537 ‚
1451 1503 1484 1529 et
1503 1493 1661 1541 quaedam
1682 1493 1891 1537 mediocria,

1213 1549 1318 1594 plura
1328 1561 1414 1582 vero
1430 1549 1520 1581 mala
1536 1560 1544 1582 ε
1560 1548 1651 1581 liber
1663 1560 1744 1594 ergo
1759 1548 1891 1594 cequalis

1214 1602 1329 1635 malus
1356 1609 1427 1641 est,
1450 1602 1532 1647 quia
1557 1601 1728 1635 Martialis
1756 1601 1892 1647 judicio

1215 1666 1399 1699 nunquam
1413 1654 1504 1687 liber
1523 1662 1616 1687 totus
1631 1654 1745 1688 bonus
1759 1662 1822 1688 est.

1099 1786 1268 1844 XCI.

936 1931 1004 1959 AD
1051 1911 1453 1961 JUVENALEM.⁴‘

551 2045 621 2086 DF.
652 2051 828 2096 nostro,
857 2039 1070 2094 facunde,
1100 2039 1205 2094 tibi,
1226 2035 1475 2096 Juvenalis,
1500 2039 1639 2101 agello

619 2109 918 2156 Saturnalitias
947 2110 1160 2154 mittimus
1189 2126 1291 2155 ecce
1322 2127 1467 2155 nuces.

532 2231 545 2245 '¹
562 2235 678 2268 Nuces
693 2233 836 2266 mittens
855 2230 898 2265 ad
919 2230 1072 2264 sodalem
1093 2230 1155 2264 Sa-

479 2288 670 2323 turnalium
690 2284 1016 2331 tempore‚venian1
1036 2292 1154 2329 nogat,

481 2355 524 2375 ne
555 2341 659 2374 nimis
686 2339 853 2384 exiguum
882 2336 918 2371 id
945 2336 1076 2371 xenioli
1108 2337 1158 2370 vi-

480 2394 603 2428 deatur
613 2407 622 2436 ;
632 2393 674 2426 ab
686 2393 754 2426 hoc
766 2399 882 2425 autem
899 2389 1157 2424 excusationem

480 2447 587 2494 petit,
621 2444 718 2492 quod
748 2445 813 2478 sibi
840 2445 911 2490 jam
937 2451 1063 2489 praeter
1089 2455 1157 2476 nu-

478 2512 534 2533 ces
552 2499 640 2532 nihil
657 2498 850 2544 reliquum,
862 2505 964 2542 rapto
980 2495 1156 2542 quidquid

480 2554 663 2587 fructuum
694 2551 820 2584 tulerat
841 2561 933 2595 ager.
954 2550 1062 2582 —At
1095 2560 1156 2583 cu—

479 2615 550 2639 stos
568 2603 686 2638 aderat
699 2604 845 2649 Priapus
859 2603 866 2635 !
878 2623 930 2629 —
943 2604 987 2636 At
1004 2614 1076 2635 non
1090 2601 1150 2636 de-

478 2657 665 2697 sendebat;
691 2657 813 2702 puellae
835 2655 926 2688 enim
946 2655 1126 2700 rapiebant
1143 2668 1150 2688 :

1216 2232 1341 2276 puellis
1363 2239 1479 2264 autem
1503 2230 1588 2277 quid
1610 2243 1682 2264 non
1701 2230 1793 2264 sinet
1813 2230 1896 2264 libi-

1217 2283 1362 2318 dinosus
1393 2293 1426 2318 et
1461 2285 1670 2318 seminarum
1709 2282 1894 2330 cupidissi-

1217 2349 1294 2371 mus
1314 2337 1433 2370 Deus?

1272 2403 1299 2424 1.
1315 2390 1475 2423 lua-abans
1495 2390 1641 2424 Juntina
1666 2389 1749 2423 anni
1772 2390 1866 2423 1512
1883 2401 1893 2430 ;

1217 2443 1322 2485 vitio,
1343 2452 1381 2477 ut
1402 2444 1559 2489 suspicor
1574 2469 1584 2484 ‚
1601 2455 1801 2490 operarum.
1819 2441 1893 2476 Coe·

1217 2505 1312 2538 tera,
1329 2496 1424 2530 nulla
1446 2505 1496 2530 est
1517 2496 1676 2530 lectionis
1697 2495 1857 2528 varietas.

1272 2563 1304 2583 a.
1325 2549 1554 2583 Saturnalitia
1567 2576 1576 2590 ,
1599 2557 1663 2582 etc.
1680 2547 1817 2590 Quibus
1832 2546 1894 2580 sci-

1215 2603 1292 2637 licet
1311 2602 1445 2637 luditur
1465 2603 1500 2636 in
1519 2601 1771 2636 Saturnalibus.
1790 2599 1893 2634 Cons.

1215 2656 1275 2689 lib.
1291 2657 1334 2693 V,
1352 2656 1460 2700 epigr.
1483 2667 1559 2689 xxx.
