1978 3305
370 190 957 241 EPIGRAMMATUM
994 198 1118 242 LIB.
1145 201 1228 243 VI.

1411 201 1495 247 131

237 284 463 345 Amphora
493 301 593 329 cum
622 285 798 329 domina
825 302 942 329 nunc
966 302 1079 330 nova
1108 286 1185 331 fiat
1208 303 1329 333 anus.

168 354 356 398 Caecuba
380 371 469 398 non
493 354 607 399 solos
633 355 848 400 vindemia
873 357 1039 400 nutriat
1061 357 1215 414 orbos;

241 425 424 468 Possunt
449 435 493 469 et
521 435 665 486 patres
695 427 862 483 vivere,
889 426 1017 470 crede
1046 427 1164 471 mihi.

235 546 310 588 Σὺν
338 541 377 588 δ’
399 547 435 590 οἱ
461 547 655 608 γηράσκω
674 554 739 590 νῦν
760 549 842 597 νέος
865 548 1118 608 ἀμφιφορεύς.

163 615 246 679 Μὴ
265 619 429 675 μούνους
460 614 560 668 οἶνος
587 618 767 675 τρεφέτω
790 614 1017 668 Καίκουὲος
1046 613 1246 669 ἄπαιδας·

232 680 315 729 Ῐσθι
340 687 434 746 σάφ’
463 691 514 738 ὡς
540 688 724 748 πατέρων
753 686 814 738 ἐςὶ
838 686 905 730 καὶ
929 682 1160 735 ἡδυπαθεῖν.

146 820 180 852 8.
203 819 243 851 In
269 817 396 852 eodem
415 818 492 852 MS.
515 831 597 852 nunc
618 831 696 851 nova
707 818 770 863 fiet

885 831 920 862 9.
937 808 1084 852 Caecuba.
1101 819 1182 853 Non
1197 820 1312 854 solum
1325 821 1366 855 iis
1384 823 1447 868 qui
1461 824 1503 857 li-

91 884 180 916 opus.
203 893 255 898 —
272 872 438 917 Amphora
454 898 463 911 ,
486 879 554 905 etc.
576 871 660 912 Quo
676 872 769 904 enim
828 871 921 905 beris
944 879 1083 913 carent,
1101 872 1221 906 bibere
1239 874 1361 907 vinum
1383 876 1505 909 Cmcu-

90 923 168 965 die,
202 936 261 957 seu
287 936 380 961 mas,
411 936 472 957 seu
505 924 636 957 femina
663 932 769 965 nata,

828 925 913 958 bum
926 950 934 965 ‚
951 923 1010 957 sed
1027 933 1061 958 et
1077 924 1119 959 iis
1137 925 1198 971 qui
1213 926 1342 960 liberos
1359 927 1501 970 habent,

89 975 290 1010 condebant
305 977 427 1010 vinum
443 989 577 1010 novum
593 1003 601 1018 ,
623 985 663 1010 ut
683 989 764 1010 cum
824 977 927 1010 liceat
945 976 1104 1011 hilariter
1117 978 1250 1013 vivere.
1264 980 1316 1013 De
1330 979 1413 1014 vino
1426 981 1500 1015 Cae-

88 1029 189 1075 prole
206 1038 376 1063 cresceret
395 1031 565 1068 suavitas,
586 1039 620 1063 et
633 1029 690 1063 die
704 1042 764 1063 na-

89 1081 150 1116 tali
172 1081 257 1117 inde
275 1091 410 1117 tantum
429 1083 641 1117 hauriretur.

825 1030 917 1064 cubo
953 1029 1114 1064 videatur
1150 1031 1242 1066 infra
1275 1033 1403 1067 Noster
1438 1033 1500 1068 lib.

827 1083 933 1118 XIII,
952 1083 1061 1129 epigr.
1083 1096 1157 1118 cxv.

654 1218 856 1275 XXVI
861 1219 938 1273 ΙΙ.

430 1372 798 1403 ΕΡΙΤΑΡΗιΠΜ
847 1355 1154 1402 GLAU01AE.*

296 1501 531 1543 LlBERTUS
556 1496 751 1541 Melioris
776 1495 844 1540 ille
869 1507 1021 1553 notus,

294 1572 406 1613 Tota
430 1569 504 1629 qui
531 1567 686 1613 cecidit
711 1567 884 1611 dolente
907 1569 1074 1621 Roma,

295 1641 397 1684 Cari
426 1637 588 1683 deliciae
613 1638 766 1682 breves
790 1638 984 1698 patroni,

292 1713 388 1754 Hoc
413 1709 492 1753 sub
519 1703 736 1752 marmore
764 1707 967 1753 Glaucias
990 1708 1195 1754 humatus

289 1783 449 1825 Juncto
475 1779 693 1823 Flaminiae
712 1778 830 1839 jacet
859 1778 1085 1840 sepulc-1¹03
1474 1808 1488 1832 5

292 1853 446 1897 Castus
473 1849 690 1905 moribus,
714 1851 922 1894 innocens
945 1849 1112 1910 pudore

136 1987 150 2002 '¹
170 1992 377 2037 Epitaphium
408 1990 555 2024 Glauciae
581 1989 626 2022 ad
646 1991 753 2022 viato-

86 2059 147 2078 rem
175 2044 356 2090 inscriptio
388 2051 439 2077 est
474 2043 510 2076 in
540 2041 752 2088 quIbusdam

82 2107 165 2132 vett.
209 2099 351 2131 Lemma
393 2104 549 2130 nostrum
588 2095 753 2129 exhibent

82 2151 163 2185 Ald.
186 2151 287 2184 Junt.
309 2149 422 2184 Colin.
443 2149 582 2194 Gryph.
602 2148 686 2182 aliae.

140 2218 170 2238 1.
193 2204 337 2237 Libertus
359 2203 514 2236 liselloris.
541 2201 634 2235 Vide
660 2201 752 2246 apud

82 2257 250 2298 Statium,
270 2256 362 2302 Sylv.
386 2256 447 2289 lib.
480 2256 533 2294 II,
557 2253 752 2301 Epicedion

81 2309 117 2342 in
139 2310 321 2344 Glauciam
338 2309 505 2342 Melioris.
525 2308 651 2341 Melior
668 2308 753 2340 Ate-

81 2361 162 2396 dius
184 2362 238 2395 vir
262 2374 342 2395 sane
365 2361 575 2394 clarissimus
596 2361 684 2401 fuit,
708 2360 752 2393 ad

81 2428 185 2461 quem
199 2422 280 2449 sunt
294 2413 396 2448 Statii
409 2413 518 2447 Arbor
529 2421 565 2446 et
579 2414 751 2447 Psittacus.

137 2470 169 2503 3.
189 2469 316 2501 Breues.
334 2468 425 2500 Puer
441 2467 534 2499 enim
551 2466 751 2499 exstinctus.

82 2543 130 2547 -
160 2523 306 2554 Patroni.
338 2520 492 2553 Melioris
522 2518 660 2558 Atedii,
691 2519 752 2563 qui

83 2575 263 2608 Glauciam
281 2574 470 2607 etiamnum
490 2572 656 2605 infantem
675 2584 753 2616 pro-

82 2636 160 2672 pter
175 2628 320 2660 formam
337 2635 368 2660 et
387 2626 561 2671 ingenium
581 2624 751 2657 manumi-

814 1997 915 2022 serat.
934 1990 987 2022 De
1002 1989 1056 2022 his
1074 1990 1118 2023 cf.
1137 1991 1305 2036 epigram.
1323 2004 1484 2039 sequens.

869 2041 902 2075 5.
921 2042 1021 2075 Juxta
1041 2043 1074 2076 F
1073 2043 1210 2076 laminloe
1230 2045 1319 2089 jacet
1336 2047 1486 2093 sepulchqz

814 2091 860 2133 (i.
882 2107 912 2128 e.
931 2095 1032 2127 Juxta
1057 2096 1097 2130 F.
1113 2098 1142 2140 j.
1163 2094 1405 2142 sepulchrum),
1424 2113 1483 2134 ex·

812 2148 909 2182 hibet
933 2148 1080 2193 margini
1098 2148 1311 2195 adscriptum
1332 2152 1353 2184 J
1358 2153 1483 2189 untina

811 2209 929 2234 nostra
943 2214 950 2233 z
968 2200 1145 2236 mendose.
1159 2203 1261 2236 Juxta
1277 2204 1482 2241 Flaminiam

812 2254 904 2288 viam
923 2255 1098 2288 Romanos
1113 2267 1193 2288 suos
1212 2264 1370 2290 mortuos
1385 2271 1482 2305 sepe-

811 2307 877 2339 lire
900 2307 1019 2340 solitos
1041 2319 1134 2347 esse,
1156 2308 1244 2342 hene
1263 2317 1388 2344 notum
1415 2321 1478 2347 est.

813 2359 916 2392 Forte
939 2371 946 2392 :
975 2361 1048 2392 Hoc
1065 2361 1120 2393 sab
1146 2374 1296 2395 marmore
1324 2362 1480 2398 Glaucias

812 2413 966 2446 lzamattcs.
990 2413 1090 2445 Juxta
1112 2413 1302 2447 Flaminiam
1322 2418 1411 2461 jacet
1434 2432 1479 2451 se·

807 2465 918 2509 pulcro
949 2464 1062 2498 Castus
1076 2492 1084 2505 ,
1116 2475 1179 2500 etc.
1210 2488 1263 2495 —-
1291 2468 1474 2504 Flaminiae.

812 2518 887 2550 Viae
910 2530 1037 2563 nempe
1053 2527 1148 2552 extra
1163 2520 1316 2562 Urbem,
1341 2522 1385 2556 de
1411 2536 1477 2569 qua

813 2571 871 2603 lib.
891 2571 955 2610 IV,
971 2583 1062 2612 Lxlv,
1079 2580 1112 2604 et
1129 2573 1199 2613 IX,
1215 2586 1320 2608 Lvnt.

867 2626 898 2655 (i.
924 2625 963 2656 Iu
986 2623 1063 2657 Ald.
1087 2626 1183 2659 Junt.
1205 2626 1320 2660 Colin.
1342 2628 1478 2675 Gryph.

1258 2714 1287 2758 ε’)
1301 2698 1312 2714 ²
