1978 3305
378 236 960 280 EPIGRAMMATUM
999 236 1291 279 LIB.VIII.
1440 234 1535 282 365

272 322 523 384 Splendeat,
549 333 591 368 et
619 324 796 384 cingant
816 323 949 367 florea
975 331 1088 366 serta
1111 333 1256 383 caput.

204 393 398 439 Candida
427 395 674 454 nigrescant
700 392 846 438 vetulo
869 392 1068 454 crystalla
1098 392 1303 445 Falerno,

271 465 329 507 Et
350 463 487 508 caleat
514 463 673 508 blando
698 463 837 508 mollis
860 480 1007 508 amore
1033 473 1166 507 torus.

202 534 291 590 Qui
318 535 378 578 sic
400 533 467 578 vel
489 536 632 578 medio
655 534 802 578 finitus
824 535 930 578 vixit
950 535 994 577 in
1018 550 1132 586 aevo,

273 605 467 665 Longior
497 605 598 648 huic
627 604 740 648 facta
767 614 853 659 est,
875 620 1003 664 quam
1032 604 1131 647 data
1157 605 1247 647 vita
1272 603 1363 647 fuit.

188 744 222 779 4.
240 740 272 773 F
273 740 357 772 lorea
377 748 459 773 serta
480 752 576 772 comae
597 738 807 773 Beverlandi

134 792 445 838 llis—Splendeat.
457 792 627 826 Nitescat:
640 805 683 826 an
692 818 701 833 ‚
711 791 807 837 quod

131 858 230 878 more
257 857 402 878 romano
432 844 688 890 optatissimum
721 845 804 888 fuit,

132 898 292 932 flavescat
307 897 322 930 Ξ)
342 898 411 930 En.

188 950 220 984 5.
244 950 393 984 Candida
420 952 608 996 nigrescant.
634 949 806 983 Poculum

131 1002 225 1036 enim
246 1015 287 1036 ex
308 1003 472 1048 crystallo
491 1003 565 1037 vini
586 1003 692 1037 infusi
714 1003 807 1036 colo-

130 1068 202 1088 rem
224 1056 549 1089 trahittFalernum
569 1069 654 1090 vero
670 1056 805 1089 fuscum

131 1116 255 1142 est.—
272 1108 378 1142 Unde
398 1117 432 1142 et
453 1122 558 1155 supra
582 1127 595 1140 ι
612 1121 806 1142 marmorea

133 1160 280 1195 t'undens
299 1164 392 1206 nigra
411 1162 558 1197 Falerna
576 1175 691 1196 mauu.
708 1179 720 1191 n
737 1162 804 1195 En.

922 751 954 783 7.
984 739 1048 771 Vel
1069 738 1180 771 medio.
1204 739 1274 781 Qui
1301 739 1541 784 voluptatibus

866 792 914 825 sic
945 803 1017 824 sese
1040 791 1246 832 immiscuit,
1272 792 1405 825 etiamsi
1426 792 1539 826 media

866 851 964 878 aetate
982 843 1136 885 occidat,
1154 843 1285 877 diutius
1304 853 1418 878 tamen
1437 846 1540 886 vixit,

865 909 969 942 quam
983 897 1040 929 Dii
1055 905 1314 930 concesserunt:
1327 898 1433 931 Poeta
1448 899 1540 931 enim

866 962 939 983 non
959 962 1107 983 numero
1126 949 1282 991 dierum,
1302 949 1364 984 sed
1385 951 1542 997 volupta-

865 1003 957 1036 tibus
969 1003 1075 1036 vitam
1091 1003 1283 1048 longiorem
1297 1003 1452 1037 aestimat.
1463 1004 1539 1036 Lib.

866 1056 902 1097 1,
921 1055 1032 1101 epigr.
1052 1067 1125 1090 ΧΠ.

920 1111 954 1143 8.
976 1110 1116 1154 Largior
1139 1109 1208 1142 huic
1229 1109 1322 1153 sacta
1348 1117 1392 1142 est
1416 1110 1541 1143 Bever-

865 1160 960 1194 landi
980 1162 1046 1195 Ms.

648 1316 1031 1373 LXXVIII.

552 1474 620 1502 DF.
659 1472 832 1502 LUDIS
872 1452 1130 1501 STELLAE.*

201 1600 336 1655 QUOS
361 1607 543 1659 cuperet
566 1595 791 1658 Phlegraea
815 1612 916 1640 suos
943 1597 1125 1640 victoria
1148 1595 1295 1648 ludos,

273 1668 421 1712 Indica
446 1684 557 1729 quos
583 1677 764 1728 cuperet
786 1683 970 1728 pompa,
997 1669 1151 1727 Lyaee,
1176 1677 1298 1722 tuos,

185 1811 199 1824 '
218 1811 356 1846 Laudat
373 1811 533 1853 Stellam,
549 1825 567 1846 a
589 1824 659 1858 quo
679 1820 806 1856 praeter

132 1865 351 1911 triumphum
366 1865 575 1906 Domitiani,
586 1865 740 1898 carmine
754 1876 807 1897 ce-

131 1918 322 1959 lebratum,
343 1918 447 1951 etiam
469 1917 545 1951 ludi
567 1917 613 1952 ad
634 1917 805 1950 honorem

131 1971 325 2017 Principis,
353 1979 388 2004 et
416 1971 571 2004 victoriae
601 1971 804 2003 memoriam

131 2033 213 2057 sunt
235 2023 308 2057 dati
327 2036 335 2058 :
357 2036 460 2069 quem
486 2033 602 2058 tamen
630 2024 803 2057 honorem

131 2078 314 2122 praesentia
334 2077 478 2111 Caesaris
497 2076 692 2122 superavit;
710 2074 807 2122 quod

131 2129 186 2162 his
213 2130 328 2163 Stellae
353 2129 445 2162 ludis
473 2129 639 2163 interesse
662 2142 734 2162 non
763 2129 808 2162 sit

131 2181 351 2227 dedignatus.
370 2184 507 2216 Rmxzn.

190 2246 221 2267 1.
243 2236 352 2278 Quos,
374 2243 442 2269 etc.
466 2234 673 2280 Magnificos
699 2234 747 2267 ita
774 2242 807 2267 et

131 2286 333 2332 splendidos
368 2286 470 2320 ludos
507 2296 547 2320 ut
584 2289 624 2321 iis
662 2296 806 2332 cuperet

132 2340 308 2385 Phlegraea
321 2341 481 2378 victoria,
499 2341 539 2373 iis
552 2340 660 2373 lndiae
680 2343 805 2373 trium-

131 2393 260 2438 phator
287 2393 441 2426 Bacchus
470 2393 647 2426 celebrari.
670 2393 736 2425 Et).
753 2413 805 2419 —-

131 2446 311 2490 Plzlegraea.
322 2446 517 2478 Victoriam
531 2445 742 2490 Phlegraeam
756 2445 806 2477 in-

131 2499 380 2544 telligc‚quam
396 2497 440 2531 de
458 2497 668 2542 Gigantibus
686 2497 807 2530 retulit

131 2551 299 2584 Hercules
322 2552 357 2584 in
383 2551 526 2596 planitie
548 2551 708 2590 Cumaea,
731 2562 808 2595 quae

131 2604 216 2637 olim
246 2603 422 2649 Phlegraea
455 2602 498 2643 (a
525 2605 668 2648 φλέγειν,
697 2596 807 2645 urere)

132 2655 318 2690 dicebatur
337 2657 383 2689 ob
411 2656 564 2689 flammas
592 2656 661 2689 illic
692 2668 807 2689 ermn-

867 1819 999 1856 pentes.
1013 1810 1066 1844 Cf.
1083 1810 1214 1843 Natalis
1229 1811 1354 1844 Comes
1366 1812 1543 1856 ‚lib.V11,

867 1875 941 1908 cap.
962 1876 993 1896 2.
1006 1862 1193 1896 Videndus
1206 1871 1239 1897 et
1251 1863 1366 1899 strab.
1378 1865 1438 1898 lib.
1448 1867 1493 1898 V.

923 1928 955 1949 2.
982 1916 1095 1949 Indica
1125 1930 1200 1961 quos
1230 1925 1353 1962 cuperet
1369 1944 1379 1958 ,
1409 1919 1540 1963 Pompi-

867 1970 965 2008 liane,
983 1977 1051 2002 tuos
1064 1982 1105 2002 ex
1115 1968 1268 2014 quodam
1279 1969 1398 2004 codice
1407 1973 1543 2016 profert

866 2021 1281 2056 Beverlandus.—lndtca
1287 2036 1413 2069 pompa.
1425 2025 1539 2065 Quem

865 2075 997 2108 scilicet
1012 2075 1167 2108 Bacchus
1186 2076 1403 2121 triumphum
1422 2075 1541 2111 debel-

865 2128 933 2162 lata
954 2127 1055 2161 India
1077 2129 1165 2173 egit,
1188 2127 1283 2162 hunc
1302 2142 1416 2174 nuper
1437 2129 1541 2164 Stella

867 2181 1042 2223 exhibuit,
1067 2190 1107 2214 ut
1135 2181 1329 2214 Domitiani
1360 2182 1539 2217 victoriam

867 2233 911 2267 de
924 2234 1089 2267 Sarmatis
1102 2234 1542 2280 celebraret.Triumphum

867 2286 993 2320 Bacchi
1016 2298 1096 2319 cum
1121 2287 1179 2319 illa
1208 2286 1368 2320 Herculis
1396 2288 1540 2323 victoria

865 2339 1047 2384 conjunxit
1061 2338 1163 2372 etiam
1179 2338 1282 2371 Silius
1293 2339 1434 2373 Italicus
1444 2342 1542 2381 ‚Pu-

865 2392 1027 2425 nicorum
1047 2391 1107 2424 lib.
1128 2391 1254 2432 XVH,
1277 2394 1371 2436 647:
1390 2410 1403 2421 α
1420 2394 1540 2435 Qualis

866 2443 1019 2477 odoratis
1034 2443 1249 2477 descendens
1265 2444 1372 2478 Liber
1386 2446 1428 2479 ab
1442 2447 1540 2481 Indis

866 2497 945 2542 Egit
957 2496 1161 2542 pampineos
1175 2497 1314 2530 fraenata
1328 2497 1453 2542 tigride
1464 2512 1540 2534 cur-

866 2562 925 2582 rus
938 2563 947 2590 ;
960 2550 1032 2582 Aut
1045 2561 1152 2594 quum
1165 2550 1351 2594 Phlegraeis
1361 2575 1370 2592 ,
1385 2554 1541 2588 confecta

867 2603 960 2635 mole
988 2602 1179 2647 Gigantum
1192 2625 1202 2641 ,
1236 2603 1379 2637 Incessit
1411 2609 1542 2651 campis

869 2663 1010 2699 tangens
1031 2655 1240 2699 Tirynthius
1262 2663 1364 2689 astra.
1386 2674 1398 2685 ιι
