1978 3305
338 253 926 300 EPIGRAMMATUM
963 253 1090 297 LIB.
1130 254 1211 295 VI.

1392 269 1474 296 111

212 344 268 386 Et
294 351 432 386 totam
454 341 616 403 Phryxi
640 343 663 386 J
667 341 752 385 ulia
774 341 896 385 nebit
917 355 1057 384 ovem.

70 469 98 503 F
103 469 254 514 ulvaque
270 468 462 503 concordes
478 471 671 515 junxerunt
691 468 749 502 fila

69 522 407 556 sorores.»-—Nie·eo
413 523 539 567 pollice.
556 521 686 555 Seneca
705 520 749 555 de

70 575 211 608 Nerone
231 586 240 608 :
264 576 401 609 «Au-rea
425 576 580 610 formoso
605 573 748 608 descen-

71 626 162 661 dunt
180 627 307 673 pollice
322 628 414 662 fila.»-

125 684 160 714 6.
174 681 208 713 E
211 688 224 712 t
238 688 303 714 toto
311 681 440 726 Phryxi
449 678 657 714 Beverlandi
671 679 745 713 MS.

69 733 120 766 Et
131 741 228 766 totam
238 734 363 781 Phryxi
373 734 462 767 Julia
472 733 562 766 nubit
573 745 656 766 ovem
668 731 746 766 cod.

69 785 98 819 F
99 786 228 820 lorent.
241 807 293 813 —-—
305 787 432 834 Phryxi
443 813 452 827 ,
471 794 535 819 etc.
551 786 676 819 Vellus
692 797 749 818 au-

69 851 169 872 reum
181 864 191 880 ,
210 839 312 883 quale
327 848 401 873 erat
420 839 536 872 arietis
561 839 655 872 illius
675 851 748 884 quo

69 891 231 937 Phryxus
254 901 375 926 vectus
401 904 421 925 e
442 892 574 925 Boeotia
603 891 641 924 in
666 891 750 925 Col-

69 943 154 978 chos
188 945 436 979 transfretavit.
473 945 553 978 Fuit
587 945 746 990 Phryxus

68 997 290 1031 Athamantis
299 998 392 1032 filius
400 1023 410 1039 ‚
421 998 483 1044 qui
494 1010 602 1043 quum
618 1010 744 1031 nover-

68 1061 142 1084 cam
158 1050 342 1096 Nephelen
355 1076 365 1093 ,
381 1052 547 1084 feminam
571 1052 746 1096 impoten-

68 1103 255 1145 tissimam‚
274 1105 365 1138 ferre
379 1117 453 1137 non
469 1112 601 1151 posset,
619 1104 746 1149 profu-

67 1155 119 1200 git
130 1168 202 1190 una
214 1169 295 1190 cum
307 1158 405 1191 Helle
414 1170 546 1191 sorore.
557 1156 746 1190 Abduxere

67 1221 186 1242 secum
201 1210 346 1243 arietem
365 1210 536 1244 eximium
552 1222 659 1243 aureo
674 1210 747 1244 vel-

68 1261 139 1295 lere
148 1288 157 1303 ,
170 1264 268 1309 cujus
281 1263 318 1296 in
331 1271 428 1309 tergo
439 1262 484 1296 ad
497 1262 744 1309 trajiciendum

67 1313 337 1360 Hellespontum
350 1341 359 1357 ,
385 1329 494 1362 quum
522 1316 620 1349 navis
649 1316 746 1349 nulla

67 1376 271 1413 suppeteret
279 1394 288 1410 ‚
299 1368 477 1402 sederunt.
490 1369 590 1402 Helle
602 1369 639 1402 in
649 1381 746 1402 mare

67 1419 200 1454 decidit
223 1429 258 1454 et
278 1422 508 1468 Hellesponto
529 1434 661 1455 nomen
683 1420 746 1455 de-

808 466 881 509 dit;
903 467 1065 512 Phryxus
1083 466 1120 499 in
1139 463 1345 499 Colchidem
1362 478 1483 511 perve-

807 521 862 553 nit
880 518 925 553 ad
941 522 1084 561 AEeten‚
1102 517 1236 552 Medeae
1253 526 1389 564 patrem
1406 530 1414 551 :
1434 519 1482 551 ihi

808 573 952 606 arietem
974 572 1080 606 Marti
1101 571 1313 612 immolavit,
1339 572 1483 618 ejusque

807 638 952 660 aureum
971 625 1084 659 vellus
1105 625 1177 670 regi
1199 623 1353 658 tradidit.
1382 625 1482 657 Aries

805 679 844 711 in
863 677 976 712 sidera
992 678 1124 711 relatus
1144 685 1206 711 est.
1223 699 1276 704 -—
1294 678 1395 711 Julia.
1411 677 1485 710 Titi

808 731 896 773 filia,
919 730 1034 777 neptis
1054 730 1260 764 Domitiani.
1287 731 1352 764 Illa
1378 730 1484 776 igitur

807 784 1002 817 Domitiani
1019 783 1134 816 filium
1150 795 1223 816 non
1236 792 1374 829 poterat
1392 796 1484 825 non,

807 845 931 883 utpote
951 833 1155 882 sanguinem
1178 837 1315 881 patrui,
1342 849 1457 870 amare
1475 849 1483 869 ε

807 891 880 924 sive
894 890 1035 930 amarit,
1056 890 1128 923 sive
1145 888 1278 931 oderit,
1296 889 1365 923 hoc
1382 898 1485 935 poeta

807 956 850 977 ex
869 942 997 977 decoro
1019 942 1132 988 fingit.
1159 942 1286 976 Sensus
1305 955 1387 988 ergo
1406 951 1457 975 est
1473 955 1481 976 :

805 997 900 1030 Julia
915 996 1015 1042 quasi
1029 995 1094 1029 dea
1106 1021 1115 1037 ‚
1129 996 1317 1029 Parcarum
1329 996 1408 1029 loco
1419 995 1484 1028 tibi

804 1049 985 1092 nascenti,
1000 1057 1153 1094 natoque
1168 1049 1267 1082 nebit
1280 1048 1393 1082 felicia
1404 1048 1484 1081 vitae

805 1103 952 1137 stamina
988 1111 1022 1136 et
1057 1114 1160 1136 aurea
1190 1102 1249 1135 fila
1260 1127 1270 1141 ,
1299 1110 1484 1147 totumque

805 1156 915 1190 vellus
935 1168 1099 1197 aureum,
1118 1153 1154 1189 id
1175 1163 1240 1191 est,
1257 1167 1390 1188 meram
1407 1155 1483 1188 feli-

806 1210 959 1243 citatem.
987 1208 1044 1242 Sic
1064 1208 1256 1254 Virgilius,
1285 1209 1482 1253 Augustum

806 1263 942 1296 felicem
954 1262 1030 1295 fore
1041 1262 1234 1307 conjiciens
1247 1288 1256 1303 ,
1269 1262 1315 1295 ait
1325 1262 1398 1294 Ecl.
1411 1262 1483 1294 IV:

811 1316 911 1361 «Ipse
927 1314 988 1349 sed
1008 1315 1044 1347 in
1062 1314 1172 1360 pratis
1191 1315 1278 1348 aries
1295 1316 1367 1360 jam
1383 1326 1486 1347 suave

810 1368 958 1401 rubenti
978 1368 1136 1410 Murice,
1159 1369 1228 1413 jam
1257 1380 1382 1401 croceo
1408 1380 1485 1400 mu-

805 1421 895 1455 tabit
909 1421 1038 1455 vellera
1058 1421 1147 1454 luto.
1161 1437 1175 1450 n

718 1564 823 1619 IV.

555 1699 1004 1750 ADULATORIUM.*

208 1845 396 1889 CENSOR
422 1845 630 1900 maxime,
651 1845 987 1906 principumque
1013 1844 1236 1906 princeps,

120 1978 370 2018 *Adulatorium
380 1985 508 2019 lemma
522 1986 620 2019 estin
635 1987 744 2020 omni-

66 2038 132 2070 bus
143 2036 226 2071 edd.
237 2038 299 2072 Ad
310 2038 467 2072 Coesarem
481 2039 517 2072 in
529 2038 633 2073 codd.
646 2040 742 2073 Vatt.

68 2089 221 2124 Florent.
251 2090 352 2124 Bodl.
378 2100 412 2125 et
433 2091 644 2126 Beverlandi
668 2092 743 2126 MS.

71 2160 85 2172 «ι
94 2143 150 2177 Sic
161 2141 222 2184 (sc.
236 2144 478 2186 Adulatorium)
490 2146 552 2179 lib.
565 2146 599 2179 X
610 2171 620 2187 ‚
632 2146 742 2192 epigr.

67 2208 188 2239 Lxx113
205 2206 239 2231 et
257 2198 319 2232 lib.
341 2198 433 2239 XII,
453 2199 563 2245 epigr.
586 2211 642 2232 xv.
662 2200 744 2232 Non

65 2248 206 2283 videtur
241 2250 368 2284 lemma
401 2251 444 2284 ab
476 2252 553 2298 ipso
583 2252 744 2285 Martiale

67 2302 307 2348 epigrammati
326 2317 390 2337 suo
408 2304 654 2350 inscriptum.»
677 2306 742 2339 Be-

68 2355 207 2389 verland.

118 2428 171 2435 ——-
193 2407 330 2443 Laudat
354 2410 621 2451 Domitianum,
647 2410 743 2456 quod

64 2461 176 2507 legem
197 2461 327 2495 Juliam
347 2461 391 2495 de
412 2463 562 2509 stupris,
583 2471 618 2496 et
636 2463 743 2496 Scati-

65 2514 163 2547 niam
184 2514 228 2548 de
254 2514 498 2561 impudicitia,
523 2524 557 2549 et
577 2515 744 2550 adulteris

66 2566 263 2612 puniendis
275 2568 466 2610 revocarit,
483 2578 586 2614 atque
602 2569 743 2602 histrio-

65 2620 171 2653 nibus
182 2633 282 2655 scena
292 2620 512 2656 interdixerit
523 2635 531 2664 ;
545 2635 674 2668 pueros
688 2635 744 2656 ca-

67 2674 167 2706 strari
188 2686 207 2707 a
229 2675 460 2720 mangonibus
484 2676 634 2710 vetuerit
649 2702 657 2717 ,
678 2685 741 2710 etc.

803 1986 1014 2032 praefertque
1023 1986 1117 2019 hanc
1131 1986 1276 2021 Caesaris
1293 1985 1433 2020 laudem
1449 1996 1483 2020 et

803 2040 934 2073 factum
943 2066 951 2081 ,
965 2040 1098 2073 caeteris
1111 2039 1277 2072 omnibus
1290 2052 1349 2072 seu
1360 2041 1483 2073 trium«

803 2093 883 2139 phis
897 2120 905 2135 ‚
923 2105 984 2127 seu
1001 2092 1152 2138 templis.

862 2160 894 2180 1.
911 2145 1032 2179 Censor
1046 2148 1189 2179 maxime.
1205 2146 1399 2179 Censuram
1415 2147 1480 2179 sibi

805 2200 990 2245 assumpsit
1015 2199 1214 2233 maximam.
1239 2198 1334 2232 Vide
1357 2199 1481 2233 Sueto-

802 2253 904 2286 nium
916 2253 951 2286 in
966 2252 1169 2286 Domitiano
1181 2276 1190 2293 ‚
1207 2264 1283 2297 cap.
1304 2252 1338 2285 8.
1354 2253 1482 2298 Perpe-

803 2314 900 2339 tuam
925 2305 1014 2339 dixit
1032 2306 1112 2339 Dio.
1141 2304 1363 2338 Domitianus
1385 2318 1482 2339 revo-

802 2359 893 2392 cavit
922 2359 1035 2404 legem
1065 2358 1196 2391 Juliam
1226 2356 1270 2391 de
1301 2357 1481 2393 adulteriis

802 2411 1016 2457 puniendis,
1043 2423 1155 2444 mares
1183 2411 1324 2444 castrari
1346 2412 1478 2452 vetuit,

804 2465 1000 2498 Vestalium
1048 2463 1305 2510 impudicitiam
1360 2477 1481 2498 severe

803 2518 982 2559 coercuit;
1014 2518 1040 2547 Γ
1053 2517 1216 2551 „rueliam
1245 2517 1341 2550 enim
1373 2517 1480 2563 virgi-

802 2583 884 2604 nem
911 2570 1119 2611 maximam,
1147 2571 1344 2604 absolutam
1370 2571 1455 2604 olim
1472 2598 1481 2613 ,

803 2622 933 2658 dehinc
961 2623 1157 2658 convictam
1181 2622 1303 2658 defodi
1328 2623 1479 2669 impera-

804 2677 873 2710 vit:
896 2676 991 2711 unde
1013 2676 1139 2711 merito
1161 2677 1334 2711 maximus
1355 2690 1479 2711 censor
