1978 3305
409 208 434 259 s.
775 203 836 245 M.
859 202 1005 247 VAL.
1049 199 1443 244 MARTIALIS

1059 352 1138 406 ΙΙ.

914 509 980 537 Λῐ)
1020 486 1332 536 Ι,Ε(ῑί“οιὶ]ῐ5.’ι

619 636 868 678 MATRONAE
880 667 891 687 ‚
915 632 1125 693 puerique
1141 666 1154 687 ,
1171 630 1446 691 virginesque
1461 665 1471 684 ‚

618 703 757 749 Vobis
785 703 942 764 pagina
967 711 1118 746 nostra
1141 700 1379 745 dedicatur.

616 777 707 828 Tu,
726 790 856 834 quem
883 773 1083 834 nequitiae
1108 772 1384 833 procaciores

615 843 848 889 Delectant
872 844 1053 887 nimium
1068 878 1079 899 ,
1101 841 1295 903 salesque
1320 841 1447 897 nudi,

618 915 827 959 Lascivos
854 913 948 975 lege
977 923 1166 974 quatuor
1195 911 1386 966 libellos;

618 986 810 1043 Quintus
833 1001 932 1029 cum
955 984 1149 1028 Domino
1171 982 1279 1027 liber
1296 983 1491 1042 jocetur,

617 1058 763 1113 Quem
790 1055 1079 1099 Germanicus
1110 1070 1186 1097 ore
1217 1069 1307 1096 non
1333 1052 1506 1096 rubenti

622 1129 785 1171 eoram
816 1125 1031 1186 Cecropia
1056 1123 1172 1186 legat
1196 1122 1354 1184 puella.

460 1269 473 1281 *
492 1265 741 1302 Verecundum
758 1265 806 1300 ait
818 1265 914 1299 hunc
925 1265 1085 1298 libellum

406 1330 440 1355 et
470 1330 601 1356 castum
618 1347 627 1360 ‚
657 1331 784 1365 nempe
809 1318 937 1352 Caesari
961 1318 1085 1352 inscri-

407 1382 508 1419 ptum
521 1400 530 1416 ,
551 1375 652 1419 cujus
668 1375 827 1418 majestas
841 1379 876 1404 et
889 1370 1085 1404 reverentia

407 1426 571 1461 excludat
589 1438 731 1459 omnem
745 1425 935 1458 verborum
949 1435 1085 1457 rerum-

406 1492 474 1526 que
497 1479 699 1521 licentiam;
725 1476 824 1524 quod
854 1485 889 1510 et
910 1477 972 1510 lib.
996 1477 1086 1509 VIII

407 1532 512 1566 docet
552 1532 800 1578 epigrammate
826 1530 886 1564 Ad
921 1542 1007 1562 suum
1047 1530 1087 1562 li-

410 1586 497 1618 brum
512 1612 520 1625 ‚
542 1597 647 1630 quein
668 1584 713 1617 ita
737 1583 867 1616 assatur
888 1594 896 1616 τ
925 1600 938 1612 α
965 1582 1089 1616 Lauri-

407 1651 511 1683 geros
541 1637 678 1671 domini
702 1637 794 1670 liber
824 1636 996 1669 intrature
1027 1648 1086 1681 pe-

407 1700 531 1733 nates,
563 1691 664 1723 Disce
700 1688 903 1723 verecundo
935 1688 1088 1722 sanctius

408 1757 470 1778 ore
491 1743 601 1789 loqui.
623 1760 636 1772 n

461 1820 513 1824 ——
531 1796 590 1830 Ad
601 1796 758 1828 Lectores.
775 1794 862 1835 Alii,
881 1795 931 1827 De
949 1793 1087 1828 Eodem.

467 1863 497 1883 1.
522 1849 700 1888 Matr-ome,
724 1857 790 1881 etc.
812 1846 896 1880 Vid.
920 1846 982 1880 lib.
1010 1847 1083 1885 ΙΙΙ,

408 1903 518 1949 epigr.
537 1913 654 1942 mwu,
674 1913 723 1934 vs.
748 1904 783 1940 [2.

462 1957 496 1990 5.
518 1955 667 2000 Quotam·
681 1953 815 1986 libellos.
835 1951 1085 1986 praecedentes.

464 2011 497 2042 6.
524 2008 661 2052 Quintus
687 2020 755 2039 cum
783 2005 908 2039 domitto
936 2005 1013 2038 liber·
1031 2007 1086 2049 jo-

409 2071 500 2095 catur
519 2058 729 2094 Bet-erlandi
748 2059 821 2093 MS.

463 2127 498 2159 7.
516 2114 616 2158 Quem
631 2112 850 2147 Germanicus.
866 2110 1087 2144 Domitianus

410 2181 426 2200 a
444 2167 588 2201 devictis
601 2165 786 2200 Germanis
807 2163 1007 2198 Germanici
1022 2176 1086 2196 no-

409 2233 490 2253 men
507 2219 690 2265 assumpsit
701 2243 711 2259 ‚
726 2230 836 2263 quum
852 2217 894 2250 ab
908 2217 956 2251 eis
971 2225 1085 2250 tamen

409 2273 515 2306 foedas
530 2271 646 2306 clades
663 2270 860 2316 accepisset.
882 2269 984 2304 Hunc
1004 2282 1086 2302 vero

408 2326 536 2359 librum
552 2333 620 2358 tam
641 2322 880 2358 verecundum
901 2331 934 2356 et
953 2332 1084 2356 castum

408 2391 480 2412 esse
501 2377 588 2411 dicit
605 2378 709 2411 Poeta
722 2402 731 2417 ‚
752 2385 791 2410 ut
807 2376 849 2409 ab
870 2377 1086 2421 Imperator<-

408 2431 475 2475 l.³gi
506 2430 615 2476 possit
643 2442 747 2462 coram
781 2428 932 2474 Cecropia
953 2429 1082 2473 puella,

411 2486 476 2517 linc
490 2491 539 2516 est
549 2509 557 2524 ‚
571 2495 688 2516 coram
697 2481 857 2515 Minerva
871 2508 879 2522 ‚
893 2494 969 2527 quae
982 2481 1087 2514 Athe-

408 2538 462 2569 nis.
475 2536 654 2570 colebatur
666 2561 675 2575 ‚
695 2546 800 2581 quam
816 2543 848 2567 ct
863 2547 999 2567 summo
1014 2542 1086 2568 stu-

408 2589 468 2622 «lin
485 2589 620 2622 colebat
639 2587 872 2621 Domitianus.
896 2585 1083 2620 Suetonius

1145 1265 1182 1298 in
1204 1264 1429 1306 Domitiano,
1451 1276 1526 1311 cap.
1552 1269 1585 1305 4.
1617 1265 1685 1298 Alii
1713 1265 1820 1299 inter·

1145 1325 1328 1363 pretantur
1340 1317 1514 1363 virginem
1529 1316 1657 1351 Palladi
1673 1329 1823 1359 sacram,

1145 1383 1222 1416 quae
1241 1371 1312 1404 ritu
1330 1370 1526 1404 Vestalium
1540 1370 1672 1404 viveret
1685 1396 1694 1410 ,
1711 1379 1823 1404 custo-

1145 1423 1226 1456 dem
1245 1424 1366 1457 aetcrni
1389 1423 1476 1469 ignis
1488 1449 1495 1462 ,
1512 1424 1548 1456 in
1566 1422 1720 1457 Poliadis
1735 1432 1820 1457 tem-

1145 1477 1225 1522 plo,
1250 1476 1312 1509 ubi
1340 1474 1535 1509 Palladium
1571 1475 1675 1510 fuisse
1700 1475 1822 1522 opinio

1147 1537 1206 1562 ccr
1241 1529 1386 1570 Strabo,
1410 1529 1470 1562 lib.
1495 1529 1572 1562 IX:
1601 1545 1615 1559 α
1635 1530 1742 1570 Astu,
1769 1541 1822 1562 sa-

1146 1594 1228 1615 xum
1246 1590 1297 1615 est
1312 1583 1348 1615 in
1366 1581 1510 1626 planitie
1523 1580 1711 1615 domiciliis
1722 1581 1823 1615 undi-

1146 1647 1214 1680 que
1229 1633 1496 1668 circumdatum.
1514 1634 1556 1667 In
1579 1647 1621 1668 eo
1639 1647 1720 1668 saxo
1737 1643 1823 1668 tem·

1145 1688 1244 1734 plum
1267 1696 1317 1721 est
1336 1687 1524 1728 Minervae,
1542 1695 1577 1720 et
1600 1696 1733 1721 vetusta
1754 1687 1821 1721 Po-

1147 1739 1247 1774 liadis
1269 1739 1358 1774 aedes
1374 1765 1383 1779 ‚
1405 1741 1440 1773 in
1457 1752 1524 1786 qua
1539 1752 1676 1785 semper
1692 1739 1817 1774 ardens

1146 1794 1288 1827 lucerna
1307 1801 1341 1826 et
1360 1793 1535 1837 virginum
1553 1791 1679 1826 domus
1691 1819 1700 1834 ,
1715 1805 1819 1839 quam

1147 1846 1281 1880 Ictinus
1301 1845 1484 1887 condidit,
1508 1846 1545 1878 in
1573 1858 1641 1891 qua
1663 1846 1821 1879 Minerva

1147 1900 1297 1933 eburnea
1316 1899 1449 1932 Phidiae
1465 1911 1555 1945 opus
1573 1907 1634 1932 est.
1645 1916 1657 1928 »ι
1673 1899 1822 1932 Alexan-

1147 1951 1209 1986 der
1226 1952 1329 1985 etiam
1352 1950 1511 1997 prodidit
1531 1951 1667 1986 Genial.
1683 1950 1820 1985 dierum

1147 2005 1207 2039 lib.
1234 2006 1278 2045 V,
1299 2017 1373 2050 cap.
1404 2018 1414 2038 1
1429 2019 1445 2038 2
1473 2016 1480 2037 :
1507 2022 1520 2035 u
1537 2005 1636 2050 cujus
1655 1999 1820 2048 (Vestae)

1146 2058 1255 2092 instar
1284 2058 1391 2098 sacri,
1418 2058 1455 2090 in
1484 2056 1639 2091 Poliadis
1667 2057 1821 2103 templo,

1146 2111 1256 2145 multa
1280 2111 1447 2156 religione
1474 2110 1629 2155 inclyto,
1651 2110 1686 2143 in
1706 2110 1820 2144 Attica

1147 2164 1252 2197 fuisse
1272 2163 1433 2209 legimus,
1453 2163 1488 2196 in
1511 2175 1583 2209 quo
1603 2163 1755 2208 virgines
1771 2175 1822 2197 as-

1147 2215 1246 2250 sidue
1262 2215 1385 2262 degere
1400 2243 1407 2255 ,
1429 2216 1598 2262 lychnum
1619 2216 1820 2250 inexstincti

1146 2269 1311 2309 luminis,
1341 2270 1531 2302 multorum
1555 2268 1677 2313 opinio
1706 2269 1784 2302 suit.
1802 2286 1815 2298 υ

1147 2323 1263 2355 Radcr.
1275 2322 1317 2355 Et
1328 2322 1555 2355 Philomelam
1567 2320 1724 2355 Raderus
1735 2347 1744 2363 ,
1755 2334 1820 2367 pu·-

1147 2383 1195 2408 tat
1216 2387 1316 2420 posse
1336 2375 1500 2420 intelligi,
1520 2387 1596 2419 qua:
1617 2375 1664 2408 ob
1683 2374 1820 2420 pudici-

1146 2429 1227 2461 tiam
1246 2436 1468 2467 temeratam,
1483 2427 1595 2460 lilium
1613 2428 1702 2473 patri
1722 2425 1820 2460 dedit

1147 2479 1359 2527 epulandum
1385 2493 1392 2514 ε
1429 2480 1483 2513 vel
1520 2480 1624 2514 ctiam
1660 2479 1820 2525 quamvis

1145 2535 1293 2568 Atticam
1310 2533 1487 2567 mulierem
1499 2559 1508 2575 ,
1521 2533 1611 2567 inter
1625 2544 1709 2578 quas
1723 2532 1820 2567 casti-

1147 2588 1223 2620 tatis
1245 2587 1331 2620 fama
1354 2586 1499 2619 valebat.
