1978 3305
418 240 1004 286 EPIGRAMMATUM
1041 239 1163 282 LIB.
1205 238 1257 279 V.
1488 234 1546 277 23

283 332 434 387 Quum
464 329 690 373 minimum
718 328 808 372 vati
833 343 992 371 munus
1017 325 1161 370 Alexis
1190 332 1294 368 erat.

215 399 328 454 Belle
343 435 354 455 ‚
376 399 518 459 inquis
534 434 545 455 ,
568 398 673 443 dixti
694 415 704 442 ε
728 399 830 443 satis
853 407 918 442 est
937 414 946 440 ε
968 395 1243 441 laudabimur
1267 408 1414 453 usque.

283 468 572 514 Dissimulas?
596 469 725 514 facies
750 485 844 524 me,
865 478 997 529 puto,
1024 465 1304 510 causidicum.

144 639 327 666 contentos
366 631 573 665 muneribus
589 656 598 673 ,
635 631 820 676 ipsumque

144 684 335 730 Virgilium
352 697 418 731 pro
437 684 585 717 minimo
601 695 747 717 munere
765 694 819 716 ac-

144 737 274 783 cepisse
296 737 473 771 servulum
486 762 496 778 ,
517 748 629 782 quum
653 743 822 782 praeterea

144 802 187 823 ex
203 798 276 824 arte
296 790 433 836 poetica
448 802 534 835 opes
555 789 684 835 amplas
706 800 822 822 conse-

145 851 324 888 queretur.

203 906 258 928 ια,
279 895 398 928 Munus
416 894 540 929 Alexis.
565 895 657 928 Puer
674 894 824 940 eleganti

145 949 258 981 forma
268 948 419 993 Virgilio
429 946 578 981 donatus
588 960 606 981 a
620 948 823 988 Maecenate,

145 1000 199 1033 vel
215 1000 375 1034 Pollione
389 1026 399 1042 ,
417 999 463 1033 de
481 1013 552 1046 quo
574 1000 676 1046 Virg.
693 1000 756 1034 ecl.
774 1001 821 1033 II.

203 1052 258 1087 13.
278 1052 488 1087 Beverlandi
508 1053 583 1087 MS.
599 1055 693 1098 juvat
707 1063 738 1085 et
754 1053 823 1085 lau-

145 1105 298 1138 dabimus.
320 1128 373 1133 --
392 1106 483 1139 Belle
496 1133 505 1147 ‚
527 1109 627 1151 inquis
640 1133 649 1146 ‚
671 1113 736 1139 etc.
755 1107 822 1140 Ac-

148 1159 273 1192 clamas
286 1159 376 1192 mihi
397 1159 500 1200 Belle,
522 1167 556 1192 et
575 1157 711 1200 laudas,
726 1159 824 1204 quasi

147 1212 228 1245 satis
246 1211 298 1245 sit.
317 1213 348 1243 V
354 1211 403 1245 id.
422 1212 510 1247 Dial.
536 1212 744 1253 Quintiliani
763 1224 824 1245 seu

880 628 1003 663 Taciti.
1020 627 1126 662 Ovid.
1148 625 1294 660 «inutile
1313 622 1468 659 studium
1487 640 1500 653 »
1519 623 1557 656 id

879 690 982 715 vocat
1003 681 1039 714 in
1061 680 1170 713 Trist.
1191 687 1225 713 et
1245 678 1346 723 epist.
1366 690 1408 711 ex
1426 677 1530 710 Pont.

938 738 996 774 14.
1016 733 1236 766 Dissimulas?
1254 731 1335 764 Non
1352 730 1406 763 vis
1427 728 1558 762 intelli-

880 799 961 832 gere
978 811 987 828 ,
1007 799 1062 819 me
1079 784 1173 818 aliud
1193 796 1336 830 poscere
1349 790 1476 829 praeter
1490 782 1561 814 lau-

881 838 987 873 dem?
1007 839 1091 872 infr.
1116 838 1226 883 epigr.
1252 848 1348 870 xxv1.
1372 857 1424 862 —
1447 836 1560 868 Facies

883 906 929 926 me
940 920 949 933 ,
969 899 1034 926 etc.
1051 892 1155 926 Certe
1167 890 1257 923 nihil
1271 887 1450 934 largiendo
1461 899 1561 932 coges

883 959 940 979 me
965 953 1101 978 mutare
1127 942 1282 977 studium
1298 967 1307 983 ‚
1328 950 1362 975 et
1389 941 1465 973 foro
1490 953 1562 973 ser-

882 999 974 1040 vire,
997 998 1058 1031 ubi
1084 1009 1179 1042 seges
1198 995 1312 1041 ampla
1337 1005 1562 1027 nummorum

883 1060 917 1086 et
952 1051 1065 1084 omnis
1102 1049 1240 1095 generis
1280 1058 1489 1088 munerum;
1529 1053 1564 1078 et

883 1105 1071 1139 clientibus
1080 1128 1089 1142 ,
1110 1115 1259 1148 quorum
1270 1100 1377 1145 magis
1391 1100 1565 1132 fructuosa

883 1156 1094 1191 existimatio
1121 1155 1208 1188 mihi
1239 1154 1430 1198 continget.
1462 1151 1563 1186 Conf.

882 1211 944 1244 lib.
960 1212 994 1249 Ι,
1009 1209 1117 1256 epigr.
1133 1219 1267 1242 Lxxvu.

768 1395 984 1451 XVII.

667 1566 718 1594 1N
758 1545 1051 1596 GELLIAM...

226 1721 339 1763 num
364 1733 572 1778 proavos,
593 1727 830 1778 atavosque
852 1717 1011 1773 refers,
1035 1728 1078 1761 ct
1104 1718 1280 1762 nomina
1306 1733 1484 1777 magum

295 1790 412 1832 Dum
440 1788 518 1833 tibi
542 1797 690 1832 noster
715 1804 846 1849 eques
873 1788 1044 1832 sordida
1071 1788 1265 1833 conditio
1290 1798 1377 1840 est3

208 1942 222 1955 ⁴
244 1946 357 1980 Gellia
387 1959 478 1991 saepe
508 1946 634 1992 agitata
658 1959 676 1979 a
707 1946 834 1987 Poeta,

156 1998 292 2033 ridetur
318 2000 466 2039 iterum,
491 2011 568 2045 quae
593 2000 639 2032 oh
661 2002 835 2044 majorum

157 2053 338 2097 imagines,
348 2060 382 2085 et
394 2052 612 2085 nobilitatem
627 2052 834 2097 jactabunda

156 2106 305 2150 negabat
319 2118 355 2138 se
369 2105 435 2139 nisi
453 2105 603 2139 senatori
622 2114 833 2151 nupturam;

158 2171 268 2203 quum
290 2166 409 2204 postea
437 2157 574 2191 cuidam
596 2171 709 2205 prope
735 2171 832 2192 men-

158 2210 237 2245 dico
256 2211 427 2256 nupserit.
447 2211 533 2245 Rad.

215 2276 246 2297 2.
279 2265 365 2296 Dum
392 2264 469 2304 tibi,
497 2272 564 2297 etc.
591 2265 684 2297 Dum
716 2263 835 2297 sordet

159 2316 223 2349 tibi
238 2316 383 2350 maritus
402 2329 444 2350 ex
460 2316 584 2350 ordine
604 2317 771 2362 equestri.
782 2338 835 2343 --

159 2369 287 2402 Noster.
307 2370 508 2410 Romanus3
527 2370 583 2403 vel
601 2370 682 2415 quia
706 2369 834 2415 equitis

157 2423 239 2466 jura
275 2421 426 2455 habebat
458 2422 637 2456 Martialis.
673 2422 832 2456 Conditio.

161 2474 295 2508 Gallice
308 2500 317 2517 ‚
335 2488 376 2507 zm
391 2478 490 2519 parti.
505 2476 571 2508 En.
590 2496 642 2502 —
655 2476 675 2508 J
679 2475 835 2509 uvenalis

160 2527 263 2561 satira
273 2540 309 2560 VI
320 2554 329 2569 ,
348 2540 359 2560 1
371 2531 416 2571 (57
434 2539 441 2559 :
465 2544 479 2557 ιι
490 2527 585 2560 Malo
600 2528 835 2568 Venusinam,

162 2593 265 2625 quam
293 2588 345 2620 te,
373 2580 559 2619 Cornelia.
592 2589 701 2613 mater
727 2581 835 2614 Grac-

164 2633 310 2666 chorum
323 2658 332 2673 ,
356 2633 383 2667 si
399 2646 480 2666 cum
496 2634 628 2679 magnis
644 2628 836 2666 virtutibus

165 2686 268 2719 affers
285 2685 428 2720 Grande
449 2687 692 2732 supercilium,
715 2695 748 2719 et
771 2699 836 2719 nu-

166 2751 275 2772 meras
311 2740 347 2772 in
375 2738 455 2773 dote
488 2740 696 2784 triumphos.
737 2740 836 2772 Tolle

895 1955 994 1980 tuum
1008 1972 1017 1988 ‚
1058 1959 1205 1992 precor,
1236 1945 1488 1984 Hannibalem,
1517 1943 1567 1975 vi-

894 2008 1058 2045 ctumque
1077 2000 1322 2046 Syphacem....
1341 2007 1375 2031 et
1394 2010 1473 2030 cum
1495 2004 1568 2029 tota

895 2053 1106 2099 Carthagine
1133 2053 1252 2098 migra.
1277 2069 1290 2082 ι»
1316 2050 1422 2093 Quod
1444 2058 1478 2082 et
1500 2050 1566 2081 Bo-

893 2106 975 2139 laeus
996 2107 1143 2139 feliciter
1168 2106 1321 2139 imitatus
1344 2112 1394 2137 est
1409 2130 1417 2143 ‚
1439 2110 1499 2136 sat.
1525 2114 1566 2142 x,

894 2172 944 2192 vs.
963 2163 1007 2204 47
1018 2172 1031 2193 1
1049 2171 1057 2192 ε
1380 2204 1383 2206 q

894 2218 920 2242 Si
941 2216 1052 2250 quelque
1077 2216 1147 2249 objet
1168 2215 1249 2249 pai-eil
1281 2214 1339 2239 chez
1361 2214 1411 2237 moi
1444 2213 1505 2246 decii
1530 2212 1567 2237 lcs

964 2274 1063 2297 ments,

895 2321 965 2345 Pour
983 2320 1126 2353 m'epouser
1143 2319 1237 2342 enti-ait
1258 2327 1318 2342 avec
1337 2324 1394 2342 tous
1413 2326 1453 2342 ces
1472 2318 1568 2350 grands

964 2382 1054 2401 noms,

894 2427 929 2450 Le
944 2424 1040 2450 sourcil
1058 2423 1181 2448 rehausse'
1198 2422 1407 2456 d’orgueilleuses
1423 2421 1567 2449 chimercs;

894 2479 926 2503 Je
938 2477 975 2502 lui
985 2477 1064 2500 dirais
1072 2476 1172 2500 bientdt
1184 2486 1188 2499 :
1198 2474 1228 2499 Je
1242 2476 1345 2499 connais
1356 2481 1412 2499 tous
1422 2483 1468 2498 vos
1478 2473 1552 2507 peres

896 2580 967 2606 Mlez
982 2581 1126 2614 print-csse,
1143 2579 1206 2604 :iliez
1219 2598 1226 2608 ,
1244 2589 1303 2604 avec
1323 2586 1380 2603 tous
1400 2588 1430 2602 vo
1460 2588 1473 2601 a
1521 2587 1534 2601 x

898 2686 1011 2712 Coucher
1030 2687 1050 2711 si
1069 2695 1131 2711 vous
1153 2685 1226 2710 mule

970 2738 1057 2762 risolcs>

1229 2695 1257 2710 z.
1282 2695 1328 2709 :iux
1348 2684 1452 2717 champs
1473 2685 1502 2708 tlt·
1523 2684 1569 2709 Cf*-
