1978 3305
427 231 946 275 EPIGRAMMATU
965 231 1011 274 M
1052 231 1174 273 Llss.
1215 231 1268 272 X.

1454 228 1552 289 {⁴93

280 321 335 362 Et
364 328 561 379 poteram
589 317 812 378 Scythicas
841 316 999 377 hospes
1022 332 1168 359 amare
1194 331 1325 359 casas.

207 389 249 432 Si
275 388 351 431 tibi
378 405 500 432 mens
526 387 700 442 eadem,
726 388 760 430 si
787 387 922 430 nostri
950 395 1101 430 mutua
1131 401 1235 429 cura
1258 395 1348 440 est,

279 460 329 500 In
358 474 634 518 quocumque
667 457 762 501 loco
793 458 934 501 Roma
965 457 1136 499 duobus
1166 456 1257 499 erit.

278 580 358 622 Καὶ
381 579 528 629 ι’κῃνὰς
550 579 725 622 Σκυθέων
748 585 888 633 αοῡνῡς
910 578 1057 620 graev&
1031 595 1176 620 «υῃεναι

207 649 258 691 Εἴ
279 667 344 692 υ.οι
364 649 499 692 ταύτὰ
517 653 669 710 φρονεῖς
690 652 758 702 σὺ,
778 648 843 690 καὶ
866 648 942 690 ἀντ
947 649 1119 705 ιφιλῶν’
1103 649 1172 706 ε·.ι.ὲ
1190 653 1336 708 κυρεῖς,

276 722 380 769 Erat
402 715 452 767 δὴ
475 721 597 778 Ρώμτ,
622 721 698 768 πᾶς
720 718 844 767 τόπος
863 715 971 777 ἀμφο
977 734 1116 776 τεροις.

135 834 313 878 provincia
333 841 394 866 est.
416 855 469 859 —-
488 834 580 865 Poeni
600 835 686 865 sicci.
711 831 808 864 Poeni

134 885 219 918 dicti
251 895 332 919 sunt
353 886 454 919 etiam
478 885 780 930 Carthaginienses
801 896 809 916 ε

132 938 190 971 hic
202 946 321 972 autem
334 946 522 972 sumuntur
532 951 597 985 pro
609 938 681 982 ipsa
693 936 809 970 Africa

132 992 221 1024 sicca
236 999 269 1025 et
288 990 396 1024 arida.
413 991 541 1025 Sensus
560 998 611 1024 est
629 1002 636 1023 :
654 991 788 1023 Tecum
801 1015 810 1029 ,

132 1055 152 1075 ο
168 1044 284 1084 Mani,
304 1045 358 1077 vel
379 1045 415 1077 in
437 1044 551 1077 Africa
564 1070 572 1085 ,
598 1044 651 1077 vel
670 1043 707 1076 in
726 1043 811 1088 Scy-

869 831 940 864 thia
965 831 1168 876 inhospitali
1193 831 1317 864 lubens
1342 831 1549 864 habitarem.

927 886 960 918 8.
984 885 1022 917 In
1054 897 1264 930 quocumque,
1294 892 1358 916 etc.
1385 884 1546 922 l‘oltac're,

873 937 908 970 iu
930 937 1058 969 eximio
1075 935 1190 970 dram.
1207 936 1390 977 Mahomet,
1413 938 1492 969 Act.
1513 938 1548 977 Ι,

871 1002 966 1023 scen.
982 990 1029 1023 II.

871 1047 907 1070 La
917 1047 999 1079 patrie
1011 1052 1048 1069 est
1062 1055 1109 1069 unx
1121 1044 1190 1069 lieux
1204 1045 1236 1068 οίι
1249 1045 1323 1069 Γέιιηε
1341 1052 1377 1070 est
1392 1045 1537 1070 enchainee.

747 1177 925 1231 XXI.

648 1315 717 1342 An
757 1293 1034 1342 SEXTUMf

199 1409 431 1452 Scmssssnn
461 1417 526 1461 te,
551 1423 646 1467 quae
677 1406 750 1448 vix
778 1403 990 1465 intelligat
1018 1405 1110 1464 ipse
1137 1403 1387 1459 Modestus,

270 1480 326 1522 Et
349 1479 418 1521 vix
441 1476 678 1532 Claranus,
700 1475 805 1536 quid
827 1491 960 1535 rogo,
982 1475 1132 1528 Sexte,
1149 1473 1301 1534 juvat?

201 1549 300 1591 Non
325 1547 485 1592 lectore
511 1549 594 1591 tuis
619 1563 729 1607 opus
751 1555 838 1602 est,
860 1545 935 1589 sed
956 1544 1179 1605 Apolline,
1202 1544 1342 1599 libris;

269 1618 420 1662 Judice
448 1628 489 1662 te
520 1618 658 1678 major
681 1617 824 1661 Cinna
846 1617 1031 1659 Marone
1055 1615 1150 1658 fuit.

197 1689 266 1732 Sic
288 1698 361 1732 tua
383 1688 615 1732 laudentur

640 1705 648 1729 :
675 1703 777 1731 sane
801 1703 899 1730 mea
923 1686 1140 1740 carmina,
1166 1686 1316 1738 Sexte,

270 1760 577 1803 Grammaticis
607 1757 830 1819 placeant,
861 1767 904 1800 et
931 1757 1022 1800 sine
1053 1756 1376 1799 Grammaticis.

183 1870 196 1884 ’
213 1874 357 1909 Sextum
371 1900 380 1916 ,
401 1884 480 1916 aut,
500 1883 541 1908 ut
567 1874 630 1908 alii·
649 1874 807 1907 scribunt

128 1928 290 1973 Crispum
300 1955 309 1970 ‚
322 1928 572 1962 obscuritatem
585 1927 805 1960 affectantem

129 1980 276 2022 irridet,
301 1980 398 2027 quod
429 1993 509 2015 sane
537 1980 664 2014 vitium
700 1979 806 2013 multi

127 2032 234 2067 hodie
259 2034 295 2067 in
321 2033 423 2067 laude
444 2041 602 2080 ponunt,
625 2032 685 2079 qui
707 2033 806 2065 κακό-

127 2087 210 2124 tutor.
245 2095 279 2120 et
306 2087 491 2132 antiquarii
522 2085 635 2120 videri
665 2085 804 2118 volunt.

170 2151 197 2173 1.
208 2139 378 2173 Modestus.
388 2139 646 2173 Grammaticus
659 2150 787 2184 nempe
795 2164 804 2180 ,

127 2193 226 2236 cujus
235 2193 397 2226 meminit
407 2193 593 2226 Suetonius
606 2191 650 2225 de
661 2191 805 2224 illustri-

127 2244 191 2277 bus
218 2245 450 2290 grammaticis
473 2258 548 2290 cap.
573 2258 627 2278 20.
653 2246 743 2277 Item
761 2244 803 2276 A.

127 2296 259 2330 Gellius
277 2305 311 2331 et
329 2298 541 2331 Macrobius.
561 2297 701 2332 Clarani
719 2308 804 2329 vero

127 2349 342 2382 mentionem
364 2350 445 2382 facit
465 2350 595 2383 Seneca
613 2350 713 2395 epist.
740 2350 804 2390 66,

127 2409 161 2434 et
179 2403 358 2436 Ausonius
376 2403 477 2448 epist.
499 2415 511 2436 1
523 2405 542 2437 8
560 2401 604 2435 ad
618 2402 738 2435 Ursul.

184 2467 216 2488 2.
240 2455 381 2488 calanus
400 2454 478 2488 cod.
498 2455 695 2488 Pulmanni.

181 2511 212 2540 3.
236 2508 398 2552 Apolline.
425 2508 534 2551 Cujus
557 2516 607 2540 est
631 2506 803 2551 explicare

126 2572 181 2592 res
190 2560 366 2594 obscuras.
378 2559 485 2594 Unde
495 2560 664 2604 Virgilius
676 2559 802 2604 Ecloga

128 2623 173 2645 ιιι
195 2625 202 2646 ;
232 2613 319 2647 -Dic
338 2614 465 2659 quibus
484 2613 519 2646 in
539 2613 658 2653 terris,
681 2621 714 2645 et
736 2612 803 2645 eris

127 2666 213 2700 mihi
232 2679 378 2711 magnus
412 2666 560 2711 Apollo.
582 2666 668 2699 Tres
687 2673 803 2710 pateat

866 1873 941 1906 caeli
959 1872 1112 1917 spatium
1131 1884 1204 1905 non
1224 1871 1373 1916 amplius
1391 1870 1502 1903 ulnas.
1528 1888 1539 1898 -ι

923 1929 955 1965 4.
972 1925 1089 1959 Cinna.
1100 1925 1206 1958 Poeta
1216 1923 1372 1970 egregius
1383 1922 1525 1969 quidem
1539 1947 1549 1963 ‚

864 1977 926 2012 sed
949 1979 1050 2023 cujus
1071 1978 1218 2011 obscura
1241 1989 1323 2011 sane
1341 1984 1439 2010 erant
1460 1987 1544 2021 poe-

865 2039 968 2065 mata.
984 2031 1084 2076 Virg.
1107 2031 1236 2076 Ecloga
1255 2042 1293 2063 1x
1314 2041 1322 2062 ε
1345 2029 1460 2062 «Nam
1483 2040 1544 2061 ne-

864 2096 932 2129 que
947 2083 1062 2117 adhuc
1078 2084 1174 2117 Varo
1190 2083 1330 2123 videor,
1347 2094 1412 2115 nec
1427 2080 1544 2114 dicere

864 2137 977 2171 Cinna
998 2137 1122 2182 Digna.
1139 2153 1152 2166 »

920 2190 954 2223 5.
983 2189 1038 2222 Sic
1068 2197 1122 2221 tua
1153 2188 1331 2222 laudentur.

864 2251 1010 2287 propter
1032 2242 1292 2275 obscuritatem.

918 2297 951 2329 6.
977 2294 1214 2328 Grammaticis.
1248 2310 1261 2322 r«
1283 2292 1363 2325 Non
1399 2304 1539 2338 possum

864 2347 1086 2393 improbare,
1118 2345 1213 2391 quod
1247 2346 1283 2378 in
1311 2344 1411 2378 MSS.
1441 2346 1541 2378 bonae

863 2399 1101 2441 notaeimeni,
1118 2401 1236 2432 utsine.
1253 2399 1281 2430 Ι.
1296 2410 1325 2430 e.
1343 2397 1388 2430 ita
1404 2398 1540 2443 placere

863 2453 930 2486 illis
951 2452 1074 2493 velim,
1094 2460 1134 2485 ut
1155 2460 1189 2485 et
1215 2452 1290 2485 sine
1312 2451 1380 2484 illis
1404 2451 1540 2495 placere

863 2514 897 2538 et
919 2505 1066 2549 intelligi
1086 2505 1231 2550 possint.
1249 2521 1262 2533 ιι
1288 2502 1427 2537 Gronov.
1439 2503 1542 2536 -Et

864 2561 929 2590 sine
957 2560 1182 2602 grammaticis.
1212 2557 1289 2590 Hoc
1320 2564 1393 2596 est,
1412 2557 1531 2589 Lectox

863 2623 934 2644 non
955 2609 1109 2655 indigeat
1134 2609 1385 2656 interpretibus
1413 2608 1455 2642 ad
1484 2610 1539 2641 in-

865 2661 1052 2708 telligenda
1074 2675 1150 2697 mea
1167 2663 1424 2709 epigrammata.

1363 2187 1540 2220 Nimirum
