1978 3305
480 256 572 286 302

790 281 809 288 ,,
854 242 915 283 Μ.
941 242 1080 283 VAL.
1119 240 1509 285 MARTIALIS

619 330 732 383 Vos,
757 344 891 388 quum
920 328 1058 371 severi
1084 327 1195 388 fugit
1218 327 1427 388 oppidum
1454 330 1631 384 Martis,

622 400 679 442 Et
698 399 911 458 inquietas
933 397 1068 441 fessus
1091 398 1208 441 exuit
1232 413 1381 451 curas,

625 467 882 528 Apollinaris
902 467 1104 512 omnibus
1125 466 1228 511 locis
1249 467 1434 528 praefert.

626 540 727 582 Non
749 537 819 581 ille
845 547 1003 582 sanctae
1025 537 1151 581 dulce
1171 537 1307 581 Tibur
1328 538 1495 589 uxoris,

627 608 719 652 Nec
741 608 1032 663 Tusculanos,
1054 606 1286 668 Algidosve
1311 624 1525 662 secessus,

630 680 845 722 Praeneste
872 695 952 722 nec
981 679 1066 733 sic,
1092 679 1325 722 Antiumve
1350 679 1548 722 miratur.

628 750 729 792 Non
754 748 912 793 blanda
937 750 1086 802 Circe,
1109 748 1384 793 Dardanisve
1412 750 1561 793 Caieta

629 818 964 874 Desiderantur,
990 835 1070 862 nec
1094 820 1281 874 Marica,
1307 835 1387 863 nec
1412 820 1544 874 Liris,

632 890 725 934 Nec
751 891 794 932 in
819 891 1008 934 Lucrina
1030 888 1118 932 lota
1142 888 1346 933 Salmacis
1374 906 1498 933 vena.

631 960 713 1004 Hic
744 976 910 1004 summa
937 959 1021 1003 leni
1052 960 1278 1019 stringitur
1297 959 1445 1003 Thetis
1472 968 1627 1012 vento;

497 1086 607 1130 prima
626 1099 689 1120 nos
711 1099 729 1120 e
752 1086 900 1120 Radero.
924 1086 991 1120 Hic
1015 1085 1170 1132 jucunda

499 1138 563 1171 fuit
581 1138 661 1172 villa
692 1139 902 1185 Apollinaris
918 1165 927 1180 ‚
950 1138 993 1172 de
1017 1151 1086 1184 quo
1108 1139 1170 1172 lib.

500 1191 565 1232 IV,
599 1193 706 1238 epigr.
740 1205 866 1226 Lxxxu
886 1217 896 1231 ,
934 1199 968 1225 et
998 1192 1059 1225 lib.
1084 1193 1173 1233 VII,

500 1256 607 1289 epigr.
632 1257 724 1278 xxv1.

559 1310 590 1329 2.
615 1297 776 1342 Oppidum
802 1298 931 1331 [Martis.
948 1298 1096 1331 Romam
1122 1297 1176 1330 in-

504 1349 617 1395 tellige
629 1376 638 1392 ‚
651 1349 825 1384 conditam
841 1363 859 1384 a
874 1351 1043 1393 Romulo,
1057 1350 1179 1383 Martis

504 1401 590 1435 filio.
610 1425 662 1429 ——
685 1402 889 1437 Notandum
922 1416 1003 1437 vero
1033 1403 1179 1448 oppidum

508 1455 625 1488 Martis
661 1455 704 1489 de
740 1458 850 1490 Roma
880 1455 1039 1497 dictum*
1069 1468 1180 1502 quum

508 1508 624 1552 oppida
646 1521 760 1554 parvae
783 1517 919 1542 lantum
943 1509 1044 1543 urbes
1069 1508 1182 1543 nomi-

507 1568 648 1594 nentur.

568 1613 602 1647 5.
621 1614 695 1647 Non
712 1615 764 1648 ille
776 1642 784 1655 ,
798 1624 861 1649 etc.
873 1616 1085 1660 Temperato
1100 1615 1183 1648 caelo

514 1674 548 1699 et
564 1667 752 1701 amoenitati
773 1668 991 1702 Formiarum
1010 1681 1079 1701 non
1101 1680 1186 1713 prae-

514 1721 861 1767 fertTibur,pudicae
870 1721 1185 1755 snaeuxorissolum

517 1775 629 1808 natale
641 1801 650 1815 ‚
661 1787 721 1808 seu
734 1775 850 1807 villam
864 1801 873 1815 ‚
888 1788 960 1808 non
975 1775 1167 1808 Tusculum
1177 1799 1186 1814 ‚

519 1841 589 1861 non
604 1826 747 1872 Algidos
757 1840 991 1869 recessus,nec
1006 1827 1187 1865 Praeneste,

519 1893 584 1914 nec
598 1881 731 1913 Anxur.
743 1880 929 1913 -Suncta‘
944 1883 1060 1913 αιτυιίς.
1083 1879 1189 1913 Pudi-

520 1947 577 1968 cae.
598 1933 766 1966 Dicamne
790 1945 932 1966 uxorem
951 1933 1191 1974 Tiburtinam,

521 2000 562 2020 an
576 1999 695 2032 agrum
709 1986 871 2019 habuisse
883 1986 1110 2019 Tiburtinum
1123 2013 1132 2027 ‚
1148 1998 1191 2019 an

522 2039 736 2085 utrumque?
762 2039 890 2072 Uxoris
908 2065 917 2079 ‚
953 2037 1080 2079 credo,
1114 2038 1194 2071 villa

521 2094 653 2127 Tibure
667 2092 744 2125 fuit.
759 2091 877 2124 Rader.

579 2149 614 2179 6.
643 2146 712 2180 Nec
744 2145 945 2178 Tusculanos.
979 2144 1196 2178 Tusculanus

528 2213 620 2246 ager,
652 2211 742 2232 unus
770 2211 810 2231 ex
839 2198 927 2230 Latii
959 2197 1196 2231 amoenissimis

528 2262 559 2287 et
581 2251 835 2298 pulcherrimis.

583 2319 616 2350 7.
645 2306 837 2350 Autumique
872 2302 951 2336 cod.
986 2303 1120 2336 Beverl.
1147 2323 1198 2329 -—

534 2362 702 2392 l’rffneste.
726 2357 814 2390 Latii
842 2355 1012 2402 oppidum
1027 2380 1034 2392 .
1058 2356 1095 2388 in
1119 2368 1199 2401 pro-

532 2421 651 2456 spectu
670 2411 801 2449 Urbis;
822 2419 859 2443 nt
887 2418 919 2443 et
947 2409 1138 2442 Tusculum
1166 2417 1199 2441 et

529 2464 852 2497 Tibula—Antium.
864 2461 996 2508 Oppid.
1015 2462 1116 2494 etiam
1135 2462 1201 2494 La-

530 2518 582 2555 tii,
603 2526 741 2550 centum
752 2516 926 2560 octoginta
938 2523 1017 2548 octo
1027 2514 1146 2548 stadiis
1159 2516 1200 2547 ab

536 2571 639 2603 Urbe.
650 2569 785 2602 Nobilis
797 2570 858 2601 snit
870 2568 1012 2602 oraculo
1025 2569 1200 2605 Fortunat,

532 2622 576 2655 de
592 2635 661 2667 quo
685 2622 803 2655 Horat.
824 2622 882 2654 lib.
907 2622 938 2658 l,
962 2620 1018 2653 od.
1039 2622 1199 2654 ,uma-0

530 2675 627 2714 diva,
652 2684 786 2719 gratum
808 2687 882 2719 qua:
905 2674 992 2718 rcgis
1015 2675 1167 2707 Antium.
1184 2692 1194 2701 ιι

1285 1088 1316 1120 8.
1337 1087 1411 1119 Non
1433 1087 1550 1119 lalanda
1570 1086 1669 1120 Circe.
1693 1088 1902 1122 Promonto-

1231 1139 1326 1172 rium
1354 1151 1525 1174 amoenum
1539 1165 1548 1180 ‚
1576 1139 1636 1173 lib.
1652 1140 1762 1182 VIII,
1793 1141 1902 1186 epigr.

1233 1205 1352 1225 xxxw.
1370 1214 1419 1217 —
1439 1193 1638 1225 Dardanisve
1661 1193 1782 1226 Caieta.
1812 1193 1903 1234 Quia

1234 1257 1252 1278 a
1270 1245 1450 1290 Trojani5‚
1482 1245 1544 1291 qui
1578 1244 1785 1279 Dardanidae
1820 1245 1904 1280 dicti

1235 1306 1339 1339 sunt,
1355 1297 1515 1331 condita:
1535 1297 1640 1332 hodie
1657 1298 1905 1345 Gaeta.Virgil.

1237 1349 1450 1384 AEneid.V11
1461 1376 1469 1391 ‚
1487 1364 1535 1384 vs.
1552 1363 1565 1383 1
1583 1359 1616 1385 et
1632 1363 1649 1384 2
1663 1360 1670 1380 Ξ
1682 1352 1754 1385 «Tu
1767 1364 1908 1397 quoque

1237 1404 1400 1436 litoribus
1430 1404 1557 1437 nostris
1571 1429 1580 1443 ‚
1610 1405 1731 1438 [Eneia
1761 1405 1879 1438 nutrix
1900 1432 1908 1443 ‚

1240 1458 1418 1489 AEternam
1436 1457 1588 1490 moriens
1605 1456 1729 1490 famam
1742 1484 1750 1498 ‚
1770 1458 1887 1492 Caieta
1901 1484 1909 1496 ‚

1240 1507 1378 1542 dedisti.
1395 1526 1407 1537 n

1295 1575 1330 1606 9.
1350 1562 1418 1595 Nec
1438 1561 1576 1595 Marica.
1600 1563 1685 1604 Quae
1707 1563 1834 1604 Lirim,
1853 1563 1912 1596 alii

1241 1615 1383 1659 Lyrim,
1403 1627 1540 1648 amnem
1564 1615 1762 1661 Campaniae
1782 1616 1913 1649 incole·

1244 1669 1322 1709 bat,
1345 1676 1380 1700 et
1408 1668 1479 1713 regi
1503 1667 1623 1701 Fauno
1652 1668 1792 1714 nupsit,
1813 1668 1915 1714 eique

1244 1721 1406 1754 Latinum
1423 1720 1570 1766 peperit.
1588 1721 1712 1767 Virgil.
1733 1723 1812 1755 AEn.
1830 1722 1913 1759 Vll,

1250 1777 1294 1818 [¹7
1312 1785 1319 1806 :
1334 1791 1347 1803 «ι
1363 1773 1469 1806 Hunc.
1493 1770 1695 1815 [Latinum]
1720 1774 1842 1808 Fauno
1855 1800 1864 1815 ,
1883 1783 1918 1808 et

1247 1827 1410 1872 Nympha
1425 1826 1582 1871 genitum
1598 1827 1770 1861 Laurente
1788 1827 1918 1860 Marica

1249 1879 1460 1924 Accipimus.
1477 1897 1490 1908 »e
1515 1877 1567 1912 Ad
1588 1880 1679 1913 illius
1698 1880 1810 1914 amnis
1828 1881 1919 1925 ripas

1250 1933 1366 1966 lucum
1388 1932 1527 1965 Maricae
1541 1944 1676 1966 sacrum
1696 1933 1800 1967 fuisse
1819 1941 1919 1967 testa-

1251 1995 1321 2024 tur,
1339 1985 1398 2018 lib.
1420 1985 1527 2020 XIII,
1551 1986 1660 2031 epigr.
1675 1998 1826 2020 Lxxxlu.

1310 2050 1363 2072 10.
1383 2038 1450 2071 Nec
1468 2040 1499 2070 in
1521 2038 1676 2078 Lucrina,
1695 2046 1762 2072 etc.
1782 2038 1855 2071 Nec
1875 2039 1921 2071 la-

1252 2103 1331 2124 cum
1345 2090 1535 2124 Lucrinum
1552 2091 1586 2123 in
1601 2091 1809 2137 Campania,
1825 2093 1924 2136 cnjus

1254 2155 1361 2189 aqua,
1377 2151 1416 2176 ut
1429 2151 1462 2177 et
1476 2143 1635 2177 Baiarum
1648 2169 1657 2184 ‚
1668 2156 1767 2190 aeque
1779 2143 1924 2178 delicata

1256 2204 1290 2229 et
1316 2196 1447 2237 mollis,
1476 2208 1513 2228 ac
1541 2196 1705 2229 Salmacis
1738 2197 1772 2229 in
1801 2197 1902 2230 Caria
1916 2223 1924 2237 ‚

1256 2250 1353 2294 cujus
1372 2249 1448 2282 fons
1469 2249 1672 2283 effeminare
1691 2250 1783 2283 viros
1797 2248 1925 2283 dicitnr

1258 2314 1275 2334 a
1304 2302 1426 2346 poetis.
1452 2301 1556 2335 Ovid.
1577 2303 1717 2336 Metam.
1739 2300 1804 2343 lv,
1832 2305 1926 2338 2862

1260 2352 1393 2388 Auson.
1409 2368 1461 2401 ep.
1480 2367 1591 2389 Lxuu
1603 2381 1612 2393 ,
1624 2365 1657 2389 ct
1674 2367 1745 2389 xcii
1757 2381 1765 2396 ‚
1779 2356 1921 2389 Anthol.

1261 2408 1319 2441 lib.
1339 2409 1372 2448 Ι,
1389 2421 1461 2453 rap.
1493 2421 1503 2441 1
1516 2421 1547 2452 7.

1319 2473 1372 2493 ιι.
1399 2461 1460 2493 llis
1484 2473 1612 2493 mmm«.
1639 2461 1813 2494 Hactenus
1845 2461 1930 2493 For-

1263 2515 1413 2546 mianum
1425 2514 1571 2547 conlulit
1584 2526 1662 2546 rum
1679 2514 1753 2546 aliis
1772 2514 1927 2546 lucorum

1261 2567 1514 2599 .nuo·ni¹atilms
1525 2592 1532 2604 ‚
1548 2567 1765 2611 pnrtulitquc
1780 2566 1928 2598 cunctis:

1262 2633 1352 2652 nunc
1385 2620 1496 2664 ipsum
1536 2621 1653 2652 locum
1687 2618 1863 2653 describit.
1882 2641 1929 2644 -

1268 2674 1381 2705 'I'hcmx
1408 2674 1548 2717 AEqnor.
