1978 3305
443 233 537 280 332

809 237 870 280 M.
899 237 1038 280 VAL.
1078 238 1465 282 MARTIALIS

510 324 572 366 Te
601 339 746 367 secum
771 323 913 367 Diana
941 323 1068 380 velit,
1099 325 1316 385 Dorisque
1347 334 1526 380 natare3

574 395 635 436 Te
667 392 830 453 Cybele
861 403 1002 437 totum
1033 393 1180 438 mallet
1205 394 1366 438 habere
1395 395 1581 455 Phryga.

507 464 573 505 Tu
604 462 885 523 Ganymedeo
914 473 1086 525 poteras
1116 464 1347 508 succedere
1377 464 1517 521 lecto,
1829 488 1842 509 5

578 532 662 576 Sed
693 533 827 577 durus
857 534 1034 578 domino
1065 534 1184 578 basia
1211 533 1301 578 sola
1332 534 1471 579 dares.

510 601 624 647 Felix
658 595 753 663 quae
783 612 981 648 tenerum
1008 605 1182 648 vexabit
1212 621 1370 665 sponsa
1401 605 1632 659 maritum,

578 674 636 716 Et
665 690 760 734 quae
788 683 831 718 te
859 674 988 719 faciet
1017 675 1157 736 prima
1188 673 1330 736 puella
1359 671 1526 718 virum!

443 819 599 844 mentum
612 811 799 857 Hippolyti
809 839 818 853 ‚
828 812 863 846 in
877 812 997 846 Senec.
1008 813 1110 859 Trag.

497 864 530 897 3.
548 865 730 911 Doceatque
743 873 854 898 natare
872 864 952 899 edd.
967 873 1053 900 vett.
1070 867 1112 899 In

441 915 648 962 quibusdam
669 929 678 951 :
700 919 863 964 Dorosque
878 927 999 951 natare.
1020 919 1113 951 Seri-

439 969 556 1004 verius
582 969 666 1015 legit
698 983 706 1004 :
729 972 885 1017 Dorisque
915 979 1035 1004 natare.
1063 992 1113 997 —-

442 1023 552 1056 Diana
573 1023 660 1056 velit.
680 1024 760 1068 Ipsa
776 1024 938 1057 castitatis
958 1025 1039 1057 Dea.
1063 1044 1115 1050 -——

443 1075 569 1109 Nature
591 1075 681 1109 inter
702 1077 873 1122 nymphas
893 1089 988 1118 suas,
1003 1089 1115 1121 neque

442 1130 560 1162 oculos
571 1139 647 1163 tuos
658 1129 844 1162 ulciscetur
854 1155 864 1172 ,
884 1137 924 1163 ut
938 1128 1114 1175 quondam

445 1183 628 1216 Actaeonis.

500 1239 533 1275 4.
563 1236 607 1268 Te
632 1233 747 1280 Cybele
769 1248 869 1268 secum
890 1236 988 1268 vellet
1008 1235 1119 1268 Imber-e

444 1288 603 1333 Phq’gae,
622 1287 676 1319 vel
687 1288 832 1334 Phryga,
849 1286 929 1321 Ald.
943 1289 964 1321 J
968 1297 1040 1321 unt.
1054 1289 1120 1322 Co·

443 1340 644 1386 lin.Gryph.
657 1348 720 1373 etc.
730 1342 775 1374 Te
785 1341 902 1386 Cybele
911 1349 1006 1374 totum
1014 1341 1121 1374 mallet

444 1393 555 1426 habere
564 1394 698 1440 Phry-ga
708 1393 817 1427 codex
829 1394 1011 1428 Pulmenni
1019 1421 1027 1435 ‚
1045 1406 1121 1440 quae

443 1444 546 1479 lectio
565 1446 670 1491 magis
685 1445 817 1480 arridet
832 1447 997 1482 Grutero.
1011 1469 1062 1474 ——
1077 1448 1122 1480 Tc

448 1498 574 1544 Cybele.
592 1498 758 1533 Brodaeus
773 1500 965 1546 legendum
980 1508 1096 1535 censet
1113 1512 1121 1533 τ

1177 814 1208 846 T
1206 827 1222 846 e
1240 813 1356 859 Cy‘bele
1375 826 1475 846 secum
1492 814 1598 846 mallee
1615 813 1728 846 habere
1741 813 1846 860 Pluy-

1170 866 1306 911 ge.Hoc
1314 874 1382 900 est:
1393 867 1444 900 Te
1457 879 1572 900 secum
1582 866 1710 900 habere
1721 866 1849 906 mallet,

1173 932 1276 964 quam
1288 921 1382 965 Atyn
1399 920 1605 965 Phrygium.
1623 918 1692 952 Sed
1706 918 1849 954 Gruteri

1172 971 1275 1005 lectio
1293 972 1477 1017 praefertur
1488 998 1497 1014 ,
1512 972 1657 1018 legentis
1676 979 1772 1004 totum
1784 998 1794 1011 ‚
1816 979 1850 1004 et

1174 1025 1317 1070 Phryga.
1332 1047 1385 1051 —-
1402 1026 1525 1064 Totum,
1546 1033 1611 1058 etc.
1629 1024 1710 1058 Non
1725 1032 1850 1058 castra-

1174 1085 1250 1110 tum
1261 1102 1271 1119 ,
1301 1086 1339 1110 ut
1368 1078 1461 1122 Atyn
1489 1076 1665 1123 quondam
1701 1089 1851 1123 puerum

1174 1142 1277 1163 suum
1307 1130 1509 1176 Phrygium.

1233 1183 1267 1216 5.
1290 1182 1512 1229 Ganymedeo,
1531 1191 1597 1216 etc.
1617 1180 1701 1215 Vid.
1720 1181 1781 1214 lib.
1804 1182 1851 1222 V,

1177 1235 1288 1281 epigr.
1309 1248 1365 1269 ιν.

1233 1291 1266 1321 6.
1281 1288 1348 1322 Sed
1361 1288 1458 1321 durus
1476 1288 1619 1327 domino;
1637 1288 1699 1321 vix
1720 1287 1812 1320 basia
1835 1298 1853 1319 a

1180 1349 1214 1374 te
1232 1342 1433 1387 impetraret
1448 1342 1587 1387 Jupiter
1597 1363 1606 1379 ‚
1621 1339 1752 1374 nedum
1766 1338 1853 1385 quid

1180 1394 1338 1428 ulterius.
1354 1394 1487 1428 Securus
1505 1391 1648 1439 quidam
1662 1420 1670 1435 ,
1687 1393 1756 1426 hoc
1779 1400 1853 1433 est,

1181 1459 1254 1480 non
1269 1455 1446 1492 suspectus
1464 1447 1485 1479 J
1488 1446 1597 1480 unoni
1609 1472 1618 1488 ,
1639 1459 1704 1480 nec
1723 1445 1854 1491 zeloty—

1182 1513 1261 1546 pam
1284 1501 1393 1533 Deam
1412 1512 1527 1533 urens.
1548 1498 1682 1533 Gruter.

1013 1635 1285 1693 XLVII.

759 1792 817 1823 ΙΝ
856 1793 1023 1823 vARu:
1060 1793 1119 1823 sE
1157 1771 1550 1822 TONDENTEMf

520 1921 653 1963 PARS
677 1919 949 1963 maxillarum
977 1929 1102 1963 tonsa
1127 1928 1190 1963 est
1213 1918 1314 1972 tibi,
1336 1933 1436 1978 pars
1462 1916 1538 1960 tibi
1567 1931 1662 1959 rasa
1684 1923 1770 1967 est,

589 1991 693 2034 Pars
723 1989 845 2034 vulsa
876 1999 940 2034 est
966 2006 974 2032 τ
1006 2006 1144 2033 unum
1175 1989 1270 2050 quis
1301 1997 1425 2049 putet
1454 2003 1544 2031 esse
1574 1983 1733 2046 eaput?

503 2125 516 2138 ³
532 2129 671 2163 Nullam
688 2129 847 2163 lectionis
864 2130 1066 2163 varietatem
1089 2129 1126 2162 in

452 2184 518 2216 hoc
550 2182 794 2227 epigrammate
824 2181 980 2228 produnt
1013 2194 1127 2216 exem-

454 2235 574 2280 pluria.

511 2300 523 2321 1
536 2315 543 2321 .
566 2289 648 2320 Pars
669 2289 868 2321 maxillarum
885 2297 1123 2321 tonsu...r‹1.s·c1...

453 2344 556 2374 avulsa.
584 2342 701 2380 Tonsa,
727 2342 917 2387 forcipibus
939 2341 1124 2379 nimirum,

453 2394 579 2439 quibus
592 2395 930 2438 utebanturjuvenes
942 2396 1011 2438 jam
1027 2393 1127 2428 adul-

456 2449 501 2489 ²i;
524 2461 595 2480 rasa
610 2475 618 2487 ‚
649 2449 820 2482 novacula
847 2447 1001 2489 scilicet,
1023 2460 1126 2494 quam

1187 2127 1399 2161 adhibebant
1416 2126 1503 2166 viri;
1522 2134 1555 2158 et
1580 2125 1666 2157 vulsa
1680 2150 1688 2163 ,
1711 2122 1860 2156 volsellis

1187 2193 1329 2227 nempe,
1348 2192 1497 2226 quarum
1518 2177 1654 2211 feminis
1669 2185 1701 2210 et
1713 2175 1861 2222 juniori-

1188 2234 1251 2267 bus
1288 2246 1381 2267 usus.
1421 2233 1539 2274 Quum
1577 2243 1659 2276 ergo
1690 2229 1862 2275 triplicem

1188 2287 1235 2320 ita
1261 2295 1416 2326 aetatem,
1437 2285 1535 2330 pueri
1559 2295 1706 2328 nempe,
1728 2281 1864 2327 juvenis

1186 2349 1219 2373 et
1249 2340 1339 2380 viri,
1370 2337 1482 2384 capite
1518 2350 1580 2370 suo
1606 2335 1751 2370 referret
1783 2334 1863 2374 hic,

1186 2392 1345 2439 quisquis
1364 2392 1470 2426 suerit
1483 2415 1493 2430 ‚
1515 2403 1585 2423 non
1604 2401 1710 2422 unum
1727 2412 1736 2428 ,
1752 2387 1860 2420 immo

1188 2447 1313 2491 triplex
1331 2472 1340 2487 ,
1362 2453 1467 2490 caput
1487 2444 1614 2478 habere
1633 2440 1834 2475 videbatur.
