1978 3305
475 230 575 285 48ιί

848 228 911 270 Μ.
938 226 1078 269 VAL.
1118 225 1211 268 MA
1226 223 1513 267 RTIALIS

614 315 702 371 Qui
730 314 889 367 donat,
911 313 1111 374 quamvis
1138 310 1348 372 plurima,
1373 309 1499 371 plura
1528 321 1670 371 negat.

469 439 584 474 standi
601 439 727 485 gratia,
755 437 846 481 Quid
872 437 1029 471 adsciscit
1053 437 1147 483 quod.

525 496 558 528 8.
575 494 678 525 Plura
691 499 797 536 negat.
815 490 926 532 Quia,
942 491 1002 536 qui
1017 488 1146 528 donat,

1209 435 1464 477 communicat3
1490 435 1647 481 alioquin
1668 435 1756 469 nihil
1780 436 1886 470 hahe-

1209 497 1284 529 ret‚
1311 500 1383 533 quo
1412 496 1546 521 careret
1573 489 1681 528 alter,
1708 497 1810 535 atque
1840 490 1886 522 ita

470 546 586 580 omnia
615 557 675 579 sua
704 544 796 578 bona
822 555 903 577 cum
931 543 1042 576 amico
1075 555 1150 575 non
1210 541 1300 575 nihil
1317 539 1451 574 donare
1470 549 1598 586 posset.

1104 677 1252 734 XII.

955 837 1021 864 AD
1064 834 1364 864 noMtTmM.
1382 816 1398 828 '‘

539 970 735 1012 AEthAE
762 973 912 1025 gentes
928 998 938 1016 ,
965 972 1007 1005 et
1031 960 1281 1022 Apollineas
1305 960 1549 1012 Vercellas,

606 1039 663 1080 Et
684 1033 975 1079 Phaethontei
1000 1032 1073 1092 qui
1104 1032 1214 1091 petis
1243 1047 1348 1074 arva
1378 1030 1505 1086 Padi3

537 1110 601 1151 Ne
628 1108 769 1149 vivam
788 1139 798 1156 ,
821 1103 902 1147 nisi
928 1112 992 1153 te,
1018 1103 1186 1146 Domiti
1206 1137 1217 1155 ,
1240 1102 1448 1162 permitto
1473 1101 1680 1154 libenter,

609 1179 746 1220 Grata
774 1173 874 1217 licet
897 1173 988 1216 sine
1017 1182 1060 1215 te
1087 1173 1140 1215 sit
1165 1171 1271 1215 inihi
1297 1170 1416 1215 nulla
1441 1170 1545 1215 dies.

534 1248 617 1291 Sed
647 1245 907 1290 desiderium
937 1243 1046 1286 tanti
1072 1251 1158 1295 est,
1183 1251 1231 1285 ut
1260 1258 1399 1285 messe
1428 1241 1495 1285 vel
1525 1258 1610 1285 una

519 1384 534 1397 *
554 1389 672 1421 Vovet
692 1398 864 1420 secessum
888 1384 1046 1418 Domitio
1072 1383 1147 1417 feli-

467 1454 540 1475 cem
554 1467 562 1483 ‚
583 1450 616 1474 et
637 1439 803 1473 reditum.
823 1437 941 1471 Rader.

524 1508 553 1528 1.
578 1493 727 1527 AEmiliae
744 1499 865 1536 gentes.
892 1489 1055 1528 stimma,
1078 1501 1147 1521 una

467 1560 507 1580 ex
530 1545 726 1592 provinciis
747 1544 876 1584 Italiae,
895 1544 1148 1588 imperatorum

469 1598 706 1645 temporibus,
729 1609 804 1630 eam
821 1595 945 1630 Galliae
962 1594 1148 1639 Cisalpinae

468 1661 606 1698 partem
634 1649 810 1684 continuit
836 1661 914 1694 quae
939 1647 987 1681 cis
1012 1646 1148 1680 Padum

470 1705 580 1751 posita
595 1713 664 1744 est,
683 1712 716 1736 et
734 1703 945 1747 praecipuam
962 1699 1086 1733 habuit
1106 1700 1150 1733 ci-

471 1759 612 1791 vitatem
646 1755 872 1789 Placentiam.
896 1753 1005 1798 Cujus
1032 1753 1149 1785 locum

473 1809 577 1845 hodie
585 1809 748 1842 obtinent
755 1820 832 1854 quae
842 1814 1012 1840 vocantur
1020 1805 1155 1837 leduche‘

473 1864 511 1896 de
522 1863 671 1901 Mediae,
689 1869 720 1893 et
733 1861 776 1893 les
796 1861 949 1905 legations
965 1859 1003 1890 de
1016 1859 1049 1892 F
1048 1871 1152 1890 errare

473 1925 504 1949 et
513 1916 551 1949 de
561 1915 717 1959 Bologne.
726 1914 792 1946 En.
799 1913 880 1943 —V
886 1911 1038 1951 ercellas,
1046 1909 1154 1943 hodie

477 1968 616 2002 Ver-colli
627 1995 634 2006 ,
651 1966 848 2011 Apollineas
862 1963 948 1998 dicit
959 1989 968 2004 ‚
985 1964 1040 1997 vel
1057 1961 1153 2008 quod

474 2023 546 2056 illic
565 2020 692 2066 Apollo
710 2020 901 2056 coleretur,
923 2017 975 2050 vel
994 2028 1012 2049 a
1026 2017 1153 2049 libera-

476 2076 567 2109 libus
587 2072 802 2119 disciplinis,
819 2071 873 2104 vel
894 2069 936 2103 ab
949 2081 1034 2102 auro
1052 2069 1156 2114 Apol-

477 2128 538 2162 lini
555 2139 653 2160 sacro
666 2152 674 2167 ,
693 2123 790 2171 quod
806 2124 856 2157 ibi
874 2121 1101 2162 effoderetur,
1117 2130 1156 2154 ut

476 2180 669 2226 conjiciunt
690 2179 910 2223 interpretes.

530 2247 562 2266 π.
588 2232 805 2265 Phaethontei.
835 2229 927 2271 Quia
954 2229 988 2261 in
1019 2226 1154 2260 Padum

476 2299 581 2321 curru
592 2285 682 2318 Solis
697 2295 858 2318 excussus
871 2281 1055 2315 Phaethon
1067 2280 1155 2313 ceci-

476 2341 538 2373 dit.
563 2338 646 2372 Vid.
676 2338 737 2370 lib.
771 2337 837 2377 IV,
858 2335 965 2380 epigr.
994 2346 1078 2373 xxv,
1101 2346 1152 2366 vs.

481 2408 516 2433 -ι,
550 2400 583 2425 et
614 2403 691 2437 qum
711 2388 819 2422 Ovid.
841 2389 982 2421 Metam.
1015 2387 1072 2419 lil).
1101 2387 1153 2426 11,

477 2446 583 2478 fabul.
608 2457 637 2483 ¹,
663 2457 678 2475 Ἰ
696 2470 704 2482 ,
730 2444 748 2476 3
761 2468 770 2483 ,
793 2454 867 2487 sqq.
886 2461 937 2467 -—-
957 2440 1048 2483 Quini
1059 2443 1151 2484 petis.

480 2497 562 2531 Vid.
583 2496 624 2530 ad
647 2504 718 2529 not.
737 2495 897 2541 proxime
915 2502 1130 2539 sequentem.

530 2551 563 2583 3.
585 2551 748 2582 Permitto.
771 2549 826 2581 Sic
844 2559 966 2580 omnes
985 2544 1065 2579 edd.
1088 2558 1150 2577 no-

475 2611 563 2637 strae.
588 2605 630 2635 At
650 2602 778 2634 Bar-bon
796 2628 803 2637 ,
828 2600 887 2645 qui
913 2609 1026 2633 tamen
1050 2599 1150 2632 hahet

469 2660 629 2700 ymrrne'lto.
642 2663 738 2687 notat
757 2655 789 2687 iu
811 2654 888 2685 VY.
906 2653 974 2685 LI..
988 2664 1002 2677 ¹-
1016 2651 1151 2684 Dimiuo

1206 1383 1324 1428 vulgg.
1347 1384 1517 1416 Praemitto
1536 1382 1684 1416 Scriver.
1702 1399 1715 1410 r·
1741 1382 1886 1415 Admitto

1207 1435 1284 1469 cod.
1303 1436 1463 1469 Pulman.
1481 1437 1541 1480 qui
1559 1433 1710 1468 subinde
1731 1447 1740 1468 ε
1759 1452 1773 1464 ι
1790 1434 1885 1476 Quid

1207 1489 1233 1521 si
1249 1514 1258 1529 ,
1280 1489 1327 1521 ait
1342 1514 1351 1529 ,
1374 1489 1508 1534 legatur
1521 1496 1666 1533 permuta
1681 1493 1700 1519 ,³
1713 1505 1726 1517 n
1740 1488 1887 1532 Elegans

1207 1553 1288 1575 sane
1313 1540 1401 1574 illud
1425 1544 1573 1585 permitto
1594 1553 1612 1573 e
1633 1540 1732 1574 MSS.
1755 1553 1772 1572 a
1792 1540 1886 1573 Gru-

1207 1602 1282 1627 tero
1316 1594 1517 1627 restitutum
1535 1619 1543 1632 ‚
1572 1604 1637 1626 nec
1666 1591 1887 1626 mutandum.

1207 1647 1269 1680 Est
1281 1654 1396 1680 autem
1414 1645 1507 1679 idem
1520 1671 1529 1686 ,
1546 1645 1659 1692 quod,
1677 1645 1797 1686 incito,
1810 1645 1887 1678 laxo

1207 1699 1360 1733 habenas
1377 1724 1386 1739 ,
1412 1708 1452 1732 ut
1481 1714 1494 1725 «
1516 1711 1626 1745 equos
1643 1702 1821 1744 permittere
1850 1699 1885 1731 in

1209 1764 1362 1785 cuneum
1384 1752 1550 1785 hostium.
1568 1769 1581 1781 ι»
1603 1752 1647 1784 Εῐ
1667 1752 1714 1785 sic
1735 1751 1854 1784 Livius
1878 1762 1886 1783 .·

1211 1804 1423 1838 «concitant
1442 1817 1566 1850 equos,
1581 1806 1826 1850 permittantque
1852 1805 1888 1837 iu

1210 1858 1359 1891 hostem.
1376 1875 1390 1887 ι»
1403 1856 1472 1890 Sed
1487 1865 1520 1890 et
1533 1857 1568 1890 in
1584 1855 1793 1902 praecedeuti
1810 1869 1888 1889 ver-

1211 1909 1321 1943 siculo
1342 1909 1485 1943 videtur
1520 1909 1654 1955 legend.
1698 1923 1767 1955 quw
1795 1912 1887 1955 petis.

1212 1963 1332 1996 Potest
1360 1975 1500 2009 quoque
1520 1963 1653 2008 vulgari
1679 1961 1830 2008 quodam
1855 1970 1890 1995 et

1213 2016 1318 2049 obvio
1333 2028 1435 2049 sensu
1450 2015 1598 2061 intelligi
1618 2017 1652 2049 τὸ
1664 2018 1830 2061 permitto,
1857 2024 1890 2049 et

1213 2069 1260 2102 sic
1269 2068 1434 2114 explicari
1447 2080 1454 2101 :
1466 2068 1667 2113 Dispeream
1679 2068 1744 2101 nisi
1754 2076 1788 2101 te
1798 2080 1889 2101 sece-

1214 2120 1298 2155 dere
1315 2121 1527 2166 permittam.
1545 2120 1578 2154 si
1597 2133 1674 2154 cum
1691 2121 1783 2154 Petr.
1802 2120 1890 2154 Scri-

1215 2174 1311 2207 verio
1333 2173 1522 2207 emendare
1541 2174 1692 2207 volueris
1707 2176 1885 2219 proemitto,

1215 2227 1273 2260 ille
1299 2227 1364 2260 erit
1397 2235 1479 2260 tunc
1512 2226 1717 2260 statuendus
1748 2239 1866 2260 sensus
1880 2253 1889 2264 ,

1215 2278 1309 2313 unde
1338 2288 1502 2325 sequatur
1525 2288 1560 2313 et
1582 2280 1731 2315 amicum
1753 2292 1837 2313 mox
1856 2289 1889 2312 ct

1215 2345 1250 2365 se
1283 2334 1493 2366 moriturum
1519 2344 1526 2365 :
1556 2345 1635 2366 nam
1668 2331 1700 2366 id
1739 2331 1784 2366 de
1819 2333 1889 2365 vita

1214 2386 1340 2418 functis
1352 2386 1534 2426 dicebant,
1550 2394 1712 2431 tanquam
1727 2398 1784 2419 eos
1798 2386 1891 2431 ipsos

1213 2440 1406 2484 sequuturi.
1437 2438 1504 2472 Sed
1537 2437 1697 2484 dispiciat
1731 2439 1849 2472 lector.
1871 2456 1883 2465 n

1215 2492 1357 2525 Farnab.
1380 2491 1628 2525 .s'‹-l1r1···el.Vid.
1649 2500 1774 2537 praeter
1795 2491 1888 2523 Gru-

1213 2553 1325 2578 terum
1349 2543 1391 2578 ad
1415 2545 1449 2578 h.
1468 2546 1590 2590 [quos
1609 2543 1725 2577 laudat
1751 2545 1887 2577 Ernest.

1213 2597 1253 2631 ud
1271 2598 1352 2631 Tac.
1372 2599 1499 2631 Aunal.
1525 2598 1592 2635 XI.
1612 2609 1666 2629 ro.

1269 2653 1301 2684 ὖ.
1324 2651 1391 2683 Sed
1402 2651 1587 2683 desider-itam
1607 2653 1696 2682 lami.
1715 2648 1782 2683 Sed
1802 2650 1888 2684 tami
