1978 3305
440 259 1019 303 EPIGRAMMATUM
1059 261 1180 303 LIB.
1226 262 1274 304 V.
1508 279 1557 323 ¹7

803 409 911 465 XI.

682 560 746 588 DF,
791 540 1039 589 STELLA.*

229 685 596 735 SAR1)0NYCHAS‚
620 683 895 743 smaragdos,
919 683 1197 739 adamannus,
1223 685 1406 746 iaspidas
1429 704 1516 732 uno

298 756 456 797 Versat
481 754 524 796 in
554 752 738 796 articulo
763 751 893 796 Stella
908 788 919 809 ,
945 754 1103 797 Severe
1118 788 1129 809 ‚
1151 771 1284 799 meus.

196 887 211 902 ‘
220 891 482 937 Elegantissime
492 890 610 924 laudat
620 891 761 924 Stellam
773 891 830 924 cui

159 957 230 977 non
249 945 329 978 satis
343 952 393 977 est
403 970 412 985 ,
422 951 461 977 ut
477 944 638 989 plurimis
653 943 809 976 trossulis
821 969 830 985 ‚

159 1002 374 1042 gemmarum
391 993 563 1042 (quarum
582 996 663 1030 facit
684 1008 830 1029 enume-

158 1048 346 1090 rationem)
356 1049 471 1082 nitore
485 1057 518 1083 et
530 1049 644 1094 pretio
655 1048 808 1093 conspici
819 1060 828 1090 ;

159 1101 220 1135 sed
232 1103 294 1148 qui
310 1102 450 1148 ingenio
466 1101 685 1135 ornatissimo
697 1101 832 1146 profert

158 1155 311 1188 carmina
322 1167 536 1200 gemmarum
547 1181 555 1197 ‚
570 1155 593 1188 i.
611 1167 640 1188 e.
651 1154 810 1199 leporum
821 1179 830 1194 ,

157 1207 359 1253 plena.Vid.
375 1208 436 1240 lib.
448 1209 599 1253 I‚epigr.
612 1218 700 1248 vn1,
716 1219 746 1239 1.
763 1207 828 1239 En.

210 1262 321 1293 -De
330 1260 430 1294 Stella
441 1259 572 1293 dictum
583 1286 591 1300 ‚
601 1259 661 1292 lib.
676 1260 693 1292 I
703 1285 712 1300 ,
721 1259 828 1304 epigr.

158 1325 240 1347 Vin.
271 1314 324 1346 De
347 1313 415 1346 hoc
436 1321 538 1358 poeta
567 1312 671 1346 Stella
698 1320 731 1345 et
756 1314 830 1357 ejus

158 1365 313 1411 scriptis,
330 1366 423 1411 lege,
446 1365 473 1399 si
492 1374 608 1407 vacat,
632 1364 829 1409 Gyraldum

157 1417 202 1451 de
215 1418 368 1452 Historia
383 1427 565 1464 poetarum
577 1444 586 1460 ,
599 1425 633 1451 et
643 1418 744 1452 Statii
755 1417 829 1463 epi-

158 1470 375 1504 thalamium.
396 1471 513 1505 Rader.

216 1536 230 1557 1
240 1550 246 1557 .
261 1524 503 1569 Sa1·d0nycl1as;
514 1522 557 1557 de
574 1523 637 1556 ista
657 1523 828 1568 gemmula

158 1577 310 1622 egimus,
335 1577 395 1610 lib.
421 1577 476 1615 ΙΙ,
506 1577 708 1622 epigramm.
728 1588 828 1617 xnx,

162 1630 293 1671 231V‚
313 1641 434 1670 xxvn,
457 1633 498 1670 4,
521 1638 555 1662 et
577 1641 644 1669 Lx,
665 1631 700 1662 6.
722 1630 828 1662 —In

157 1681 368 1728 quibusdam
385 1683 585 1727 zmaragdos·
599 1681 655 1714 Sic
673 1681 828 1715 scribunt

158 1734 314 1768 Broukh.
343 1736 463 1768 Burni.
488 1743 521 1768 et
547 1734 656 1767 Kuin.
678 1733 721 1767 ad
743 1734 828 1767 Pro-

157 1796 248 1833 pert.
263 1788 317 1830 Π,
337 1789 397 1829 16,
415 1787 460 1828 43
474 1813 483 1829 ,
505 1787 566 1820 ubi
582 1799 701 1820 omnes
721 1786 827 1820 codd.

158 1841 290 1874 habent
310 1865 319 1879 ,
366 1840 550 1884 smaragdos
577 1853 588 1873 :
635 1839 683 1873 sic
725 1840 828 1873 etiam

157 1893 315 1927 Broukh.
337 1901 370 1926 et
389 1892 432 1925 H.
456 1894 557 1926 Voss.
579 1891 623 1925 ad
646 1892 776 1925 Tibull.
794 1893 828 1934 I,

164 1959 179 1980 1
196 1972 204 1986 ,
227 1946 268 1980 51
293 1953 326 1979 et
342 1946 416 1985 XI,
440 1950 478 1986 4,
499 1945 566 1990 57,
585 1953 706 1978 contra
722 1944 826 1978 codd.

158 1998 266 2032 fidem
281 2011 290 2040 ;
305 2006 407 2044 atque
422 1999 541 2031 Burm.
562 1997 606 2031 ad
619 1997 724 2031 ovid.
741 1998 827 2031 Met.

160 2052 230 2093 XI,
249 2056 305 2091 24.
321 2050 414 2085 Vide
433 2051 590 2084 Broukh.
607 2050 650 2083 ad
670 2051 827 2096 Propert.

159 2104 185 2138 l.
198 2117 233 2146 c;
248 2104 338 2138 Pier.
355 2103 400 2137 ad
418 2104 516 2149 Virg.
533 2105 612 2137 AEn.
625 2103 717 2143 VII,
735 2106 827 2146 6183

160 2158 288 2203 Dausq.
315 2154 484 2202 Orthogr.
510 2156 591 2189 Vol.
627 2157 686 2196 II,
710 2156 826 2190 Tract.

160 2223 243 2250 xx1;
260 2211 362 2243 Voss.
386 2208 429 2242 ad
461 2209 587 2243 Catull.
617 2221 695 2254 pag.
733 2208 801 2242 321
818 2222 827 2251 ;

161 2262 257 2296 Gud.
286 2261 330 2295 ad
356 2261 492 2297 Phaedr.
522 2262 599 2303 III,
623 2276 665 2303 2,
694 2273 730 2307 p.
757 2261 828 2306 733

161 2315 358 2348 Hemsterh.
378 2314 421 2348 ad
442 2315 586 2348 Lucian.
605 2314 690 2348 Jud.
707 2315 828 2348 Vocal.

161 2367 196 2408 I,
210 2371 271 2411 943
285 2368 440 2401 Turneb.
457 2366 546 2401 Adv.
560 2368 665 2408 XVI,
684 2380 716 2408 23
730 2368 830 2400 Lam-

161 2420 235 2452 hin.
269 2418 313 2452 ad
348 2421 452 2453 Lucr.
484 2420 519 2452 II
536 2446 545 2461 ‚
578 2431 590 2452 1
603 2432 690 2460 12²3
725 2420 828 2454 Mart.

163 2473 296 2518 Capell.
333 2473 394 2506 lib.
423 2472 476 2505 III
488 2498 496 2512 ‚
529 2485 563 2517 p.
593 2473 660 2516 573
688 2472 829 2507 Gruter.

162 2526 369 2567 DLXXVI,
388 2525 430 2567 53
451 2525 614 2569 Inscript.
635 2525 739 2569 apud.
762 2526 831 2558 Do-

162 2572 261 2610 nium
274 2604 282 2619 ‚
302 2577 409 2611 Class.
428 2578 551 2618 XVII,
574 2578 639 2618 183
656 2586 689 2610 et
701 2578 829 2611 Buher.

163 2629 207 2663 ad
221 2631 344 2664 Marm.
364 2632 472 2664 Brett.
484 2644 518 2676 p.
542 2643 583 2663 10
596 2638 630 2663 et
647 2631 707 2669 34.
727 2630 832 2664 Athe-

166 2695 260 2717 naeus
280 2691 394 2716 tamen
419 2684 478 2715 lib.
508 2684 579 2716 III.
607 2696 639 2727 p.
661 2688 726 2723 osa,
751 2696 833 2716 con-

236 2757 298 2796 ΙΙ.

890 890 1002 924 tendit
1030 892 1233 937 maragdum,
1259 893 1392 927 ἀπὸτοῦ
1418 898 1562 941 μαρμαί-

889 957 949 988 ρειν
967 968 976 985 ,
1006 945 1166 988 splendere
1178 971 1186 985 ‚
1219 945 1443 980 scribendum
1471 960 1562 991 esse,

889 995 1040 1029 adducto
1073 997 1261 1031 Menandri
1288 999 1377 1033 loco.
1406 1000 1562 1035 Calderi-

889 1060 955 1082 nus
968 1048 1010 1082 ad
1025 1049 1061 1082 h.
1074 1050 1098 1083 l.
1113 1051 1216 1084 stulte
1233 1052 1410 1086 annotavit
1427 1064 1435 1086 :
1459 1070 1471 1083 «
1489 1051 1561 1087 Sci-

887 1101 970 1135 licet
988 1102 1023 1134 in
1043 1101 1112 1135 fine
1132 1103 1270 1148 abjicias
1289 1102 1329 1146 S;
1350 1103 1492 1139 demum
1509 1107 1561 1140 fa-

888 1153 958 1187 cias
996 1155 1212 1188 collisionem
1250 1157 1425 1190 vocalium
1447 1175 1477 1191 ».
1515 1161 1561 1193 At

889 1207 1073 1251 smaragdos
1101 1208 1270 1241 Bacchius
1296 1218 1366 1251 est,
1395 1223 1561 1244 nonnun-

887 1271 991 1304 quam
1020 1260 1123 1294 etiam
1154 1261 1376 1307 Anapaestus‚
1403 1271 1442 1296 ut
1472 1264 1508 1297 h.
1535 1265 1559 1298 l.

887 1313 1015 1345 nullibi
1028 1324 1110 1345 vero
1117 1313 1558 1361 Molossus.——Smarczgdos.

887 1364 999 1410 Hujus
1015 1365 1108 1398 vocis
1121 1365 1272 1399 mediam
1283 1368 1450 1412 syllabam
1461 1395 1470 1411 ,
1484 1381 1559 1414 quae

886 1418 988 1463 longa
1003 1417 1156 1459 videtur,
1171 1419 1341 1464 corripuit
1357 1420 1560 1455 Graecorum

886 1471 1058 1516 exemplo,
1071 1471 1132 1516 qui
1145 1471 1298 1516 geminas
1311 1482 1423 1507 mutas
1434 1475 1558 1508 breves

886 1523 1028 1557 faciunt.
1037 1523 1068 1556 Si
1075 1524 1316 1566 cTheocritus,
1325 1524 1430 1571 Idyll.
1440 1528 1559 1570 XVII,

886 1576 1027 1609 brevem
1039 1577 1120 1609 facit
1130 1575 1316 1610 secundam
1324 1579 1491 1624 syllabam
1503 1580 1558 1613 ul·

886 1629 979 1662 timae
994 1629 1089 1661 vocis
1102 1629 1138 1661 in
1154 1629 1222 1662 hoc
1237 1642 1338 1663 versu
1353 1642 1361 1663 :
1378 1633 1557 1677 Θωρηχθεὶς

887 1681 938 1714 ἐπὶ
951 1682 1058 1724 βουσὶν
1070 1681 1216 1727 ἀνάρσιος
1227 1683 1439 1728 Αἰγυπτίῇσιν
1452 1697 1460 1718 .·
1475 1686 1559 1718 ΤΙιο-

887 1747 957 1767 race
992 1737 1125 1767 manitus
1153 1735 1300 1768 invadens
1330 1738 1441 1780 injuste
1471 1738 1559 1772 boves

886 1787 1075 1833 AEgyptias.
1107 1787 1223 1821 Prima
1255 1789 1384 1833 syllaba
1416 1789 1451 1823 in
1480 1804 1556 1826 voc.

885 1836 1063 1879 δάκτυλος,
1087 1839 1241 1873 eamdem
1265 1842 1310 1875 ob
1328 1855 1464 1876 causam
1480 1856 1557 1878 cor-

886 1892 1022 1937 ripitur.
1061 1893 1206 1935 Noster,
1242 1893 1304 1927 lib.
1340 1896 1406 1936 IV,
1446 1897 1555 1942 epigr.

886 1957 1001 1979 xxvtu
1013 1957 1020 1978 :
1033 1960 1044 1972 ετ
1059 1945 1203 1990 Scythas
1223 1947 1420 1993 smaragdos
1436 1966 1448 1978 n
1462 1974 1472 1990 ,
1484 1949 1556 1984 vid.

886 1998 1008 2031 Nonn.
1038 1998 1075 2030 in
1101 1999 1245 2044 Dionys.
1276 1998 1361 2041 βίῧλ.
1389 2002 1416 2034 ε’.
1436 2003 1557 2036 Varias

887 2063 1099 2096 gemmarum
1109 2052 1240 2096 species
1250 2062 1429 2087 enumerat
1442 2063 1556 2100 poeta,

888 2103 932 2137 de
965 2103 1094 2149 quibus
1126 2104 1258 2138 Plinius
1287 2105 1378 2139 libro
1410 2107 1555 2151 ultimo,

888 2157 1047 2189 Dioscor.
1069 2165 1101 2189 et
1123 2157 1296 2191 Francisc.
1320 2159 1456 2193 Ruaeus.

944 2222 976 2241 2.
990 2210 1107 2241 Por-tat
1119 2212 1150 2242 in.
1162 2211 1311 2250 articulo,
1329 2210 1384 2244 ed.
1395 2221 1461 2246 vet.
1476 2213 1503 2245 F
1506 2226 1557 2246 er-

887 2275 955 2295 rar.
985 2274 1040 2295 an.
1073 2266 1164 2307 1471
1179 2288 1187 2304 ‚
1205 2262 1282 2296 Ald.
1310 2263 1410 2298 Junt.
1440 2265 1556 2300 Colin.

889 2314 1024 2360 Gryph.
1040 2316 1197 2348 Pulman.
1209 2315 1354 2349 Junian.
1368 2317 1475 2363 Lang.
1491 2327 1555 2353 etc.

890 2369 1007 2400 Versat
1023 2369 1053 2400 ἰη
1072 2368 1205 2400 articulo
1216 2393 1224 2408 ,
1237 2367 1340 2401 codd.
1356 2369 1508 2405 Florent.
1523 2380 1556 2405 et

888 2421 968 2453 Vat.
984 2420 1100 2453 Verba
1109 2429 1203 2465 porto
1217 2429 1250 2454 et
1264 2434 1368 2462 νον-σο,
1384 2422 1454 2456 sive
1467 2437 1557 2458 verso

889 2485 977 2518 saepe
995 2481 1241 2518 permutantur
1259 2474 1295 2506 in
1314 2473 1557 2510 codd—Ar—

893 2526 985 2557 tit-nlo
1011 2524 1109 2571 digiti
1133 2526 1346 2560 internodio.
1373 2529 1424 2562 De
1448 2541 1557 2564 annu-

893 2578 1005 2611 lorum
1022 2578 1184 2613 varietate
1202 2579 1315 2625 pretio
1331 2588 1364 2613 et
1378 2594 1440 2614 usu
1453 2607 1462 2623 ,
1478 2581 1558 2615 vide

894 2631 1079 2675 Hugonem
1106 2632 1269 2666 Grotium
1293 2634 1430 2678 copioso.
1454 2625 1563 2668 disse-¹

894 2692 1039 2716 rentem.
1060 2685 1123 2716 En.

1329 2774 1351 2799 ί),
