1978 3305
340 249 919 294 EPIGRAMMATUM
956 249 1081 292 LIB.
1106 249 1220 292 VII.

1385 246 1480 292 235

706 401 871 456 XLI.

1148 528 1166 545 qs

393 551 457 578 AD
495 549 859 580 SEMPRONIUM
897 548 1132 577 TUCCAM.

149 670 386 714 Cosmicos
411 685 503 713 esse
526 669 626 724 tibi,
652 669 884 729 Semproni
907 670 1077 721 Tucca,
1101 667 1278 723 videris;

220 740 445 795 Cosmica,
471 740 729 800 Semproni,
755 748 843 782 tam
875 737 1009 792 mala,
1030 753 1162 798 quani
1190 738 1306 781 bona
1336 748 1448 782 sunt,

132 860 146 874 ''
165 864 226 898 Ad
248 864 461 910 Sempronium
487 865 691 899 inscribitur
718 865 754 898 in

82 916 164 951 edd.
184 925 267 951 vett.

137 982 168 1004 1.
193 970 363 1004 Cosmicos.
386 972 549 1014 Κοσμικός
568 986 575 993 ·
597 971 665 1004 hoc
684 979 734 1005 est
747 997 756 1015 ‚

81 1023 265 1058 mundanus.
292 1024 369 1057 Hoc
392 1023 604 1070 epigramma
627 1024 675 1058 sic
697 1036 755 1057 ex-

80 1077 187 1121 plicat
199 1077 385 1110 Turnebus
396 1077 457 1111 lib.
470 1078 587 1119 XXV,
601 1090 676 1123 cap.
694 1082 754 1118 24.

82 1128 219 1170 Credo,
250 1130 385 1175 inquit,
417 1130 664 1176 Sempronium
694 1143 755 1163 vo-

80 1182 184 1215 luisse
211 1181 324 1215 videri
353 1183 503 1217 Socratis
535 1191 569 1217 et
599 1184 756 1229 philoso-

81 1235 235 1280 phorum
253 1236 464 1270 imitatorem
481 1236 541 1282 qui
557 1249 593 1269 se
611 1235 758 1270 munda-

82 1300 146 1321 nos
162 1297 196 1322 et
214 1289 457 1334 κοσμοπο).ίτας
474 1289 636 1323 dicebant
647 1314 656 1330 ‚
685 1303 757 1323 non

83 1340 228 1386 alicujus
253 1342 338 1375 certi
355 1341 562 1388 definitique
586 1343 654 1376 loci
686 1355 758 1376 mu-

814 864 946 910 nicipes
964 875 972 897 :
992 876 1031 897 ac
1053 876 1088 897 se
1105 862 1326 898 mundanum
1344 877 1416 898 esse
1431 877 1485 898 re-

813 916 956 963 spondit
987 917 1236 963 interroganti,
1263 918 1359 963 cujas
1385 926 1488 958 esset,

815 971 997 1004 Socrates:
1033 971 1202 1004 Martialis
1241 979 1358 1003 autem
1380 997 1389 1011 ‚
1428 970 1487 1016 qui

813 1023 987 1057 mundum
1015 1023 1232 1057 tantumdem
1264 1023 1348 1056 boni
1378 1035 1488 1069 quan-

815 1086 889 1111 tum
908 1077 990 1110 mali
1009 1077 1137 1110 habere
1159 1077 1281 1116 sciret,
1300 1085 1333 1110 et
1358 1077 1489 1110 multos

815 1130 1026 1175 intelligeret
1061 1130 1246 1163 ambitioso
1289 1129 1488 1176 philosophi

815 1184 958 1217 nomine
973 1195 1097 1229 magna
1112 1183 1197 1217 vitia
1208 1184 1382 1217 occultare
1394 1208 1403 1223 ‚
1419 1196 1491 1216 cos-

816 1236 905 1270 mica
932 1245 966 1270 et
991 1237 1082 1270 bona
1107 1245 1141 1270 et
1171 1237 1259 1269 mala
1285 1248 1357 1270 esse
1383 1235 1490 1276 dicit,

816 1302 862 1323 ne
879 1302 920 1323 eo
937 1289 1082 1323 nomine
1100 1289 1325 1335 Sempronius
1343 1289 1489 1323 nimium

819 1343 1028 1388 superbiret.

688 1476 899 1531 XLII.

558 1623 625 1650 AD
657 1604 1017 1652 CASTmcum.*

157 1733 440 1781 MUNERIBUS
464 1738 612 1798 cupiat
637 1738 673 1781 si
695 1738 794 1798 quis
820 1738 1085 1782 contendere
1109 1748 1275 1789 tecum,

226 1806 398 1851 Audeat
419 1807 490 1851 hic
516 1808 668 1864 etiam,
691 1808 909 1863 Castrice‚
938 1809 1215 1853 carminibus.

155 1880 245 1922 Nos
276 1887 427 1922 tenues
454 1879 499 1922 in
527 1888 713 1939 utroque
743 1895 914 1935 sumus,
940 1881 1142 1940 vincique
1169 1882 1332 1941 parati3

227 1948 335 1992 Inde
364 1965 496 2010 sopor
521 1949 670 2005 nobis,
700 1959 743 1993 et
772 1949 917 2010 placet
945 1949 1031 1994 alta
1057 1952 1192 2011 quies.

156 2020 263 2062 Tam
289 2018 403 2063 mala
427 2036 506 2064 cur
527 2021 659 2082 igitur
683 2020 876 2065 dederim
903 2021 979 2065 tibi
1006 2022 1222 2077 carmina,
1244 2022 1426 2083 quaeris?
1486 2043 1495 2063 >‚

227 2088 410 2134 Alcinoo
436 2090 604 2135 nullum
627 2108 758 2153 poma
782 2091 950 2136 dedisse
974 2091 1130 2153 putas?

142 2211 156 2226 '¹
169 2218 210 2250 In
223 2217 291 2251 hoc
303 2218 553 2264 epigrammate
565 2218 764 2253 exhibendo

90 2268 220 2302 nullam
231 2270 389 2304 lectionis
398 2271 600 2305 varietatem
608 2271 765 2318 produnt

91 2323 311 2368 exemplaria.

148 2388 180 2409 1.
209 2376 405 2409 llluneribus.
434 2377 499 2411 Hic
527 2378 700 2412 Castricus
731 2387 766 2412 et

92 2427 223 2462 divitiis
245 2437 278 2462 et
300 2428 459 2463 doctrina
481 2430 687 2473 abundavit,
706 2431 764 2464 cui

91 2482 221 2526 primas
240 2480 300 2514 dat
319 2483 437 2516 Poeta.

144 2535 176 2568 3.
196 2535 277 2569 Nos.
299 2535 384 2579 Ego.
404 2557 456 2562 --
477 2537 631 2582 Vincique
644 2539 762 2581 parati.

94 2588 230 2633 Opibus
248 2596 281 2621 et
297 2589 521 2622 carminibus.

149 2641 182 2674 5.
208 2642 286 2674 Tam
309 2642 403 2676 ηιαΙα.
426 2643 608 2676 Rationem
631 2641 764 2683 reddit,

94 2705 155 2726 eiu·
180 2693 223 2727 ad
248 2694 442 2728 Castricum
467 2708 587 2730 versus
612 2696 766 2736 miserit;

823 2219 922 2265 quia,
949 2231 1095 2265 nempe,
1123 2220 1259 2265 inquit,
1291 2227 1325 2253 et
1352 2220 1498 2253 Alcinoo

822 2273 1006 2306 Phaeacum
1031 2273 1104 2316 regi
1127 2273 1162 2306 in
1183 2273 1294 2305 insula
1320 2273 1497 2319 Corcyra,

822 2325 947 2366 hodie,
972 2326 1110 2368 waou,
1140 2326 1237 2371 cujus
1261 2326 1356 2359 horti
1380 2327 1497 2372 pomis

823 2379 1047 2412 nobilissimis
1089 2378 1314 2412 abundarunt
1327 2404 1337 2420 ‚
1372 2380 1498 2425 aliquis

824 2432 938 2465 forsan
973 2431 1104 2464 obtulit
1132 2445 1257 2477 poma,
1288 2441 1323 2466 et
1354 2432 1498 2478 quidem

823 2484 892 2517 suis
908 2485 1010 2529 longe
1029 2485 1206 2519 inferiora.
1224 2486 1336 2530 Hujus
1357 2487 1496 2519 Alcinoi

823 2537 944 2570 hortos
965 2536 1131 2571 describit
1150 2539 1293 2572 Homer.
1318 2538 1444 2585 Odyss.
1460 2540 1494 2572 Z(

824 2591 986 2623 Attamen
1004 2591 1061 2623 illa
1079 2592 1210 2638 accepit
1228 2592 1262 2625 in
1278 2592 1407 2625 bonam
1424 2605 1500 2638 par-

827 2652 894 2676 tem
908 2656 917 2685 ;
931 2644 979 2676 sic
1000 2653 1036 2677 tu
1053 2644 1211 2679 eruditus
1228 2645 1402 2679 inerudita
1425 2658 1499 2679 car-

830 2697 923 2730 mina
940 2710 1011 2730 non
1027 2698 1185 2743 repelles.
1206 2699 1271 2731 En.
