1978 3305
404 215 504 276 674

522 302 639 335 XVII.

504 356 638 389 XVIII.

538 409 637 442 XIX.

556 462 636 495 XX.

537 515 636 548 XXI.

519 568 635 601 XXII.

500 620 635 654 XXIII.

503 674 587 707 XXI
594 673 633 707 V.

516 726 633 761 XXV.

496 779 631 813 XXVI.

481 832 632 865 XXVII.

460 885 631 919 XXVIII.

495 938 630 971 XXIX.

514 991 630 1025 XXX.

496 1044 630 1078 XXXI.

477 1096 629 1130 XXXII.

459 1150 629 1183 XXXIII.

458 1203 628 1235 XXXIV.

476 1256 628 1288 XXXV.

459 1309 629 1342 XXXVI.

442 1362 629 1395 XXXVII.

422 1467 629 1501 XXXVIII.

462 1520 626 1553 XXXIX.

553 1574 626 1605 XL.

530 1626 627 1658 XLI.

517 1678 627 1712 XLII.

496 1732 627 1765 XLIII.

497 1785 627 1818 XLIV.

516 1839 626 1871 XLV.

497 1892 625 1925 XLVI.

478 1944 626 1977 XLVII.

460 1997 626 2031 XLVIII.

500 2051 626 2084 XLIX.

586 2105 626 2137 L.

564 2158 626 2190 LI.

550 2210 625 2243 LII.

530 2263 624 2297 LIII.

530 2316 623 2350 LIV.

547 2370 623 2403 LV.

526 2423 622 2455 LVI.

511 2475 622 2509 LVII.

494 2529 622 2562 LVIII.

528 2582 620 2615 LIX.

546 2635 619 2668 LX.

528 2688 616 2721 LXI.

969 215 1252 260 TABULA.

665 301 717 333 De
739 312 839 334 coma
856 299 974 333 Earini
1004 323 1592 333 .......................
1620 303 1701 349 Pag.
1733 305 1803 351 387

663 354 716 386 De
733 351 855 386 eadem
871 351 914 386 ad
931 352 1174 399 AEsdujapium
1186 374 1697 388 ....................
1732 358 1805 393 388

664 404 720 439 Ad
744 406 914 440 Caesarem
936 406 1178 440 Domitianum
1187 428 1694 440 ....................
1732 410 1804 455 389

661 460 702 492 In
726 458 902 492 Sabellum
924 481 1695 492 ..............................
1733 464 1806 508 390

663 511 718 545 Ad
740 511 981 545 Domitianum
997 534 1691 545 ...........................
1730 515 1800 561 391

662 564 716 598 Ad
737 565 889 598 Auctum
921 586 1690 597 ..............................
1730 568 1801 613 392

660 617 716 651 Ad
740 618 915 652 Pastorem
947 640 1692 651 .............................
1730 621 1802 666 39²

661 670 717 704 Ad
737 670 865 704 Carum
895 691 1692 704 ...............................
1731 675 1802 718 394

659 723 714 758 Ad
735 722 898 758 eumdem
921 745 1693 756 ..............................
1730 726 1802 771 395

660 779 701 810 In
723 778 849 810 Afrum
866 799 1691 810 ................................
1729 780 1801 823 395

658 831 710 864 De
732 830 847 863 Nerva
866 852 1692 862 ................................
1730 831 1802 877 397

658 883 699 916 In
720 883 907 917 Chrestum
917 904 1690 915 ..............................
1728 885 1802 929 398

657 936 884 982 Epitaphium
909 935 1026 969 Latini
1047 957 1689 968 .........................
1729 939 1801 982 399

655 989 885 1035 Epitaphium
905 988 1068 1022 Philaenis
1077 1009 1695 1021 ........................
1734 995 1803 1031 400

656 1043 699 1075 In
720 1042 886 1087 pietatem
907 1042 1063 1087 Nigrinae
1073 1061 1692 1074 ........................
1730 1048 1798 1084 402

657 1096 708 1128 De
731 1095 825 1128 Velii
847 1102 927 1128 voto
937 1116 1688 1127 .............................
1728 1096 1799 1137 403

656 1148 804 1189 Qualem
824 1147 907 1181 velit
926 1148 1072 1181 amicam
1099 1169 1689 1179 .......................
1728 1153 1799 1189 404

654 1200 710 1234 Ad
732 1201 894 1234 Flaccum
915 1222 1692 1233 ..............................
1730 1202 1799 1242 405

655 1255 706 1287 De
729 1255 861 1300 templo
882 1254 995 1300 gentis
1015 1254 1142 1287 Flaviae
1152 1275 1688 1285 ·····················
1727 1255 1799 1295 405

654 1308 696 1339 In
718 1307 964 1341 Philomusum
997 1328 1690 1338 ...........................
1729 1311 1799 1346 406

655 1360 879 1406 Colloquium
894 1359 1108 1407 Ganymedis
1127 1368 1161 1394 et
1181 1359 1282 1394 ,Iovis
1299 1373 1404 1406 super
1422 1360 1550 1394 Earino
1567 1369 1602 1394 et
1620 1361 1696 1394 aliis

708 1413 900 1447 Domitiani
921 1413 1039 1459 pueris
1049 1434 1690 1444 ........................
1727 1417 1797 1453 408

656 1467 696 1499 In
725 1466 861 1499 Gallam
889 1488 1689 1497 ...............................
1728 1471 1798 1511 409

654 1519 708 1552 Ad
731 1519 947 1564 Agathinum
971 1540 1689 1551 ............................
1728 1524 1747 1561 4
1758 1533 1799 1554 10

656 1573 707 1605 De
728 1572 833 1606 natali
854 1572 1019 1606 Caesoniae
1044 1593 1685 1603 .........................
1725 1577 1766 1613 41
1778 1587 1796 1608 2

655 1626 707 1658 De
728 1624 888 1658 Diodoro
912 1634 946 1659 et
964 1633 1046 1659 voto
1063 1625 1226 1659 Philaenis
1247 1625 1366 1659 uxoris
1388 1647 1685 1656 ............
1724 1630 1766 1666 41
1778 1639 1795 1659 2

654 1679 694 1710 In
717 1678 905 1712 Ponticum
937 1699 1686 1710 .............................
1727 1679 1794 1718 413

653 1730 710 1764 Ad
728 1731 928 1777 Apollinem
951 1744 1016 1776 pro
1032 1731 1136 1765 Stella
1153 1744 1218 1765 suo
1228 1752 1683 1762 ··················
1722 1735 1763 1772 4¹
1776 1736 1795 1772 4

654 1785 704 1817 De
723 1792 836 1818 statua
851 1785 1014 1818 Herculis
1042 1806 1683 1815 .........................
1723 1788 1764 1825 41
1775 1785 1794 1819 5

653 1838 705 1870 De
726 1836 844 1871 eadem
867 1845 979 1871 statua
989 1858 1684 1868 ...........................
1721 1841 1794 1882 417

653 1889 706 1923 Ad
728 1890 971 1924 Marcellinum
988 1912 1682 1922 ...........................
1722 1894 1741 1930 4
1752 1892 1794 1924 18

653 1944 694 1975 In
715 1943 870 1977 Gellium
885 1965 1104 1974 .........
1121 1966 1129 1971 .
1147 1965 1683 1974 .....................
1722 1947 1793 1987 419

652 1997 693 2029 In
712 1996 906 2030 Pannicum
916 2018 1687 2028 ..............................
1728 2000 1795 2035 420

652 2050 693 2082 In
718 2050 891 2083 Gallicum
909 2071 1682 2081 ..............................
1721 2053 1788 2089 421

654 2103 704 2135 De
720 2112 800 2149 toga
818 2116 836 2137 a
854 2103 1043 2136 Parthenio
1059 2103 1125 2136 sibi
1141 2102 1267 2137 donata
1278 2124 1682 2133 ----------------
1720 2107 1764 2142 [με
1775 2115 1791 2135 2

654 2156 695 2188 In
718 2152 879 2189 Gaurum
907 2176 1681 2187 ..............................
1720 2154 1792 2195 423

653 2209 705 2241 De
723 2210 865 2242 Lucano
884 2217 918 2242 et
935 2210 1041 2242 Tullo
1067 2229 1442 2240 ...............
1463 2232 1466 2234 ,
1488 2230 1681 2238 ........
1720 2207 1791 2248 [123

650 2261 706 2294 Ad
722 2263 897 2304 Quintum
916 2262 1083 2296 Ovidium
1095 2283 1681 2293 .......................
1722 2265 1790 2301 4²4

651 2315 705 2347 Ad
727 2314 893 2349 eumdem
911 2335 1681 2346 ..............................
1719 2314 1791 2355 425

649 2367 705 2401 Ad
723 2369 916 2414 Cognatum
933 2389 1680 2400 .............................
1719 2367 1790 2407 425

649 2421 702 2455 Ad
723 2422 885 2456 Flaccum
910 2442 1680 2453 ..............................
1719 2424 1790 2464 427

649 2476 700 2508 De
718 2475 979 2521 Spendophoro
1012 2495 1678 2506 ..........................
1718 2476 1790 2514 428

647 2529 687 2562 In
713 2527 889 2574 Hedylum
907 2549 1679 2558 .............................
1718 2530 1790 2569 ‘5²9

649 2581 699 2615 Ad
722 2582 921 2628 Nympharn
946 2581 1066 2615 Sabini
1092 2601 1681 2611 .......................
1720 2579 1790 2618 430

648 2636 684 2667 In
711 2635 923 2668 Mamurram
956 2655 1677 2665 ............................
1716 2633 1781 2672 43ι

643 2689 771 2721 Sabino
791 2688 895 2721 mittit
917 2701 1080 2721 coronam
1099 2700 1232 2721 roseam
1244 2707 1674 2717 .................
1716 2684 1785 2725 43Ϊῖ
