1978 3305
332 237 921 282 EPIGRAMMATUM
959 237 1082 279 LIB.
1121 237 1205 278 Ix.

1373 236 1467 289 415

277 327 366 369 Det
392 324 534 368 Stellae
557 324 698 368 bonus
723 333 970 384 annuatque
1000 325 1156 367 Caesar.

279 395 397 439 Felix
426 405 531 438 tunc
556 411 661 456 ego,
684 394 940 454 debitorque
966 395 1055 437 voti

278 468 495 509 Casurum
521 465 599 508 tibi
623 466 804 509 rusticas
828 464 882 508 ad
905 480 1001 508 aras

879 515 897 541 1

278 537 451 579 Ducam
477 535 684 579 cornibus
714 535 854 578 aureis
874 551 1124 594 juvencum.

278 607 393 649 Nata
420 615 485 649 est
514 606 677 660 hostia,
702 605 886 658 Phoebe,
910 604 1013 664 quid
1039 603 1252 648 moraris?

71 741 176 774 fasces
202 741 475 787 praeferebantur
495 752 743 786 usquequaque

71 793 290 834 consulibus3
312 800 346 826 et
368 801 406 826 ut
427 802 524 826 erant
545 793 743 826 consulatus

72 846 217 892 insignia
235 872 243 886 ,
279 844 358 879 ideo
385 854 570 879 sumuntur
598 858 615 878 a
638 846 744 879 Poeta

72 912 136 944 pro
155 899 233 944 ipso
254 898 446 932 consulatu.

126 965 160 996 7.
172 952 237 984 Det
248 950 369 985 Stellae.
383 952 434 984 De
447 963 518 997 quo
536 949 668 984 dictum
683 951 743 984 lib.

74 1004 89 1035 1
106 1029 116 1044 ,
135 1004 245 1050 epigr.
262 1016 345 1037 vm.

127 1059 160 1090 8.
180 1056 371 1103 Debitor-que
391 1058 469 1090 voti.
493 1058 584 1091 Reus
603 1057 694 1097 voti,
716 1058 746 1089 si

73 1110 277 1155 impetrare.

128 1175 161 1206 9.
182 1163 327 1196 Rusticus
348 1163 393 1195 ad
414 1176 498 1195 aras.
520 1162 596 1195 Hoc
620 1170 688 1203 est,
710 1162 745 1195 in

802 752 882 773 meo
890 738 1023 787 praedio
1031 740 1232 773 suburbano
1243 740 1305 773 tibi
1318 749 1476 775 sacratas.

834 806 839 809 ·
862 805 916 826 10.
935 792 1090 825 Cornibus
1106 794 1219 825 aureis.
1237 791 1290 825 Ad
1310 795 1475 839 majorem

803 857 969 890 pompam
988 854 1206 879 victimarum
1227 858 1357 879 cornua
1378 847 1478 880 inau-

804 899 983 931 rabantur.
1000 899 1125 931 Juven.
1141 898 1210 931 Sat.
1229 911 1265 931 VI
1279 924 1289 939 ‚
1310 901 1370 939 48,
1389 917 1402 929 «
1419 912 1479 933 au-

804 959 913 984 ratam
931 951 1065 984 Junoni
1080 950 1173 984 caede
1191 952 1372 997 juvencam
1391 970 1403 981 »
1421 965 1429 993 3
1446 962 1479 985 et

805 1003 931 1049 Virgil.
952 1006 1032 1037 AEn.
1052 1004 1122 1045 LX,
1140 1006 1224 1048 (527,
1244 1021 1256 1033 «ι
1269 1005 1314 1037 Et
1331 1013 1479 1038 statuam

806 1065 884 1090 ante
894 1068 967 1090 aras
983 1065 1102 1090 aurata
1114 1057 1228 1091 fronte
1240 1058 1445 1102 juvencum.
1462 1076 1474 1087 ι»

865 1122 922 1143 11.
947 1110 1037 1153 Quid
1058 1113 1199 1143 moraris.
1226 1111 1256 1142 A
1281 1111 1481 1143 Domitiano

807 1162 995 1207 impetrare
1016 1163 1235 1196 consulatum
1255 1176 1334 1197 meo
1356 1163 1480 1197 Stellae.

663 1303 891 1358 XLIV.

450 1459 511 1487 nr,
552 1458 749 1487 STATUA
788 1458 1070 1488 HERCULIS.
1086 1440 1103 1456 *

146 1588 262 1642 Hic,
284 1586 355 1646 qui
378 1584 487 1628 dura
513 1584 666 1628 sedens
691 1594 894 1645 porrecto
918 1601 1018 1629 saxa
1045 1584 1169 1630 leone

215 1657 388 1717 Mitigat
410 1655 564 1716 exiguo
589 1671 772 1716 magnus
797 1656 840 1698 in
867 1672 950 1699 aere
974 1657 1118 1712 Deus,

147 1728 342 1786 Quaeque
370 1725 490 1777 tulit,
517 1734 685 1786 spectat
708 1726 914 1787 resupino
941 1726 1079 1771 sidera
1106 1726 1259 1779 vultu,

129 1866 143 1878 ”
157 1871 208 1902 De
220 1877 327 1901 statua
342 1868 488 1901 Herculis
506 1867 687 1912 inscriptio
701 1876 750 1901 est

77 1923 111 1955 in
127 1922 208 1956 edd.
225 1930 308 1955 vett.
328 1921 462 1955 omnib.
483 1921 531 1952 De
545 1921 690 1952 Herculis
707 1923 749 1953 si-

76 1976 156 2021 gillo
169 1976 255 2020 apud
267 1975 430 2007 Vindicem
448 1973 532 2018 legit
545 1972 749 2006 Scriverius.

78 2030 130 2063 De
153 2030 291 2075 Lysippo
315 2028 468 2073 scalptore
491 2026 611 2059 scribit
641 2025 750 2059 codex

78 2081 299 2115 Bodleianus.

131 2155 182 2160 —
195 2135 244 2167 Ut
261 2133 405 2179 publice
423 2133 459 2165 in
478 2132 646 2166 conviviis
660 2132 753 2165 exci-

78 2188 266 2232 piebantur
293 2185 441 2219 deorum
464 2186 646 2220 simulacra
673 2185 753 2230 pul-

79 2240 257 2272 vinaribus
270 2265 278 2279 ‚
295 2239 339 2272 ita
355 2247 389 2272 et
400 2239 562 2284 privatim
584 2239 619 2271 in
636 2250 754 2270 mensa

81 2292 341 2325 collocabantur
371 2300 492 2324 statuae
520 2292 616 2324 velut
648 2291 754 2324 tutela

80 2345 290 2390 geniumque
319 2355 458 2377 mensae.
490 2345 588 2378 Inter
618 2352 756 2376 caeteras

82 2398 248 2443 imagines
278 2409 361 2442 quas
388 2397 523 2429 Nonius
549 2395 689 2429 Vindex
720 2396 755 2428 in

81 2462 176 2484 coena
194 2449 410 2489 ostenderat,
424 2456 496 2482 erat
510 2449 675 2482 Hercules
689 2448 758 2493 epi-

82 2503 268 2550 trapezius.
281 2503 388 2547 Cujus
405 2501 491 2546 signi
503 2501 699 2542 artificium,
715 2500 756 2533 ad

80 2557 230 2590 verbum
250 2568 329 2589 cum
349 2555 489 2595 Nostro,
507 2554 636 2587 Statius
654 2554 757 2598 Papi-

83 2610 161 2642 nius
172 2616 294 2654 quarto
314 2607 497 2651 Sylvarum
511 2607 601 2640 libro
613 2629 622 2643 ,
641 2607 757 2639 Carm.

85 2663 153 2701 VI,
172 2661 352 2707 exprimit,
375 2660 580 2700 admiratur,
602 2658 729 2692 laudat.

868 1881 897 1901 1.
912 1869 1004 1900 Dura
1016 1868 1136 1906 sedens,
1151 1878 1216 1903 etc.
1231 1870 1318 1904 Saxo
1332 1871 1485 1907 insidens

809 1921 942 1965 mitigat
957 1921 1121 1955 duritiem
1136 1924 1209 1968 ejus
1222 1924 1360 1958 instrata
1375 1926 1485 1959 leonis

809 1974 922 2019 pelle,
950 1986 1026 2020 quae
1053 1975 1199 2008 Herculi
1223 1989 1287 2021 pro
1312 1989 1483 2012 armatura

811 2035 844 2060 et
867 2027 956 2060 lecto
975 2035 1067 2069 erat;
1086 2027 1209 2062 durius
1231 2030 1324 2063 enim
1345 2039 1396 2064 est
1417 2044 1484 2064 nu-

813 2078 897 2113 dum
917 2079 1078 2114 insidere.
1095 2081 1234 2115 Senecae
1249 2083 1388 2116 Hercul.
1402 2084 1486 2118 Fur.

812 2145 863 2166 vs.
888 2145 901 2166 1
916 2134 997 2166 150.
1017 2135 1119 2166 Leone
1139 2147 1241 2177 vero,
1256 2135 1485 2181 synecdochi-

812 2190 894 2225 οῶε,
916 2194 1030 2219 totum
1050 2199 1115 2231 pro
1137 2196 1246 2232 parte.

870 2252 903 2271 2.
920 2239 1051 2283 Exiguo
1067 2252 1209 2284 magnas.
1227 2243 1328 2274 lErea
1344 2241 1485 2286 quidem

813 2291 870 2324 illa
904 2300 1012 2324 statua
1045 2301 1117 2325 erat
1146 2292 1289 2337 pedalis.
1325 2294 1488 2339 Papinius

814 2343 893 2376 loco
917 2344 973 2377 cit.
1000 2345 1044 2389 37
1065 2356 1072 2377 :
1095 2361 1108 2374 «
1127 2357 1324 2391 parvusque
1355 2346 1488 2390 videri,

817 2396 1017 2441 Sentirique
1038 2397 1177 2442 ingens;
1197 2407 1231 2432 et
1252 2411 1361 2444 quum
1390 2401 1490 2434 mira-

816 2449 894 2481 bilis
918 2449 1007 2482 intra
1030 2451 1103 2483 Stet
1122 2463 1281 2484 mensura
1303 2452 1438 2497 pedem.
1459 2472 1470 2483 n

871 2501 904 2534 3.
923 2502 1063 2547 Quoeque
1077 2504 1157 2536 tuln.
1174 2504 1252 2537 Hoc
1267 2514 1316 2538 est
1330 2517 1337 2538 τ
1353 2507 1487 2540 Caelum

817 2555 978 2599 suspicit,
1004 2556 1097 2600 quod
1127 2557 1226 2598 olim,
1247 2558 1374 2592 Atlanti
1402 2560 1489 2593 fesso

819 2619 921 2651 opem
940 2608 1090 2650 laturus,
1114 2609 1316 2655 aliquandiu
1338 2612 1492 2645 humeris

818 2660 995 2695 sustinuit.
