1978 3305
478 215 565 259 172

849 201 909 243 Μ.
933 202 1009 243 VA
1024 202 1072 243 L.
1113 202 1500 247 MARTIALIS

1070 352 1281 408 LXX.

900 501 970 529 AD
1028 501 1402 532 MARTIANUM.
1429 483 1449 500 '⁴‘

679 619 987 662 SEXAGESIMA
1002 654 1014 674 ,
1043 620 1286 676 Martiam,
1311 621 1461 664 messis

678 689 789 732 Acta
817 697 904 743 est,
930 698 996 743 et,
1025 699 1160 751 puto,
1182 690 1274 751 jam
1300 691 1489 735 secunda
1519 692 1691 745 Cottae;

678 759 772 803 Nec
801 775 845 803 se
869 758 996 803 taedia
1020 759 1166 805 lectuli
1192 760 1370 805 calentis

680 830 924 890 Expertum
953 832 1150 874 meminit
1181 831 1250 875 die
1277 831 1346 875 vel
1376 849 1479 876 uno.

677 899 882 943 Ostendit
905 900 1087 961 digitum
1104 936 1116 956 ‚
1136 901 1210 945 sed
1230 902 1502 963 impudicum
1517 937 1528 956 ‚
1547 933 1550 935 >

679 969 876 1026 Alconti,
897 972 1119 1032 Dasioque
1131 1006 1141 1024 ,
1168 973 1530 1033 Symmachoque.

681 1043 739 1084 At
760 1042 897 1085 nostri
917 1041 1028 1085 bene
1048 1052 1359 1103 computentur
1379 1045 1503 1097 anni,

679 1113 760 1166 Et,
782 1121 994 1172 quantum
1021 1113 1185 1156 tetricae
1207 1112 1346 1157 tulere
1372 1112 1515 1157 febres
1530 1149 1542 1169 ‚

679 1183 767 1225 Aut
796 1181 981 1242 languor
1011 1183 1154 1243 gravis
1169 1218 1180 1237 ‚
1203 1193 1280 1227 aut
1303 1182 1404 1227 mali
1431 1183 1603 1228 dolores
1618 1217 1630 1237 ‚

680 1254 719 1293 A
746 1252 832 1295 vita
856 1252 1036 1296 meliore
1061 1263 1318 1314 separentur
1339 1271 1347 1296 :

678 1321 872 1367 Infantes
897 1340 1069 1380 sumus,
1095 1334 1137 1368 et
1161 1341 1284 1368 senes
1307 1324 1517 1368 videmur.

680 1393 868 1437 AEtatem
894 1395 1140 1455 Priamique
1166 1396 1449 1455 Nestorisque

526 1517 541 1530 ⁴¹
555 1519 695 1553 Cottam
706 1520 842 1553 felicem
853 1519 1034 1566 praedicat,
1050 1521 1148 1566 quod

472 1580 545 1605 tota
556 1572 638 1613 vita,
653 1573 752 1605 nullo
767 1574 892 1606 morbo
909 1582 1058 1607 tentatus
1072 1575 1147 1608 fue-

473 1625 537 1665 rit;
559 1637 594 1658 se
618 1625 812 1667 infelicem,
834 1626 896 1672 qui
924 1627 981 1660 vix
1000 1627 1105 1661 ullam
1129 1641 1146 1660 a

472 1676 596 1711 dolore
611 1678 733 1712 horam
752 1692 895 1713 vacuam
916 1680 1053 1714 vixerit.

530 1744 562 1765 1.
582 1731 800 1776 Sexagesimu,
824 1741 888 1766 etc.
912 1734 1020 1766 LXII
1037 1746 1148 1767 annos

472 1792 572 1817 natus
589 1793 638 1818 est
658 1785 761 1818 Cotta
773 1811 782 1827 ,
798 1798 915 1831 neque
930 1799 1086 1832 unquam
1102 1787 1149 1820 le-

471 1845 528 1871 cto
541 1850 623 1870 eum
636 1838 746 1872 affixit
760 1839 865 1872 unius
878 1838 1025 1872 dieculae
1042 1840 1148 1873 febris

471 1889 609 1924 ardens.

527 1958 559 1977 2.
580 1943 688 1977 Coctae
707 1944 914 1978 Beverlandi
931 1945 1006 1978 MS.

530 2002 560 2030 3.
587 1997 697 2029 Taedia
714 1998 820 2030 lectuli
833 1998 976 2031 calentis.
990 1998 1065 2031 Hoc
1082 2007 1149 2039 est,

473 2062 544 2082 non
572 2050 733 2083 meminit
762 2063 797 2084 se
827 2063 982 2097 unquam
1011 2051 1147 2084 ardenti

474 2103 570 2136 febre
587 2103 781 2145 1al›0rasse;
800 2112 945 2149 propter
967 2116 1071 2149 quam
1094 2105 1148 2137 in-

473 2156 609 2190 calescit
627 2157 749 2190 lectus.

527 2213 561 2249 4.
574 2210 750 2254 Erpertum
765 2212 875 2243 mimu't
889 2210 922 2243 in
936 2209 1058 2243 eodem
1075 2210 1147 2243 MS.

532 2263 562 2295 3.
584 2264 733 2295 Ostendit
745 2259 894 2307 digitum,
910 2272 975 2296 etc.
991 2264 1057 2296 Per
1070 2276 1151 2296 con-

474 2324 646 2361 temptum
677 2325 710 2349 et
747 2315 960 2350 derisionem
997 2316 1150 2350 ostendit

475 2368 619 2402 medicis
628 2368 787 2402 medium
798 2381 949 2415 unguem
960 2395 970 2412 ‚
984 2369 1149 2403 infamem

473 2430 506 2454 et
522 2420 738 2467 impudicum
755 2421 917 2468 digitum.
928 2421 1020 2456 Vide
1036 2422 1097 2456 lib.
1113 2424 1129 2456 l
1142 2448 1152 2463 ,

473 2474 582 2519 epigr.
598 2486 688 2508 xciii
700 2501 709 2516 ,
728 2488 776 2509 vs.
796 2488 828 2517 ²3
846 2484 879 2509 et
893 2476 955 2509 lib.
972 2476 1024 2516 II,
1039 2476 1148 2521 epigr.

478 2539 593 2560 xxvnr
606 2551 615 2568 ,
636 2540 684 2560 vs.
705 2541 740 2561 α.

527 2583 562 2613 (i.
582 2581 726 2619 Alconti,
749 2582 923 2627 Dasioque,
944 2581 1149 2627 Symmacho-

471 2646 539 2678 quc.
562 2632 719 2667 Medicis.
742 2634 900 2667 Juvenal.
922 2643 982 2668 sat.
1003 2648 1022 2668 x
1040 2662 1048 2674 ‚
1073 2635 1117 2668 53
1141 2647 1148 2668 :

1210 1521 1460 1567 «Mediumque
1477 1519 1675 1554 ostenderet
1690 1531 1878 1565 unguem.»

1207 1574 1291 1608 Vid.
1313 1583 1424 1609 nostr.
1441 1574 1604 1608 Juv.vol.
1621 1574 1656 1606 II
1668 1597 1678 1613 ‚
1692 1585 1728 1618 p.
1748 1573 1797 1606 81.
1815 1572 1882 1606 Eo.

1261 1641 1295 1672 7.
1320 1629 1370 1661 At
1395 1630 1496 1660 nostri
1517 1627 1592 1660 bene
1611 1633 1830 1671 computantur
1847 1626 1882 1659 in

1206 1679 1428 1727 quibusdam.
1453 1680 1535 1713 Haec
1561 1691 1671 1725 usque
1693 1677 1737 1711 ad
1762 1691 1812 1712 vs.
1840 1691 1883 1712 10

1207 1735 1296 1768 male
1310 1734 1486 1768 cohaerere
1498 1740 1598 1779 putat
1615 1734 1696 1766 Ant.
1711 1730 1756 1765 de
1771 1732 1884 1778 Rooy:

1207 1787 1266 1820 ille
1292 1799 1381 1820 corr.
1408 1788 1442 1820 Α
1469 1789 1540 1819 ‘rita
1568 1786 1688 1818 meliori
1709 1792 1882 1830 separetur.

1208 1839 1381 1876 Caeterum
1399 1840 1496 1872 tulere
1515 1839 1606 1872 valet
1625 1838 1780 1871 abstulere
1787 1851 1800 1878 ;
1817 1850 1883 1883 qua

1209 1894 1356 1926 notione
1382 1893 1506 1939 saepius
1530 1892 1598 1925 hoc
1628 1892 1778 1924 verbum
1805 1891 1885 1924 sim·

1207 1947 1287 1992 plex
1297 1944 1624 1991 capiendum.Virg.
1634 1946 1712 1977 AEn.
1724 1944 1760 1976 II
1769 1968 1779 1984 ,
1791 1945 1882 1977 600:

1213 2017 1226 2028 α
1243 2000 1279 2032 ni
1291 2011 1365 2032 mea
1379 2011 1462 2032 cura
1478 1998 1630 2038 resistat,
1643 1997 1722 2030 Jam
1737 1995 1885 2030 ssammae

1208 2052 1368 2085 tulerint.
1386 2070 1398 2081 .-
1417 2050 1538 2085 Sidon.
1555 2050 1673 2085 Carm.
1691 2049 1801 2090 XIII,
1819 2055 1881 2090 14:

1214 2122 1226 2134 ι
1247 2105 1350 2138 Nulla
1376 2113 1491 2137 tamen
1519 2104 1595 2137 fuso
1622 2103 1721 2148 prior
1743 2110 1793 2135 est
1814 2102 1885 2136 Ge-

1208 2170 1317 2202 ryone
1331 2170 1448 2202 pugna
1462 2183 1471 2197 ‚
1487 2157 1559 2189 Uni
1576 2154 1808 2200 tergeminum
1828 2156 1884 2189 cui

1209 2211 1291 2244 tulit
1311 2211 1368 2243 ille
1387 2219 1490 2256 caput
1508 2227 1520 2238 n
1538 2222 1547 2249 ;
1567 2209 1628 2241 ubi
1647 2207 1720 2242 vid.
1745 2208 1884 2242 Savaro.

1208 2263 1276 2297 Adi
1298 2272 1331 2296 et
1360 2264 1424 2297 cel.
1443 2263 1554 2296 Reitz.
1579 2261 1623 2295 de
1651 2261 1789 2306 Ambig.
1808 2273 1884 2295 voc.

1202 2318 1297 2360 sero:
1313 2325 1346 2350 et
1357 2317 1401 2350 cl.
1415 2316 1573 2349 Gruner.
1591 2313 1635 2347 ad
1645 2312 1765 2348 Sedul.
1777 2313 1838 2347 lib.
1850 2314 1885 2354 1,

1209 2383 1258 2403 vs.
1279 2371 1362 2403 205.

1264 2425 1298 2457 8.
1319 2423 1380 2462 Ee,
1403 2430 1566 2467 quantum,
1586 2429 1653 2454 etc.
1673 2420 1719 2453 Et
1733 2431 1751 2452 a
1766 2419 1887 2453 melio-

1209 2476 1257 2509 ris
1283 2475 1364 2509 vitae
1389 2483 1481 2508 statu
1507 2472 1749 2508 subducantur
1775 2484 1885 2517 quan-

1210 2537 1282 2562 tum
1307 2529 1476 2573 temporis
1495 2527 1538 2561 sit
1563 2527 1758 2571 impensum
1779 2525 1884 2558 animi

1210 2583 1264 2615 vel
1275 2580 1584 2628 corporismorhis,
1595 2578 1694 2613 facile
1704 2578 1887 2624 apparebit

1212 2648 1275 2668 nos
1291 2634 1351 2668 diu
1371 2635 1475 2668 fuisse
1488 2659 1496 2673 ,
1515 2645 1638 2678 parum
1660 2630 1796 2664 vixisse.
