1978 3305
472 217 568 264 550

836 219 899 260 Μ.
924 217 1066 260 VAL.
1107 216 1497 260 MARTIALIS

607 307 672 350 Ex
695 321 795 349 aree
818 304 916 348 clivi
941 312 1108 365 spectat
1129 319 1215 346 uva
1236 304 1381 347 Setini.

607 375 727 433 Quid
753 376 1060 436 concupiscam
1081 374 1236 434 quaeris
1253 373 1390 435 ergo?
1410 376 1628 419 Dormire.

528 518 573 538 ιι.
607 505 675 538 Uva
693 503 804 538 Setini.
830 503 923 536 Setia
944 503 1027 536 urbs
1049 501 1140 535 Latii

466 561 565 604 juxta
588 557 792 602 Pomptinas
818 555 985 602 paludes,
1006 555 1068 588 ubi
1089 555 1140 588 vi·

470 624 558 644 num
574 610 750 656 optimum
769 609 884 643 :adito
905 609 966 643 lib.
989 609 1054 651 IV,
1067 608 1141 654 epi-

470 677 624 710 gramma
645 676 740 698 Lux.

528 730 541 751 1
553 731 585 750 2.
603 718 762 750 Dormire.
776 715 954 749 Juvenalis
967 739 976 755 ‚
993 723 1056 748 sat.
1072 726 1118 747 111
1134 739 1144 754 ‚

471 784 502 803 v.
524 772 568 804 53>
589 782 638 816 sq.
653 782 660 803 :
681 769 806 803 «Tanti
822 769 887 802 tibi
900 781 972 801 non
985 768 1027 801 sit
1041 767 1142 812 opaci

472 823 594 857 Omnis
605 835 707 856 arena
714 823 800 868 Tagi
809 849 818 864 ,
828 821 997 868 quodque
1006 821 1041 853 in
1049 832 1143 854 mare

1199 502 1353 535 volvitur
1365 515 1506 539 aurum,
1522 502 1571 535 Ut
1583 515 1708 536 somno
1719 515 1847 537 careas.
1858 523 1871 534 .‚

1199 576 1252 581 —
1267 555 1435 589 Martialis
1469 557 1504 589 in
1534 555 1603 589 hoc
1632 568 1705 588 non
1732 555 1876 601 quidem

1200 608 1374 649 imitator,
1398 608 1460 643 sed
1484 609 1564 643 satis
1596 608 1718 643 similis
1752 610 1875 654 Lason·

1202 663 1306 702 taine,
1327 662 1388 707 qui
1410 661 1454 695 de
1474 670 1635 708 tempore
1654 662 1730 696 haec
1752 663 1791 696 in
1815 675 1879 697 suo

1208 715 1318 761 ipsius
1337 714 1424 749 dixit
1443 716 1602 761 ἐπιταφίῳ
1621 727 1628 748 :

1237 779 1306 802 Deux
1316 785 1385 811 parts
1396 787 1428 801 en
1443 778 1470 802 fit
1481 797 1487 807 ,
1502 778 1564 802 dont
1579 777 1596 801 il
1609 777 1702 802 soulait
1713 787 1800 811 passer

1238 823 1317 847 L'une
1329 823 1342 848 a
1352 824 1457 853 dormit,
1470 831 1494 848 et
1509 822 1601 849 l'autre
1615 824 1628 848 'a
1639 834 1669 848 ne
1680 824 1735 848 rien
1748 824 1877 849 [υἷι-αἰξίν.

1045 951 1308 1008 LXXV.

1008 1103 1074 1130 DE
1113 1080 1342 1130 GALLA.*

543 1223 722 1266 MlLLlA
747 1221 898 1281 viginti
925 1217 1146 1280 quondam
1166 1234 1236 1261 me
1260 1216 1386 1261 Galla
1412 1220 1636 1278 poposcit3

614 1294 693 1347 Et,
716 1291 876 1343 fateor,
897 1290 1043 1351 magni
1068 1306 1157 1333 non
1177 1298 1272 1332 erat
1290 1286 1359 1331 illa
1384 1289 1525 1332 nimis.

548 1366 697 1408 Annus
718 1362 832 1406 abit:
852 1362 916 1406 bis
940 1361 1072 1422 quina
1092 1359 1214 1403 dabis
1241 1360 1436 1403 sestertia
1451 1395 1462 1414 ‚
1484 1359 1592 1403 dixit
1612 1377 1620 1403 :

615 1436 800 1478 Poscere
826 1432 922 1494 plus
943 1433 1035 1476 visa
1055 1441 1141 1485 est,
1165 1447 1294 1491 quam
1318 1431 1460 1491 prius,
1484 1429 1554 1473 illa
1578 1430 1697 1474 mihi.

545 1508 641 1549 Jam
670 1504 757 1548 duo
786 1504 983 1565 poscenti
1012 1512 1110 1563 post
1134 1511 1304 1546 sextum
1331 1499 1462 1545 millia
1493 1518 1711 1556 mensem,

617 1575 738 1619 Mille
769 1575 926 1619 dabam
953 1590 1157 1617 nummos
1179 1571 1348 1616 :noluit
1377 1572 1586 1632 accipere.

546 1647 826 1690 Transierant
856 1646 967 1689 hinae
996 1644 1167 1693 forsan,
1198 1645 1378 1687 trinaeve
1408 1641 1641 1693 Kalendae‚

617 1716 829 1761 Aureolos
852 1716 969 1761 ultro
991 1725 1179 1776 quatuor
1206 1716 1298 1776 ipsa
1327 1714 1459 1775 petit3

547 1790 649 1832 Non
674 1788 873 1832 dedimus
895 1805 903 1831 :
926 1797 1101 1832 centum
1124 1786 1252 1846 jussit
1283 1801 1350 1828 me
1376 1786 1546 1829 mittere
1572 1801 1803 1837 numinos;

619 1859 704 1903 Sed
730 1860 819 1902 visa
845 1868 910 1903 est
933 1858 1058 1902 nobis
1084 1858 1177 1901 haec
1207 1872 1383 1917 quoque
1407 1872 1576 1900 summa
1607 1858 1762 1916 gravis.

549 1928 755 1991 Sportula
784 1946 863 1973 nos
883 1929 1027 1989 junxit
1052 1927 1367 1990 quadrantibus
1392 1926 1511 1970 arida
1544 1936 1718 1971 centuni
1741 1945 1749 1969 :

618 2003 744 2044 Hanc
772 1999 938 2044 voluit:
957 2016 1095 2060 puero
1121 1998 1307 2043 diximus
1337 2014 1428 2042 esse
1453 1998 1612 2041 datam.

533 2124 545 2137 '¹
562 2129 681 2162 Forma
701 2127 814 2160 bonum
827 2127 951 2173 fragile
970 2134 1025 2159 est.
1049 2126 1157 2168 Quod

480 2182 588 2227 vulgo
607 2180 743 2214 dictum
762 2180 889 2214 effectu
907 2180 1023 2213 firmat
1035 2206 1044 2221 ‚
1062 2180 1159 2213 femi-

481 2248 561 2268 nam
584 2233 756 2268 inducens
776 2235 836 2267 cui
856 2234 973 2267 minus
989 2241 1024 2266 et
1038 2233 1157 2266 minus

481 2289 516 2322 in
537 2287 610 2322 dies
628 2286 712 2321 dare
727 2287 816 2321 vult.

539 2353 569 2376 1.
585 2342 692 2375 Mallia
707 2343 839 2386 viginti,
855 2338 1016 2374 etc.Vid.
1032 2339 1158 2372 tabulae

482 2403 703 2428 monetarum
730 2393 773 2428 ad
800 2393 928 2428 calcem
952 2393 1022 2426 vol.
1040 2392 1156 2437 primi.

537 2462 568 2481 α.
589 2448 703 2493 Magni
722 2460 796 2487 non,
820 2455 886 2481 etc.
905 2447 1047 2480 Nitebat
1065 2446 1157 2479 enim

481 2510 552 2535 turn
575 2501 661 2535 flore
677 2503 839 2545 juventae.

536 2555 568 2587 3.
592 2555 647 2587 Bis
670 2557 775 2601 quina.
800 2555 896 2587 Dena
917 2553 1155 2587 sestertiorum

484 2607 590 2640 millia
616 2619 621 2638 :
648 2607 836 2641 dimidium
856 2608 924 2651 jani
947 2606 1073 2640 scilicet
1098 2619 1155 2651 pc-

483 2661 594 2694 cunia*
616 2661 751 2705 prioris.

1272 2130 1306 2165 ά.
1336 2125 1488 2163 Poscere,
1520 2133 1585 2157 etc.
1618 2124 1736 2158 Minus
1764 2126 1896 2170 quippe

1218 2178 1368 2212 formosa
1389 2186 1441 2211 est
1462 2177 1572 2218 facta,
1591 2186 1694 2223 atque
1713 2178 1797 2212 hinc
1819 2191 1895 2224 gra-

1218 2232 1296 2264 vius
1318 2231 1430 2264 visum
1455 2239 1504 2264 est
1527 2231 1691 2276 pretium.

1274 2284 1306 2318 5.
1325 2285 1400 2317 Duo
1418 2284 1528 2317 millia.
1550 2284 1727 2318 Decimam
1747 2293 1895 2330 partem.

1273 2340 1306 2371 8.
1324 2338 1480 2371 Aureolos
1495 2338 1590 2377 ultro,
1610 2346 1675 2372 etc.
1697 2337 1898 2371 Deflorente

1216 2393 1284 2437 jam
1301 2391 1337 2424 in
1355 2389 1428 2425 dies
1448 2391 1558 2424 forma
1571 2417 1581 2432 ,
1600 2399 1634 2424 et
1650 2392 1723 2437 ipsa
1743 2391 1876 2425 vilescit
1891 2417 1900 2431 ‚

1219 2453 1418 2491 contempta
1439 2444 1599 2478 invicem.

1277 2510 1289 2530 ῐ
1303 2511 1334 2531 ῐ.
1360 2498 1425 2531 Nos
1440 2500 1567 2542 jurarit,
1594 2506 1656 2531 etc.
1681 2497 1811 2531 Habuit
1833 2510 1898 2529 nos

1219 2552 1251 2584 in
1281 2551 1417 2591 officio,
1443 2550 1476 2584 id
1506 2560 1572 2591 cst,
1605 2551 1722 2584 officio
1752 2550 1896 2584 meritus

1219 2605 1349 2637 fueram
1384 2605 1572 2650 sportulam
1608 2614 1758 2638 lenm-m.
1798 2603 1887 2636 Han(

1217 2658 1419 2702 concupivit
1443 2667 1472 2691 ot
1497 2659 1629 2703 pvtivit.
