1978 3305
453 213 512 265 84

827 210 888 251 Μ.
914 209 1051 250 VAL.
1092 208 1473 251 MARTIALIS

519 299 612 341 Jam
643 296 781 339 vicina
806 295 961 354 jubent
990 310 1068 337 nos
1098 295 1243 337 vivere
1268 293 1514 348 Mausolea3

589 367 735 422 Quum
760 364 966 414 doceant,
994 365 1106 424 ipsos
1133 379 1258 423 posse
1284 364 1425 423 perire
1450 365 1579 407 Deos.

450 496 493 530 de
520 504 553 529 et
580 495 702 535 dictae,
727 502 766 526 ut
794 502 876 526 serta
899 506 917 526 a
945 491 1115 533 serend0;

450 550 555 581 ,melles
573 560 674 592 ergo,
697 558 772 591 quae
788 559 806 578 e
829 545 991 587 floribus,
1018 557 1115 578 mero

452 601 608 646 inprimis
625 610 781 632 rosarum
800 597 883 631 folio
902 598 1116 631 consueban-

451 662 516 686 tur.
541 653 686 685 Florum
707 651 822 696 itaque
838 650 1007 684 fasciculis
1022 663 1119 683 coro-

449 705 572 750 nisque
602 703 712 749 capita
742 703 906 744 revincti,
926 703 962 736 in
996 703 1117 737 convi-

450 757 513 790 viis
544 765 665 802 potare
692 756 786 789 soliti
815 763 913 789 erant
933 756 1117 801 :primum

449 808 589 855 quidem
606 807 804 842 hederaceis
818 817 851 842 et
868 821 908 842 ex
925 808 1117 854 apio3mox

447 862 592 908 myrteis
607 887 616 902 ,
637 861 769 907 quippe
789 873 866 906 quae
884 860 1116 906 adstringunt,

447 923 480 948 et
517 914 588 947 vini
616 914 850 947 exhalationes
876 922 1017 955 arcent;
1042 921 1116 946 tum

447 979 466 999 e
487 967 594 1008 rosis,
619 978 698 1012 quae
717 975 751 1000 et
772 966 973 1011 gravitatem
995 965 1116 1011 capitis

446 1019 565 1053 sedant
579 1046 586 1059 ‚
611 1028 644 1052 et
659 1019 803 1064 potione
820 1026 1001 1052 aestuantes
1016 1018 1114 1052 refri-

444 1080 576 1117 gerant.
601 1071 743 1105 Corona
773 1071 934 1116 insuper,
964 1071 1114 1116 plenitu-

445 1125 536 1157 dinis
556 1133 589 1157 et
607 1123 773 1157 libertatis
791 1124 1006 1168 symbolum,
1023 1123 1116 1157 festis

444 1177 680 1222 conviviisque
699 1176 882 1220 competit,
902 1185 941 1209 ut
962 1184 996 1209 et
1011 1176 1115 1221 capiti

443 1228 540 1275 quod
560 1229 737 1262 rationalis
753 1229 875 1261 animae
890 1227 996 1262 sedes.
1014 1229 1114 1263 Far-n.

497 1283 529 1315 5.
549 1282 622 1313 ,Ιαηι
639 1284 755 1314 vicina.
773 1281 945 1314 Gruterus
960 1281 1114 1321 mavult,

443 1346 461 1366 e
487 1334 587 1367 MSS.
616 1335 695 1366 Tam
716 1335 842 1373 vicina,
862 1342 926 1367 etc.
946 1334 992 1366 Et
1010 1342 1112 1368 recte.

441 1387 509 1419 Pro
528 1399 568 1419 eo
589 1385 685 1432 quod
704 1387 858 1419 solebant
874 1386 1043 1420 conviviis
1059 1387 1113 1419 in-

440 1439 530 1471 ferre
553 1439 702 1472 sceleton
728 1439 782 1472 vel
811 1439 989 1479 oscillum,
1016 1447 1113 1473 uteo

1176 499 1364 538 conspectu
1388 492 1616 526 admonerent
1636 502 1818 538 praesentes
1832 517 1843 532 ,

1176 553 1338 590 caperent
1355 545 1548 590 voluptates
1562 571 1571 587 ‚
1589 553 1771 591 antequam
1790 546 1845 579 isti

1175 597 1303 631 similes
1333 597 1479 638 fierent,
1501 596 1595 642 quod
1620 598 1716 632 brevi
1751 599 1845 632 futu-

1174 663 1251 683 rum
1270 658 1353 683 erat.
1376 650 1543 683 Martialis
1563 651 1774 684 mentionem
1795 651 1844 684 fa-

1175 703 1223 736 cit
1239 703 1389 749 sepulcri
1409 702 1571 744 Caesarei,
1585 702 1681 748 quod
1699 703 1845 749 propin-

1174 767 1286 801 quum
1307 764 1379 789 erat
1407 764 1442 788 et
1469 755 1665 800 proximum
1693 756 1725 788 ei
1745 755 1845 797 loco,

1174 808 1210 840 in
1232 820 1302 853 quo
1320 809 1472 853 potabat.
1499 807 1639 841 Gronov.
1656 829 1707 834 —-
1730 808 1845 841 Vicina

1167 860 1281 905 jubent
1301 873 1366 893 nos.
1386 862 1425 893 In
1448 861 1536 893 valle
1554 860 1685 894 Murtia
1702 868 1775 893 erat
1794 873 1846 894 se-

1174 913 1333 958 pulcrum
1358 913 1504 958 Augusti
1530 925 1538 945 :
1563 913 1636 954 vel,
1662 914 1846 958 propiora,

1174 977 1279 1011 quam
1300 964 1388 998 illud
1411 966 1520 1000 Cariae
1545 966 1772 999 Mausoleum.
1795 986 1845 993 —

1176 1018 1297 1051 Vivere.
1320 1018 1402 1050 Vita
1421 1018 1491 1058 uti,
1509 1018 1688 1063 genialiter
1706 1018 1844 1060 vive1·e;

1173 1070 1232 1103 lib.
1253 1071 1269 1102 I
1284 1096 1292 1111 ‚
1314 1071 1422 1115 epigr.
1446 1083 1525 1107 ΧΠ,
1544 1083 1596 1104 vs.
1623 1075 1655 1111 4.
1673 1091 1724 1097 —-
1749 1070 1845 1104 Mau-

1172 1123 1269 1156 solea.
1289 1122 1452 1168 Sepulcra
1470 1123 1637 1168 Augusti,
1658 1124 1846 1168 Imperato-

1173 1188 1250 1208 rum
1266 1183 1367 1220 atque
1380 1184 1606 1221 cognatorum
1615 1201 1623 1217 ‚
1635 1176 1676 1209 ab
1690 1177 1844 1220 Augusto

1172 1236 1344 1261 exstructa
1360 1227 1404 1261 ad
1424 1227 1688 1261 similitudinem
1706 1228 1846 1262 Mauso·

1172 1281 1216 1314 lei
1231 1281 1436 1315 Artemisiae.
1456 1281 1534 1314 Lib.
1553 1281 1668 1326 Spect.
1687 1281 1795 1326 epigr.
1814 1293 1846 1321 1,

1171 1346 1220 1367 vs.
1235 1335 1267 1367 5.
1285 1333 1378 1366 Vide
1391 1334 1450 1367 lib.
1468 1334 1526 1374 ΙΙ,
1540 1334 1648 1379 epigr.
1664 1346 1722 1367 ux
1735 1359 1743 1374 ‚
1759 1346 1790 1366 v.
1811 1346 1842 1367 2.

1226 1389 1257 1418 (ἱ.
1279 1387 1367 1431 Ipsos
1382 1387 1479 1420 Deos.
1497 1387 1648 1420 Caesares
1669 1386 1821 1431 intellige
1835 1412 1844 1425 ‚

1171 1451 1256 1484 quos
1272 1446 1432 1484 tanquam
1444 1438 1527 1472 deos
1537 1439 1671 1473 colebat
1680 1439 1842 1485 populus.

1043 1571 1229 1628 LXV.

935 1728 1001 1755 AD
1040 1707 1344 1756 cAEsAREM.*

509 1859 659 1898 As'rnA
676 1888 686 1907 ‚
718 1851 951 1913 polumque
977 1850 1118 1900 dedit,
1145 1853 1342 1911 ‹ptanivis
1370 1852 1570 1896 obstante
1599 1869 1805 1906 noverca,

578 1923 758 1974 Alcidae,
784 1922 956 1965 Ncmcae
989 1930 1152 1975 terror,
1182 1931 1224 1964 et
1252 1923 1383 1965 Arcas
1410 1937 1535 1982 apem

509 2043 682 2109 Ᾱλκείδῃ
699 2083 710 2102 ‚
734 2047 866 2090 καίτοι
890 2055 961 2097 τῆς
991 2055 1182 2107 μητρυιῆς
1212 2049 1374 2103 ἀέκητι,

575 2121 661 2179 Θὴρ
688 2119 867 2177 Νεμέης,
895 2118 1050 2176 χλοῦνίς
1078 2119 1116 2160 τ’
1144 2111 1277 2178 Ᾱρκὰς
1308 2114 1432 2161 ἔδωκε
1459 2120 1604 2172 πόλον,

490 2254 502 2267 ”
530 2258 691 2291 Refertur
723 2258 789 2290 hoc
820 2257 1030 2302 epigramma
1063 2256 1107 2289 ad

437 2311 703 2356 Carpophorum
714 2309 913 2343 bestiarium
923 2335 932 2351 ‚
945 2309 1039 2354 quod
1053 2308 1109 2342 ad-

437 2363 578 2396 modum
597 2363 700 2396 afline
715 2363 777 2396 lib.
789 2363 907 2408 Spect.
924 2374 979 2407 ep.
995 2374 1106 2395 xxvn.

437 2415 503 2449 Sed
538 2415 675 2448 laudem
702 2424 808 2449 totam
836 2414 958 2448 tribuit
984 2415 1108 2448 Domi-

438 2469 542 2501 tiano.
571 2469 612 2501 Et
636 2476 748 2501 tamen
777 2481 847 2500 non
873 2468 1010 2514 abipso
1037 2469 1107 2501 Do-

437 2521 582 2553 mitiano
602 2521 774 2553 confectas
797 2521 856 2553 lms
875 2521 961 2553 seras
977 2532 1020 2553 ex
1040 2520 1106 2554 hoc

436 2586 534 2606 versu
556 2581 665 2619 potest
685 2573 821 2617 colligi:
846 2591 857 2601 n
880 2572 1057 2606 Reddatur
1079 2573 1104 2605 si

1048 2626 1103 2659 Est

435 2638 547 2670 pugna
574 2625 697 2670 triplex
726 2625 870 2669 pastoris
901 2626 987 2658 llwri
1006 2652 1014 2663 .

1168 2258 1230 2290 tibi
1248 2258 1307 2303 qui
1324 2258 1430 2302 possit
1447 2257 1586 2291 vincere
1597 2259 1811 2304 Geryonem.
1823 2277 1836 2289 ι·

1226 2322 1254 2343 1.
1272 2310 1425 2343 Obstante
1440 2323 1581 2345 noverca.
1595 2312 1615 2345 J
1619 2325 1754 2355 unone,
1765 2325 1842 2359 qum

1170 2361 1290 2396 oderat
1335 2363 1536 2396 Alcmenam
1576 2365 1841 2410 Amphitryonis

1168 2427 1310 2449 uxorem
1325 2441 1335 2457 ,
1362 2415 1459 2448 Jovis
1486 2417 1669 2461 pellicem,
1697 2426 1730 2450 et
1754 2417 1839 2451 Her-

1167 2467 1253 2501 culis
1276 2477 1431 2501 matrem.
1453 2468 1543 2503 Huic.
1563 2479 1676 2504 tamen
1696 2470 1750 2502 leo
1772 2470 1839 2502 Ne-

1168 2533 1308 2554 meaeus.
1330 2530 1395 2555 ete.
1412 2522 1533 2555 caelum
1552 2521 1741 2557 dederunt.

1223 2588 1255 2606 a.
1298 2575 1421 2607 Nemea·
1455 2583 1562 2608 terror.
1603 2576 1641 2608 Ῑιι
1681 2575 1837 2608 Nemean

1167 2628 1261 2670 sylva
1279 2626 1452 2671 Argolidis
1469 2627 1542 2667 leo,
1563 2628 1596 2662 in
1615 2627 1758 2662 Arcadia
1781 2640 1836 2660 ve-
