1978 3305
386 208 976 274 EPIGRAMMATUM
1013 229 1140 273 LIB.
1177 229 1328 272 vm.

1460 227 1552 289 3&

287 318 393 362 Non
411 318 503 378 jam
525 318 643 378 quod
666 318 772 362 orbe
794 327 947 364 cantor
966 327 1010 361 et
1032 316 1154 378 legor
1178 326 1298 372 toto;

278 387 382 432 ‘Nec
407 387 622 433 umbilicis
648 389 766 450 quod
790 388 976 433 decorus
998 397 1041 431 et
1064 387 1194 432 cedro

287 459 479 519 Spargor
506 475 585 520 per
615 476 790 515 omnes,
819 461 962 503 Roma
989 474 1096 518 quas
1125 467 1265 514 tenet,
1290 466 1464 519 gentes;

286 528 370 572 Sed
393 528 511 589 quod
533 529 614 573 sub
635 530 759 574 Urbe
778 546 852 573 rus
875 528 1087 573 habemus
1111 529 1330 582 aestivum,

286 598 588 659 Vehimurque
616 598 744 643 mulis
769 615 880 654 non,
906 608 956 641 ut
983 607 1107 653 ante,
1133 598 1372 643 conductis.

289 668 409 726 Quid
431 669 727 730 imprecabor,
747 685 773 713 o
799 670 980 725 Severe,
1005 666 1182 711 liventi?

287 741 385 783 Hoc
410 749 516 800 opto
541 755 549 782 :
572 737 713 784 mulas
733 738 923 795 habeat,
939 747 982 782 et
1006 737 1320 782 suburbanum.

147 859 256 905 epigr.
267 870 390 892 mvn
400 885 408 898 ‚
427 868 460 894 et
473 860 593 894 lib.VI
603 886 613 902 ‚
624 860 734 906 epigr.
745 872 821 894 LXI.

201 916 234 952 4.
259 912 422 945 Umbt'licis
439 912 677 947 decorus.Vid.
697 912 741 946 ad
759 913 819 946 lib.

145 965 162 997 Ι
174 989 185 1006 ,
199 965 307 1010 epigr.
326 977 445 1007 van,
456 979 505 1000 vs.
526 979 540 1000 1
554 978 586 1008 13
604 974 639 1000 et
655 965 700 1000 de
717 966 823 1007 cedro,

148 1017 210 1051 lib.
235 1018 310 1058 III,
339 1017 448 1063 epigr.
471 1031 524 1059 11,
552 1031 603 1054 vs.
631 1032 664 1065 7.
688 1019 826 1061 Quibus

148 1070 185 1102 in
211 1070 297 1104 locis
317 1070 392 1104 fuse
415 1071 496 1105 satis
523 1071 697 1106 librorum
722 1085 826 1106 orna-

150 1132 268 1157 menta
288 1123 529 1169 explicuimus.

210 1177 243 1209 5.
265 1177 331 1209 Per
349 1189 472 1218 omnes,
496 1178 596 1210 Roma
618 1191 695 1224 quas
718 1185 800 1210 tenet
813 1204 823 1218 ‚

144 1237 265 1273 gentes.
284 1229 329 1262 Et
349 1229 425 1270 hic,
443 1238 483 1263 ut
498 1231 570 1276 jam
585 1242 676 1276 saepe
689 1230 825 1263 notavi-

146 1294 240 1323 mus,
254 1281 361 1315 Ovid.
377 1283 520 1316 Metam.
538 1285 623 1328 877,
637 1283 825 1316 clausulam

148 1335 331 1368 imitatus:
358 1352 372 1364 ‹-
389 1335 538 1382 Quaque
561 1344 657 1381 patet
684 1335 827 1369 domitis

146 1388 301 1421 Romana
321 1389 479 1433 potentia
501 1389 624 1431 terris,
641 1389 713 1422 Ore
733 1389 826 1434 legar

148 1440 271 1486 populi
284 1457 297 1470 υ
307 1467 314 1473 .
325 1441 391 1474 En.

201 1496 234 1526 6.
257 1493 322 1526 Rus
344 1495 494 1527 aestivum.
513 1493 591 1527 Hoc
612 1502 683 1535 est,
701 1506 761 1527 rus
782 1492 826 1527 ad

147 1545 390 1580 aestivandum.

200 1601 233 1633 8.
253 1599 344 1644 Quid
354 1602 567 1645 imprecemur,
583 1613 601 1632 o
617 1599 739 1640 Severe,
760 1599 826 1633 Ca-

883 862 954 893 rino
968 859 1102 905 legitur
1119 858 1221 893 codd.
1231 859 1347 893 Vatic.
1359 867 1394 892 et
1404 859 1561 892 Florent.

938 926 972 957 9.
993 913 1066 945 Hoc
1081 920 1166 957 opto,
1185 913 1299 945 multas
1316 920 1350 945 ut
1363 911 1472 946 codex
1487 912 1565 945 Flo-

883 965 1052 999 rentiuus.
1079 965 1247 1000 Carinum
1270 973 1437 1011 tanquam
1460 965 1564 998 mise-

884 1031 964 1051 rum
977 1018 1159 1052 hominem
1170 1017 1310 1058 irridet,
1326 1026 1491 1064 tanquam
1501 1017 1564 1063 qui

884 1084 957 1104 non
979 1070 1171 1104 invidenda
1192 1070 1358 1104 invideat.
1380 1092 1432 1097 ——
1456 1071 1565 1104 Blulas

885 1124 1010 1158 habeat.
1028 1124 1202 1158 Domitius
1221 1124 1270 1158 sic
1288 1123 1472 1169 intelligit:
1490 1123 1561 1156 Ha-

882 1177 964 1210 beat
985 1177 1096 1211 mulas
1118 1177 1204 1211 meis
1225 1177 1353 1211 similes
1364 1202 1374 1219 ,
1388 1185 1421 1210 et
1434 1177 1562 1210 subur-

884 1230 1016 1263 banum
1042 1242 1121 1263 meo
1141 1230 1255 1264 simile
1276 1242 1284 1263 z
1306 1231 1375 1264 hoc
1394 1238 1465 1270 est,
1485 1241 1562 1262 suas

885 1283 1016 1328 amplas
1041 1282 1180 1317 divitias
1208 1283 1362 1324 amittat,
1390 1291 1492 1328 atque
1520 1281 1565 1315 ad

885 1347 998 1368 meam
1027 1335 1270 1369 conditionem
1289 1335 1486 1380 redigatur,
1506 1347 1566 1368 seu

884 1400 1020 1434 pauper
1037 1389 1109 1422 fiat.
1133 1389 1205 1422 Alii
1217 1390 1266 1423 sic
1284 1401 1292 1422 z
1309 1389 1423 1422 Mulas
1439 1389 1565 1422 habeat

885 1453 972 1487 quas
994 1441 1148 1475 oleribus
1169 1454 1210 1475 ex
1232 1442 1338 1475 horto
1361 1443 1563 1475 suburbano

885 1493 1060 1540 decerptis
1083 1503 1225 1529 onustas
1247 1503 1324 1541 agat
1339 1507 1403 1541 per
1418 1495 1543 1528 urbem
1554 1519 1564 1535 ,

884 1555 919 1581 et
939 1546 1071 1581 vendat
1091 1547 1151 1581 illa
1177 1548 1291 1590 olera,
1312 1547 1408 1582 unde
1433 1547 1564 1582 victum

885 1600 950 1634 sibi
965 1601 1138 1647 quaeritet.

756 1723 953 1786 LXJL

654 1861 723 1887 DE
762 1840 1050 1888 PICENTEf

213 1965 399 2009 Scmm‘r
419 1965 464 2007 in
486 1980 640 2009 aversa
659 1965 814 2009 Picens
834 1964 1163 2026 Epigrammata
1184 1966 1361 2020 charta3

283 2036 342 2079 Et
365 2033 506 2092 dolet,
531 2051 685 2080 averso
706 2034 824 2096 quod
845 2034 949 2079 facit
969 2035 1040 2080 illa
1061 2037 1171 2081 Deo.

198 2147 211 2161 ‘
223 2151 378 2197 Corripit
386 2151 572 2198 quemdam
583 2159 617 2186 et
628 2152 775 2198 exagitat
784 2151 821 2185 in

143 2203 334 2238 scribendis
346 2205 652 2251 epigrammatibus
663 2205 820 2251 longius·

143 2257 276 2298 culum3
289 2266 323 2290 et
332 2270 373 2291 ex
381 2270 421 2291 eo
432 2258 628 2292 scommatis
641 2271 758 2293 ansam
768 2270 820 2292 ca-

145 2309 196 2355 pit
206 2308 306 2356 quod
319 2310 424 2344 istum
437 2311 560 2357 aliquis
571 2310 699 2345 dixerit
712 2325 820 2344 aversa

143 2363 263 2396 charta
281 2363 549 2408 scriptitare.—-
560 2366 695 2397 «Immo
705 2389 714 2405 ‚
735 2365 818 2398 sub-

141 2416 256 2461 jungit
274 2416 420 2457 Noster,
442 2425 476 2450 et
500 2419 615 2449 aversis
633 2416 706 2450 deis
722 2434 736 2447 n
745 2442 754 2458 ,
769 2419 820 2462 jo-

142 2477 240 2502 catus
253 2494 262 2509 ,
280 2477 320 2502 ut
340 2477 435 2514 patet
447 2495 455 2510 ,
477 2469 514 2502 in
533 2470 646 2503 subita
666 2477 700 2503 et
720 2470 818 2503 inex-

143 2530 294 2567 spectata
304 2534 422 2556 sensus
429 2522 630 2555 variatione.
642 2523 817 2556 Caeterum

142 2574 215 2608 vid.
230 2583 304 2608 not.
323 2574 367 2608 ad
379 2588 487 2607 aversa
498 2576 547 2609 cll.
558 2584 591 2608 et
602 2589 709 2608 averso
724 2575 796 2608 deo.

201 2639 214 2660 1
222 2654 230 2661 .
241 2627 359 2661 Scribit
366 2630 398 2660 in
408 2629 537 2661 adversa
547 2629 646 2662 Junt.
658 2641 712 2662 an.
721 2641 734 2662 1
741 2629 776 2662 51
783 2642 800 2662 9.
809 2657 816 2662 .

143 2702 194 2706 —
213 2680 330 2714 Scribit
347 2683 378 2713 ιίι
397 2695 514 2715 aversa.
531 2682 574 2714 In
594 2693 662 2715 una
681 2690 816 2716 tantum

880 2161 980 2197 parte
997 2153 1128 2187 chartae
1144 2153 1301 2187 solebant
1313 2152 1466 2186 scribere
1488 2152 1559 2185 Ve-

880 2212 988 2248 teres;
1007 2207 1068 2252 qui
1083 2219 1168 2239 vero
1185 2205 1229 2239 ad
1245 2217 1411 2239 nauseam
1428 2216 1538 2251 usque
1549 2227 1559 2244 ‚

879 2258 916 2291 in
935 2267 1034 2305 tergo
1054 2259 1158 2292 etiam
1176 2259 1387 2292 scribebant.
1408 2258 1429 2290 J
1432 2270 1562 2291 uvena-

879 2311 920 2345 lis
944 2320 1008 2345 sat.
1033 2324 1070 2354 1,
1101 2312 1119 2346 5
1141 2324 1149 2345 :
1176 2329 1189 2341 ιι
1208 2312 1279 2345 Aut
1302 2311 1427 2344 summi
1453 2311 1558 2357 plena

875 2365 948 2410 jam
973 2365 1130 2410 margine
1155 2364 1240 2398 libri
1267 2363 1442 2410 Scriptus,
1463 2373 1497 2398 et
1518 2364 1556 2397 in

877 2426 976 2462 tergo
989 2443 997 2459 ,
1016 2416 1170 2450 necdum
1198 2416 1343 2458 finitus,
1367 2417 1519 2451 Orestes.
1539 2434 1552 2446 u

933 2483 965 2503 2.
983 2471 1033 2502 Et
1045 2470 1132 2503 dolet
1145 2483 1263 2502 averso.
1279 2470 1356 2503 Lib.
1373 2471 1425 2510 H,
1446 2470 1557 2516 epigr.

877 2535 1005 2556 Lxxnx
1034 2534 1042 2555 :
1078 2540 1092 2553 ι
1115 2523 1277 2557 Carmina
1308 2522 1405 2569 quod
1437 2523 1559 2556 scribis

877 2575 986 2609 Musis
1001 2601 1010 2616 ‚
1042 2584 1076 2609 et
1106 2577 1272 2622 Apolline
1303 2576 1405 2609 nullo
1423 2594 1436 2605 »
1454 2602 1464 2617 ,
1493 2585 1558 2609 etc.

876 2628 1042 2663 Horatius
1056 2630 1130 2662 Art.
1144 2638 1242 2675 poet.
1260 2629 1333 2664 385
1352 2643 1358 2661 :
1374 2629 1451 2662 «Tu
1467 2628 1556 2662 nihil

877 2681 985 2715 invita
1008 2682 1112 2716 facies
1134 2682 1272 2716 dicesve
1294 2682 1466 2715 Minerva.
1484 2701 1495 2711 υ
