1978 3305
361 197 941 242 EPIGRAMMATUM
979 197 1102 239 LIB.
1140 197 1225 239 XI.

1393 195 1492 256 659

235 286 317 329 Cui
349 301 465 329 serra
495 283 678 336 lumbis,
707 285 849 344 cuspis
875 284 1034 327 eminet
1063 281 1174 327 culo.

237 354 323 398 Sed
353 355 464 398 idem
496 356 676 399 amicam
709 353 810 398 nolo
836 353 951 397 mille
977 353 1206 407 librarum3
1483 372 1497 395 s

235 426 471 469 Carnarius
498 441 617 480 sum,
642 425 908 485 pinguiarius
938 440 1026 467 non
1057 439 1164 467 suin.

150 548 183 585 4.
216 543 278 577 Cui
298 557 384 577 serra
399 544 520 577 lumbis.
544 544 650 589 Cujus
670 541 765 576 dorsi

94 597 194 642 spina
221 609 349 630 serram
373 609 444 642 prae
463 609 498 629 se
521 596 625 637 ferat,
644 594 765 629 itidem

95 648 233 682 dentata
246 671 296 676 —
312 648 424 693 Cuspis
445 651 556 681 eminet
576 649 656 681 culo.
676 648 767 681 Uro-

95 703 249 747 pygium.
264 700 347 734 Vid.
368 701 428 734 lib.
451 701 526 741 ΙΙΙ,
547 701 655 745 epigr.
672 712 764 739 xcu,

95 766 144 787 vs.
161 766 218 787 12.
237 775 287 780 -—
301 754 395 794 Quas
413 753 545 798 puellas
564 753 765 798 Aristopha-

94 818 156 840 nes
170 807 362 844 ἐπολίσπους
378 813 411 838 et
425 806 641 850 λισποπυγούς
655 813 767 838 vocat.

95 858 195 892 Notae
209 867 328 892 contra
341 857 418 891 duae
429 858 579 903 virgines
593 858 660 891 illae
674 870 749 903 quae
758 882 768 899 ‚

94 923 202 956 quum
220 923 390 958 pauperes
406 920 440 945 et
467 910 632 944 indotatae
644 936 653 952 ,
680 923 769 956 prae-

825 543 916 576 clare
932 551 1045 576 tamen
1065 542 1339 588 nupsere‚quod
1357 542 1496 577 duobus

825 596 990 628 fratribus
1014 597 1200 641 καλλίπυγοι
1222 604 1369 640 repertae
1397 605 1496 638 sunt;

825 649 925 692 cujus
954 646 995 680 ad
1026 648 1077 680 rei
1097 648 1302 681 memoriam
1327 649 1496 694 templum

826 700 958 734 Veneri
970 701 1156 745 καλλιπύγῳ
1175 700 1241 734 illae
1258 713 1417 745 posuere.

880 747 913 785 6.
931 752 1103 785 Carnarius
1124 765 1209 792 sum,
1217 754 1417 797 pinguiarius
1437 767 1498 786 non

825 817 902 838 sum.
920 805 1072 838 Puellam
1085 805 1165 837 volo
1181 805 1338 850 corporis
1355 805 1497 850 quidem

827 856 930 890 solidi
943 865 977 890 et
989 869 1169 891 carnosam
1178 882 1187 897 ‚
1206 870 1278 890 non
1291 865 1404 891 tamen
1419 858 1498 904 pin-

828 909 978 955 guedine
988 909 1096 943 nimia
1105 909 1271 943 tumidam
1279 922 1498 956 gravemque.

746 1045 847 1102 CI.

585 1202 656 1230 An
695 1200 968 1230 FLAccuM.
992 1179 1009 1196 ⁸

164 1332 354 1374 ΤΗΑῙΒΑ
384 1338 474 1373 tam
504 1338 679 1372 tenuem
705 1329 910 1389 potuisti,
941 1327 1116 1381 Flacce,
1147 1329 1327 1374 videre?

232 1401 298 1443 Tu
329 1409 462 1460 puto,
488 1398 607 1459 quod
630 1414 720 1442 non
745 1408 836 1454 est,
861 1397 1042 1454 Flacce‚
1069 1398 1216 1443 videre
1247 1410 1383 1461 potes.

149 1535 228 1570 *Ad
242 1535 378 1569 eumdem
394 1535 534 1568 exhibet
553 1532 608 1567 ed.
622 1534 764 1567 Bar-hou.

96 1589 198 1623 Nulla
217 1597 378 1622 caeterum
402 1588 546 1620 varietas
572 1585 766 1630 deprehen-

95 1642 192 1676 ditur
221 1641 258 1674 in
287 1641 460 1686 scriptura
487 1638 593 1673 codd.
626 1647 660 1672 et
680 1639 767 1672 libb.

95 1695 202 1742 praelo
218 1705 437 1727 excusorum.

153 1761 184 1781 1.
213 1748 356 1780 Tenuem.
379 1744 476 1778 Idem
495 1743 591 1790 quod
609 1743 768 1790 proximo

97 1807 235 1834 enarrat
257 1799 522 1844 epigrammate,
539 1810 590 1831 vs.
614 1810 644 1835 1,
665 1797 770 1830 subti-

97 1853 165 1887 lem
176 1878 184 1891 ,
205 1852 331 1886 exilem
344 1876 353 1890 ‚
370 1849 554 1897 depygem.

153 1918 186 1939 2.
219 1905 269 1938 Tu
292 1911 390 1949 puto,
420 1911 484 1937 etc.
516 1903 656 1936 Summa
689 1914 769 1936 sane

824 1546 859 1568 es
883 1535 1063 1567 oculorum
1087 1535 1316 1580 perspicacia,
1340 1537 1398 1581 qui
1431 1544 1498 1570 tam

825 1587 949 1621 exilem
965 1586 1182 1632 deprendere
1197 1588 1306 1632 possis
1319 1600 1326 1621 ε
1339 1588 1411 1621 vid.
1427 1590 1502 1634 epi-

827 1652 979 1684 gramma
993 1641 1164 1685 superius.
1177 1640 1297 1673 Simile
1313 1640 1502 1686 quoddam,

827 1704 1036 1738 quamquam
1063 1691 1107 1726 de
1139 1705 1177 1725 re
1204 1693 1269 1726 alia
1304 1701 1444 1738 agatur,
1466 1695 1501 1727 in

828 1744 962 1778 Gallico
981 1745 1228 1791 epigrammate
1253 1744 1297 1778 de
1322 1746 1500 1790 cujusdam

827 1797 954 1831 literati
976 1797 1116 1844 ingenio
1134 1809 1141 1830 :

865 1861 903 1884 Au
914 1860 1071 1894 microscope
1091 1869 1125 1884 un
1145 1860 1242 1884 chacun
1262 1859 1285 1883 le
1304 1867 1365 1893 peut
1379 1861 1446 1884 voir.

1038 1907 1165 1937 Lunum,
1181 1905 1225 1930 liv.
1242 1906 1268 1930 11
1281 1926 1287 1935 ,
1303 1907 1383 1940 ορίςτ,
1403 1915 1501 1930 xxviii.

737 2040 870 2098 CII.

616 2194 671 2222 m
711 2193 937 2222 LYDIAM.
961 2172 977 2188 ⁴¹

171 2315 274 2359 Non
300 2322 364 2357 est
388 2312 619 2366 mentitus,
648 2310 721 2371 qui
751 2319 793 2353 te
823 2309 927 2352 mihi
954 2309 1060 2352 dixit
1089 2309 1249 2353 habere

154 2446 168 2460 ⁴
187 2448 336 2497 Lydiam
352 2447 471 2481 formae
484 2445 626 2491 quidem
637 2443 770 2484 laudat,

103 2503 258 2538 stultitiae
273 2513 355 2534 vero
373 2499 505 2545 arguit,
525 2507 627 2544 atque
645 2506 684 2531 ut
696 2510 774 2543 per-

102 2566 209 2602 petuo
235 2554 465 2593 conticescat,
482 2559 613 2585 monet.
633 2551 687 2585 Cf.
711 2550 772 2583 lib.

105 2611 155 2642 IX
171 2635 179 2650 ‚
201 2607 306 2654 epigr.
333 2620 371 2647 v,
397 2617 484 2651 quo,
506 2612 688 2650 postquam
717 2615 775 2636 au-

830 2443 943 2477 reolos
964 2442 1052 2476 duos
1080 2442 1121 2476 ad
1144 2443 1291 2477 Galliam
1320 2443 1498 2478 emendam

832 2496 911 2530 satis
939 2508 1010 2529 esse
1035 2507 1135 2541 posse
1165 2495 1278 2536 dixit,
1309 2496 1500 2531 sciscitatur

832 2562 935 2595 quam
944 2549 989 2581 ob
1001 2560 1154 2582 caussam
1167 2548 1215 2580 illi
1227 2547 1335 2582 denos
1344 2549 1478 2583 dederit
1490 2576 1498 2591 ‚

834 2610 868 2635 et
899 2600 1117 2646 respondet:
1148 2601 1197 2634 Ut
1223 2609 1341 2635 taceat.
1369 2604 1497 2635 Verum

1208 2672 1292 2726 42²
