1978 3305
366 221 948 265 EPIGRAMMATUM
987 222 1111 265 LIB.
1147 223 1230 265 VI.

1411 224 1492 267 181

661 367 930 425 LXXX.

299 506 367 533 AD
404 504 658 535 CAESAREM
696 505 762 533 DE
802 505 953 534 ROSIS
991 487 1301 536 minimus*

166 619 237 661 UT
260 633 374 660 nova
398 616 514 660 dona
543 617 645 670 tibi,
669 618 838 671 Caesar,
860 615 1050 661 Nilotica
1078 616 1204 662 tellus

233 688 413 731 Miserat
443 687 646 730 hibernas
672 686 901 730 ambitiosa
928 702 1072 742 rosas;

163 758 319 801 Navita
344 757 492 801 derisit
516 756 696 800 Pharios
721 757 1034 817 Memphiticus
1061 756 1235 811 hortos,

232 827 365 871 Urbis
396 837 445 870 ut
468 827 647 870 intravit
673 826 819 870 limina
850 828 989 887 prima
1019 837 1117 871 tuae.

162 900 328 941 Tantus
354 898 466 941 veris
491 897 654 952 honos,
675 906 719 940 et
744 896 890 941 odorae
917 899 1054 958 gratia
1082 897 1241 954 Florae,

230 970 455 1028 Tantaque
480 968 663 1011 Paestani
688 966 825 1028 gloria
850 968 962 1012 ruris
988 965 1107 1012 erat!

164 1073 369 1134 Αἴγυπτος
396 1072 606 1132 φιλότιμος
635 1070 840 1115 ἀπέστειλ’
867 1075 918 1122 ὡς
948 1073 1037 1127 νέα,
1065 1074 1243 1132 Καῖσαρ,

234 1146 350 1203 Δῶρα
380 1137 641 1202 χαριζομένη,
672 1141 734 1185 σοὶ
766 1136 867 1201 ῥόδα
897 1143 1114 1202 χειμερινά.

163 1213 379 1273 Μεμφίτης
403 1211 574 1273 Φαρίους
601 1213 750 1263 ναύτης
779 1214 968 1272 ἐχλεύασε
993 1215 1168 1265 κήπους,

235 1277 371 1327 Οὐδὸν
395 1279 643 1343 ἐπεμὲαίνων
669 1285 863 1343 ὑμετέρης
888 1283 1043 1334 πόλιος.

161 1354 314 1397 Τόσσον
341 1353 402 1414 ἄρ’
431 1351 523 1414 ἦρος
549 1351 736 1414 ἄγαλμα,
762 1355 861 1400 τόση
889 1353 1002 1413 χάρις
1027 1355 1131 1397 ἔπνε’
1153 1349 1325 1406 ὀδωδῆς·

229 1425 384 1467 Τόσσον
409 1426 649 1468 Παιστανῶν
676 1423 722 1471 ἦν
749 1423 955 1485 ἀγλάϊσμα
979 1419 1129 1468 πέδων.

144 1537 158 1552 ’
172 1543 221 1575 De
235 1544 313 1575 rosis
329 1542 373 1575 ad
387 1541 453 1575 Cae.
470 1543 569 1575 missis
582 1541 765 1587 inscriptio

92 1604 142 1629 est
158 1595 194 1628 iu
209 1594 292 1628 edd.
310 1603 395 1629 vett.

144 1649 338 1693 —ExAEgy
343 1657 403 1694 pto
414 1660 500 1681 rosae
506 1647 662 1681 hibernae
672 1647 765 1681 mitti

93 1702 238 1734 Romam
248 1701 418 1735 solebant.
428 1703 516 1734 AEvo
527 1702 716 1735 Domitiani
728 1701 762 1733 in

91 1755 177 1787 urbe
196 1754 298 1787 etiam
318 1753 577 1794 educabantur,
597 1767 691 1788 novo
710 1755 764 1787 in-

92 1815 211 1841 vento.
232 1807 323 1840 Plin.
344 1807 406 1840 lib.
426 1808 531 1840 XXII
545 1832 554 1848 ,
571 1819 647 1852 cap.
671 1812 704 1848 4.
721 1808 767 1840 Et

92 1860 196 1893 Poeta
208 1860 305 1905 quasi
317 1860 486 1894 insultans
495 1860 668 1906 AEgyptiis
678 1873 766 1893 mer-

90 1913 288 1954 catoribus,
310 1926 382 1946 sese
401 1914 447 1946 ob
468 1926 626 1946 rosarum
646 1913 765 1946 hiber·

92 1978 217 1999 narum
252 1965 494 2000 advectionem
529 1966 739 2010 jactantibus
756 1993 766 2008 ‚

92 2027 234 2059 monet,
250 2027 291 2052 ut
310 2020 376 2064 ipsi
390 2031 488 2052 nuuc
503 2031 544 2052 ex
557 2019 656 2052 Italia
671 2032 766 2053 rosas

92 2080 231 2118 petant,
254 2072 350 2105 Italis
375 2081 493 2106 autem
523 2072 664 2106 mittant
689 2073 766 2106 fru-

93 2133 267 2159 mentum.
289 2126 372 2159 Rad.

148 2189 177 2211 1.
201 2178 314 2212 «Male
334 2178 491 2224 primum
511 2177 689 2212 distichon
712 2176 766 2211 di-

93 2230 308 2276 stinguitur,
334 2240 368 2265 et
389 2231 601 2276 explicatur3
626 2243 706 2264 nam
728 2231 765 2263 in

93 2283 163 2316 fine
180 2284 255 2328 ejus
273 2286 380 2318 τελεία
395 2285 582 2330 ὑποστιγμῆ
599 2282 768 2329 ponenda

94 2344 144 2369 est
157 2363 166 2379 ‚
186 2345 226 2370 ut
244 2349 345 2370 sensu
363 2337 519 2382 perfecto
543 2350 551 2369 :
572 2348 688 2382 neque
709 2348 767 2370 ex·

93 2388 297 2434 ponendum
315 2389 408 2422 :Ubi
424 2389 486 2422 tibi
503 2390 613 2423 allatae
628 2398 710 2422 sunt
724 2402 766 2422 ex

94 2444 248 2487 AEgypto
269 2455 356 2475 rosae
370 2442 544 2482 hibernae3
559 2442 635 2480 sed,
648 2442 768 2475 Tellus

93 2495 243 2529 Nilotica
255 2495 394 2529 miserat
405 2495 468 2528 tibi
479 2507 572 2528 rosas
581 2494 745 2528 hibernas
756 2521 765 2537 ‚

94 2556 150 2589 ut,
173 2547 210 2581 id
231 2557 302 2591 est,
320 2556 486 2594 tanquam
505 2546 598 2581 dona
621 2560 710 2580 nova
731 2556 766 2580 et

94 2601 242 2635 insolita.
276 2601 333 2635 Sic
362 2601 439 2634 finit
474 2601 547 2634 haec
580 2601 764 2634 sententia.

95 2654 262 2700 Sequitur
282 2668 289 2687 z
307 2657 353 2688 At
366 2655 480 2689 navita
497 2654 746 2699 Memphiticus
758 2679 767 2695 ,

824 1550 863 1576 ut
873 1541 1016 1575 intravit
1026 1542 1188 1582 Romam,
1198 1542 1272 1575 risit
1283 1543 1403 1576 hortos
1414 1543 1503 1577 Pha-

824 1595 906 1628 rios.
917 1612 930 1623 n
946 1594 1241 1629 Gronovius.-Ut
1249 1609 1329 1628 nova
1339 1596 1422 1629 domi
1435 1598 1503 1631 tibi.

825 1647 898 1680 Ubi
909 1647 974 1681 tihi
985 1648 1094 1681 allatae
1105 1656 1190 1681 suut
1201 1660 1240 1681 ex
1252 1651 1406 1694 AEgypto
1417 1662 1503 1684 rosae

825 1701 995 1734 hibernae.

883 1767 914 1786 2.
928 1754 1118 1787 Ambitiosa.
1133 1754 1282 1800 Propter
1296 1754 1398 1788 flores
1414 1768 1504 1800 quos

824 1806 942 1840 hieme
972 1807 1067 1841 nasci
1095 1807 1178 1840 alibi
1211 1819 1285 1841 non
1313 1807 1504 1842 credebant

825 1860 997 1906 AEgyptii.

881 1913 914 1946 3.
939 1913 1058 1947 Νανὶῐα
1080 1913 1310 1958 Memphiticus.
1336 1914 1412 1947 Hoc
1434 1923 1500 1955 est,

826 1978 868 1999 ex
882 1966 969 2000 urbe
983 1966 1160 2012 Memphi,
1175 1965 1219 1999 de
1232 1979 1298 2012 qua
1312 1967 1372 1999 lib.
1385 1966 1499 2012 Spect.

825 2019 933 2065 epigr.
952 2031 978 2052 1.
997 2020 1060 2052 Iile
1074 2019 1208 2052 scilicet
1224 2021 1406 2065 AEgyptius
1422 2020 1502 2052 hor-

825 2081 878 2105 tos
902 2072 1024 2117 patriae
1046 2085 1114 2106 suae
1135 2073 1364 2118 contempsit,
1386 2073 1498 2106 statim

827 2134 929 2170 atque
947 2124 1036 2158 vidit
1064 2133 1177 2159 roseta
1203 2125 1349 2158 hiberna
1373 2126 1498 2157 Rorna-

826 2191 964 2211 norum.
987 2178 1065 2211 Lib.
1086 2179 1191 2218 XIII,
1213 2178 1321 2222 epigr.
1341 2190 1473 2211 cxxvn.

881 2234 914 2265 5.
938 2232 969 2263 T
967 2239 1060 2263 antus
1078 2233 1167 2263 venit
1184 2231 1279 2263 honos
1297 2230 1500 2264 Beverlandi

827 2283 902 2316 MS.
916 2306 970 2310 --
986 2285 1107 2316 Tantus
1125 2286 1222 2322 vet-is,
1239 2291 1303 2317 etc.
1322 2284 1409 2316 Tam
1424 2284 1500 2317 laeta

827 2349 890 2381 per
901 2337 1035 2369 Urbem
1050 2336 1179 2369 rosaria
1194 2336 1377 2377 florebant,
1389 2344 1428 2369 ut
1441 2349 1501 2369 ver

826 2389 942 2434 ipsum
966 2398 1000 2423 et
1021 2390 1132 2423 Florae
1151 2402 1295 2434 regnum
1308 2414 1317 2430 ‚
1338 2390 1500 2423 Paestani·

827 2455 896 2488 que
922 2442 993 2487 agri
1019 2442 1144 2475 rosetis
1171 2442 1287 2487 pleni,
1311 2442 1345 2475 in
1377 2443 1502 2475 urbem

826 2495 990 2539 migrasse
1001 2493 1216 2528 viderentur.
1229 2511 1281 2517 —
1293 2496 1324 2528 F
1324 2496 1412 2535 lot-(e,
1424 2496 1502 2529 Dea:

828 2547 953 2580 ssorum
966 2573 976 2588 ,
989 2548 1213 2593 metonymia.

881 2603 914 2633 6.
943 2601 1106 2645 Tantaque
1125 2602 1278 2634 Poeslani.
1299 2602 1410 2634 Tama
1431 2609 1502 2633 crat

828 2666 982 2688 rosarum
1005 2654 1123 2700 copia,
1139 2667 1287 2700 quarum
1310 2654 1402 2687 ferax
1424 2666 1501 2698 agor

1178 2717 1260 2771 123
