1978 3305
528 229 624 290 [198
913 229 972 271 Μ.
999 229 1138 271 VAL.
1179 229 1566 273 MARTIAL'IS

1115 376 1371 432 XXVL

977 534 1039 562 DF.
1078 533 1270 562 MORTE
1309 513 1484 561 VARL*

602 646 754 697 Vinus,
780 642 1039 685 Paraetonias
1066 642 1187 685 Latia
1215 641 1346 685 modo
1371 642 1458 684 vite
1489 658 1564 701 per
1590 642 1719 686 urbes

669 711 835 756 Nobilis
849 748 859 767 ‚
881 722 923 755 et
944 722 1117 756 centum
1140 712 1227 755 dux
1249 712 1527 755 memorande
1549 713 1672 766 viris5

598 788 647 828 At
675 800 790 827 nunc
820 784 1012 826 Ausonio
1035 782 1194 825 frustra
1219 783 1428 843 promisse
1451 783 1637 840 Quirino
1654 819 1665 833 ,

668 855 849 914 Hospita
874 854 1015 914 Lagaei
1039 851 1173 896 litoris
1195 853 1348 896 umbra
1371 853 1499 912 jaces.

593 927 805 986 Spargere
829 941 917 967 non
939 923 1057 967 licuit
1086 923 1286 983 frigentia
1311 923 1481 966 fletibus
1504 940 1578 967 ora
1596 959 1605 975 ,

666 996 846 1055 Pinguia
872 1010 951 1037 nec
977 994 1136 1037 maestis
1161 993 1321 1037 addere
1346 993 1472 1037 thura
1500 995 1627 1054 rogis.

592 1066 675 1109 Sed
707 1065 835 1109 datur
858 1074 1019 1108 aeterno
1046 1065 1261 1107 victurum
1287 1064 1478 1107 carmine
1503 1080 1672 1108 nomen.

662 1134 888 1194 Numquid
918 1144 961 1177 et
990 1134 1100 1191 hoc,
1134 1133 1260 1177 fallax
1295 1133 1416 1190 Nile,
1449 1149 1607 1194 negare
1638 1134 1790 1194 potes?

577 1273 591 1285 *
608 1276 655 1307 De
680 1274 768 1306 Varo
785 1272 864 1306 edd.
883 1280 965 1306 vett.
989 1281 1022 1305 et
1042 1273 1167 1318 Dclph.

575 1348 625 1353 —
651 1326 763 1359 Deflet
789 1335 936 1359 mortem
967 1326 1051 1358 Vari
1074 1334 1194 1359 eentu-

522 1380 630 1413 rionis
649 1380 685 1412 in
703 1381 854 1425 AEgypto
877 1377 1045 1411 defuncti.

580 1445 610 1466 1.
644 1431 713 1465 Alii
735 1432 906 1465 Paretlzon.
941 1440 975 1464 et
1008 1431 1193 1465 Paraelhon.

523 1488 633 1527 Ante,
654 1486 757 1530 vulgo
777 1485 954 1530 legebatur
976 1485 1086 1516 Latias
1105 1485 1196 1517 modo

523 1547 580 1570 mle
594 1566 601 1577 ‚
617 1539 748 1583 inepte.
764 1538 918 1571 Sela-wel.
939 1536 1007 1569 Sed
1026 1538 1135 1569 Latius
1154 1551 1194 1570 m.

529 1594 588 1623 cite
609 1591 663 1624 ed.
685 1591 792 1624 Paris.
813 1593 923 1634 16173
940 1591 1035 1622 Latio
1051 1603 1090 1623 m.
1107 1598 1196 1622 ‘vecte

521 1643 598 1677 eod.
616 1644 747 1677 Beverl.
762 1644 887 1677 Nostra
902 1644 983 1676 lect.
1001 1651 1051 1676 est
1066 1643 1102 1675 in
1116 1642 1192 1676 cod.

523 1696 718 1730 Pulmauni.
741 1719 792 1723 —
812 1697 1023 1729 Parwtonias.
1044 1696 1195 1729 Paraeto·

525 1750 621 1782 nium
667 1759 699 1783 et
735 1748 910 1782 Pelusium
948 1747 1019 1781 ‹luo
1064 1761 1195 1782 cornua

527 1802 663 1847 AEgypti
703 1810 803 1835 vocat
835 1802 959 1834 Florus
972 1828 982 1844 ⁷
1017 1810 1056 1834 ut
1089 1801 1195 1836 refert

523 1855 687 1888 Ortelius.
712 1855 944 1888 Paraetonium
974 1853 1104 1887 dicitur
1130 1855 1194 1887 ho-

521 1908 578 1941 ‹lie
593 1907 784 1941 secundum
803 1907 936 1952 aliquos
957 1908 1169 1940 Poma—Bassa
1183 1935 1191 1948 ‚

519 1960 712 1994 seeundum
733 1960 818 1994 alios
839 1961 968 1993 Bel-ton.
990 1959 1094 1993 Ovid.
1109 1961 1192 1994 Met.

523 2014 580 2047 lib.
602 2014 669 2054 lx,
697 2025 782 2058 771.
811 2030 824 2042 ·‹
846 2013 912 2050 Isi,
938 2013 1192 2053 Paraetonium,

523 2066 780 2111 Mareoticaque
807 2077 908 2106 arva,
935 2065 1156 2110 Pharonque.
1175 2084 1187 2094 ι»

522 2141 570 2145 —
581 2120 673 2152 Latia
695 2119 862 2160 1=ite.Quae
873 2127 943 2151 crat
958 2118 1091 2164 insigne
1103 2118 1193 2151 Cen-

520 2173 699 2205 turionum
714 2197 723 2213 ,
742 2184 808 2217 qua
837 2183 962 2216 nempe
985 2171 1193 2216 castigaban-

520 2235 576 2257 tur
600 2225 738 2257 milites.
761 2225 902 2257 Tacitus
923 2224 1048 2257 Aunal.
1072 2225 1130 2256 lib.
1155 2225 1191 2265 Ῐ,

520 2289 610 2311 xxln
624 2303 632 2318 ‚
653 2286 684 2310 et
704 2278 867 2310 Lucanus
884 2277 942 2309 lib.
956 2277 1020 2309 Vl.

566 2345 597 2364 z.
613 2331 658 2363 Et
669 2341 799 2363 rentum.
816 2330 865 2363 Ex
880 2328 981 2362 Livio
995 2339 1027 2363 et
1044 2329 1190 2375 Polybio

517 2392 647 2416 constat
671 2383 842 2427 sexaginta
866 2391 999 2415 tantum
1024 2383 1190 2416 militibus

519 2437 696 2481 praefuisse
732 2436 1001 2475 contin-ioniam
1023 2435 1081 2468 sed
1110 2448 1190 2468 sane

517 2490 618 2522 Poeta
653 2489 820 2521 rationem
862 2488 963 2520 habet
1000 2488 1142 2532 legionis
1171 2501 1187 2520 a

517 2541 665 2574 Romulo
689 2541 875 2579 institutae,
895 2554 971 2586 quae
995 2541 1104 2573 trihus
1124 2540 1187 2573 ho-

514 2595 646 2627 minnm
669 2594 822 2626 millibus
844 2594 1019 2627 constabat
1035 2618 1043 2630 ,
1065 2603 1095 2626 et
1118 2593 1187 2626 dis-

509 2647 637 2680 tributa
662 2655 730 2679 crat
757 2646 790 2679 in
812 2646 951 2691 triginta
975 2647 1186 2691 manipulos,

1255 1272 1450 1318 quibusque
1486 1279 1655 1316 praeerant
1687 1271 1824 1317 triginta
1849 1285 1926 1306 cen-

1256 1326 1420 1358 luriones.

1310 1380 1341 1412 3.
1362 1378 1430 1410 Alii
1446 1378 1564 1422 legunt
1576 1379 1750 1422 promissa,
1768 1386 1800 1410 at
1815 1379 1928 1412 minus

1255 1431 1354 1464 bene.
1367 1431 1520 1464 Sclzrevel.
1533 1428 1574 1463 Id
1581 1428 1838 1464 dantedd.veu.
1848 1444 1926 1465 cum

1255 1484 1583 1529 Delph.-—A11som'o
1599 1483 1744 1526 Quirino,
1758 1484 1928 1517 Romulus

1254 1535 1367 1570 dictus
1392 1544 1442 1570 est
1463 1536 1633 1578 Quirinus
1655 1533 1762 1575 (vide
1787 1537 1925 1571 Livium

1255 1589 1316 1622 lib.
1334 1590 1368 1629 Ι,
1384 1587 1460 1629 13),
1482 1598 1515 1623 et
1538 1589 1687 1621 sumitur
1702 1587 1759 1622 hic
1780 1602 1844 1634 pro
1864 1603 1926 1636 po-

1254 1642 1338 1687 pulo
1354 1643 1512 1676 Romano
1525 1669 1533 1683 ‚
1554 1640 1595 1675 ad
1610 1653 1713 1687 quem
1730 1641 1925 1676 rediturum

1255 1706 1290 1727 se
1309 1695 1515 1740 promiserat
1535 1696 1662 1728 Varus.

1309 1753 1342 1788 4.
1362 1749 1483 1792 Lagoei.
1514 1748 1589 1781 Hoc
1615 1756 1684 1787 est,
1707 1748 1861 1794 AEgyptii
1876 1775 1884 1789 ‚
1909 1762 1925 1781 a

1254 1801 1347 1846 Lago
1375 1810 1472 1846 patre
1499 1801 1676 1834 Ptolemaei
1705 1802 1761 1834 cui
1796 1813 1924 1835 nomen

1253 1852 1411 1887 additum
1440 1853 1570 1887 Soteris
1599 1853 1670 1886 sive
1696 1853 1826 1899 Magni.
1854 1854 1925 1888 Cu·

1250 1908 1307 1950 jus
1335 1907 1464 1952 posteri
1490 1907 1554 1940 hac
1586 1906 1620 1938 in
1645 1906 1789 1952 regione
1817 1919 1926 1939 annos

1257 1961 1326 1993 255
1352 1959 1438 1995 (scil.
1457 1960 1500 1993 ab
1521 1972 1601 1992 ann.
1623 1961 1694 1999 284
1717 1958 1758 1992 ad
1782 1972 1826 2004 29
1846 1969 1925 1993 ante

1253 2012 1338 2046 Chr.
1355 2011 1495 2052 natum)
1512 2013 1784 2058 imperaverunt.
1805 2013 1870 2046 En.

1308 2066 1340 2098 5.
1364 2065 1534 2109 Fulgentin
1553 2063 1631 2098 coil.
1647 2065 1780 2098 Beverl.

1307 2130 1338 2161 7.
1354 2118 1469 2150 Munus
1490 2117 1566 2151 cod.
1590 2117 1789 2151 Pulmanni.
1815 2135 1828 2147 «
1845 2117 1923 2151 Non

1252 2170 1339 2203 male
1363 2170 1492 2204 Britan.
1516 2169 1625 2203 codex
1647 2183 1766 2204 munus.
1782 2189 1795 2199 ›-
1810 2170 1923 2203 Schre-

1253 2224 1306 2256 vel.
1334 2240 1346 2251 κ
1364 2222 1481 2256 Codex
1513 2223 1609 2256 Juuii
1639 2223 1759 2256 habuit
1789 2236 1897 2256 mmms
1914 2238 1922 2256 .-

1250 2284 1355 2308 recto.
1367 2294 1378 2304 u
1400 2276 1535 2308 Ilerald.
1550 2298 1601 2302 —
1612 2275 1678 2308 Sed
1687 2276 1784 2309 datar
1795 2285 1920 2309 ‹vn-mm.

1251 2327 1342 2361 Vide
1370 2329 1429 2362 lib.
1446 2330 1494 2361 Vl
1515 2355 1523 2369 ‚
1546 2329 1654 2374 epigr.
1689 2342 1812 2362 Lxxxv.
1848 2329 1921 2363 Hoc

1249 2390 1324 2414 est:
1345 2382 1472 2414 Saltem
1506 2382 1622 2415 licebit
1663 2382 1820 2415 versibus
1849 2395 1919 2415 nou

1250 2434 1412 2478 perituris
1442 2435 1523 2467 Vari
1561 2447 1686 2467 nomen
1721 2435 1920 2475 celebrare,

1249 2499 1311 2520 nec
1341 2489 1508 2533 [Eg-vlnus
1539 2500 1614 2533 quae
1644 2488 1738 2521 Varo
1769 2487 1920 2521 reditum

1249 2540 1406 2585 negavit,
1428 2541 1556 2585 poterit
1576 2541 1642 2573 hoc
1665 2540 1749 2573 mihi
1772 2552 1895 2585 negare
1913 2554 1917 2572 ;

1254 2593 1402 2638 ngpffi
1424 2605 1505 2626 vero
1534 2593 1667 2627 fallaces
1688 2592 1796 2626 habiti
1818 2602 1894 2625 sum
1911 2619 1919 2627 ,

1249 2659 1312 2690 pro
1327 2646 1454 2691 quibus
1475 2646 1624 2679 sumitur
1646 2645 1751 2679 Nilus.
