1978 3305
884 224 944 266 Μ.
969 222 1108 266 VAL.
1147 223 1536 267 MARTIALIS

721 308 839 366 Quid
866 308 1029 352 factum
1056 316 1143 364 est,
1167 325 1297 369 rogo,
1319 308 1421 369 quid
1449 320 1628 370 repente
1655 310 1841 366 factum,

721 381 823 423 Post
847 387 912 422 tot
933 379 1115 438 pignora
1140 387 1308 434 nostra,
1331 388 1431 439 post
1453 388 1520 423 tot
1546 396 1704 434 annos⁷

721 447 853 506 Quod
878 465 974 492 sum
1001 448 1243 508 praeteritus
1266 457 1390 492 vetus
1419 447 1603 493 sodalis?

725 518 808 563 Sed
838 533 1011 562 causam
1037 518 1125 562 scio
1148 534 1156 561 :
1181 517 1299 561 nulla
1326 519 1446 562 venit
1470 534 1494 562 a
1525 535 1593 563 me

720 589 901 650 Hispani
932 588 1009 632 tibi
1038 586 1146 631 libra
1177 587 1408 648 pustulati,

721 660 815 703 Nec
844 658 950 702 levis
978 667 1103 718 toga,
1133 674 1214 701 nec
1240 658 1368 702 rudes
1396 657 1600 713 lacernae3

722 730 823 773 Non
849 737 914 773 est
939 727 1157 789 sportula,
1182 744 1277 789 quae
1303 730 1564 789 negotiatur.

723 799 868 844 Poscis
890 814 1094 854 munera,
1119 799 1270 854 Sexte,
1295 815 1383 843 non
1410 800 1584 843 amicos.

722 872 815 913 Jam
839 868 955 913 dices
978 869 1108 924 mihi,
1129 867 1320 930 Vapulet
1348 879 1539 914 vocator.

569 1014 600 1049 4.
622 1009 766 1053 Pignora
787 1015 906 1048 nostra,
932 1014 997 1039 etc.
1016 1006 1186 1040 Amicitiae

513 1072 633 1096 mutua
651 1061 808 1107 pignora.

563 1115 581 1149 5
589 1142 596 1148 .
605 1115 790 1147 Proeteritus
796 1120 886 1144 vetus
892 1111 1020 1145 sodalis.
1029 1111 1173 1157 Metaph
1180 1136 1187 1143 .

514 1169 557 1202 ab
573 1168 612 1201 iis
629 1167 689 1212 qui
705 1179 722 1198 a
739 1164 952 1199 Censoribus
966 1171 1086 1197 senatu
1101 1164 1189 1197 moti

514 1221 549 1254 in
560 1219 764 1253 recitatione
777 1217 982 1251 Senatorum
992 1228 1063 1249 non
1077 1216 1190 1248 nomi-

514 1274 705 1312 nabantur,
733 1277 769 1303 ct
794 1269 1001 1303 dicebantur
1021 1270 1187 1313 praeteriti.

514 1323 686 1358 Hei-aldus
711 1321 796 1356 dicit
822 1334 894 1356 esse
917 1321 1064 1355 verbum
1083 1320 1191 1365 juris,

513 1378 574 1411 ubi
592 1378 619 1411 is
629 1403 638 1416 ,
653 1377 754 1421 cujus
767 1383 911 1409 testator
924 1386 997 1408 non
1012 1373 1190 1414 meminit,

514 1430 644 1464 dicitur
662 1431 851 1474 praa-teritus.
881 1427 980 1461 Nihil
1010 1426 1166 1460 crebrius
1180 1438 1188 1459 :

513 1483 550 1517 id
582 1484 746 1527 παρελθεῖν
778 1489 814 1515 et
843 1481 1053 1526 παραλείπειν
1074 1479 1190 1513 Graeci

513 1535 690 1570 dixerunt.

571 1602 605 1634 7.
626 1589 767 1632 Argenti
789 1586 845 1619 tibi
866 1586 946 1619 libra
960 1585 1115 1630 postulati
1134 1584 1190 1618 ed.

516 1642 625 1688 antiq.
659 1641 794 1674 Ferrar.
828 1637 908 1672 Ald.
938 1639 1041 1672 Junt.
1073 1637 1190 1672 Colin.

515 1695 653 1742 Gryph.
668 1702 735 1727 etc.
753 1692 925 1727 Gruterus
935 1692 1074 1737 Hispani
1087 1690 1145 1723 tibi
1156 1690 1193 1723 li-

516 1748 573 1781 bra
590 1747 733 1792 pusulati
747 1745 906 1791 reposuit
923 1757 964 1778 ex
981 1743 1101 1778 codice
1115 1755 1190 1777 suo.

516 1821 567 1827 --
579 1801 718 1845 Hispani
732 1799 790 1832 tibi
802 1798 883 1831 libra
891 1797 1047 1843 pustulati
1062 1794 1192 1841 (postu-

516 1847 601 1896 lati).
633 1852 855 1885 Pustulatum
869 1873 879 1888 ‚
910 1851 965 1883 vel
992 1850 1192 1895 pusulatum

517 1907 766 1951 interpretatur
780 1904 966 1937 Turnebus
983 1903 1044 1936 lib.
1058 1902 1193 1943 XXIV,

518 1971 594 2004 cap.
613 1971 648 1998 2,
665 1965 845 2003 argentum
860 1969 990 2002 purum
1001 1981 1008 1995 ‚
1025 1954 1193 2000 quodque

517 2011 673 2058 pustulas
692 2019 726 2044 et
743 2019 896 2044 tumores
913 2009 1030 2042 habet.
1049 2008 1193 2053 Argenti

518 2064 686 2110 pustulati
713 2062 928 2096 mentionem
957 2061 1038 2094 facit
1067 2059 1192 2094 Sueto-

518 2119 596 2152 nius
611 2118 646 2150 in
658 2117 797 2150 Nerone
808 2141 818 2156 ‚
828 2128 860 2149 c.
875 2119 933 2155 44.
951 2115 1091 2159 Argenti
1097 2127 1193 2159 pusu-

521 2171 598 2211 lati,
622 2169 718 2216 quod
740 2168 864 2202 melius
888 2167 1061 2213 plerisque
1080 2166 1192 2200 visum

519 2232 554 2257 et
573 2222 777 2268 adoptatum
792 2229 859 2262 est,
870 2220 909 2254 fit
922 2220 1053 2254 mentio
1072 2220 1108 2253 in
1120 2220 1194 2265 lege

524 2275 542 2308 3
553 2288 584 2318 1,
606 2276 644 2310 ff.
660 2275 781 2309 Locati
796 2287 804 2308 :
821 2273 864 2308 ad
880 2285 984 2320 quam
999 2272 1080 2307 vide
1095 2281 1195 2307 notas

1246 1006 1457 1041 Gothofredi
1472 1007 1508 1040 in
1523 1007 1630 1040 verbo
1647 1006 1838 1050 pusulatum.
1853 1005 1921 1040 Cu-

1243 1059 1353 1105 jacius
1382 1059 1529 1093 Observ.
1555 1059 1720 1099 lih.VII,
1748 1068 1827 1103 cap.
1851 1057 1917 1103 39.

1247 1112 1419 1146 existimat
1430 1138 1439 1153 ‚
1446 1111 1638 1157 postulatum
1648 1111 1702 1144 vel
1711 1111 1917 1155 μιισηιίαίαηι,

1247 1163 1341 1197 idem
1365 1165 1479 1198 valere
1503 1163 1600 1210 quod
1622 1164 1828 1209 pusularum;
1849 1164 1921 1209 gal-

1245 1217 1312 1250 lice
1324 1242 1334 1258 ,
1352 1225 1466 1261 argent
1484 1217 1523 1249 de
1540 1217 1686 1262 coupelle.

1302 1272 1335 1304 8.
1357 1270 1425 1303 Nec
1443 1271 1542 1302 tenuis
1561 1277 1635 1314 toga
1652 1267 1762 1302 codex
1778 1268 1805 1301 F
1806 1268 1921 1302 loren-

1248 1322 1360 1364 tinus3
1375 1330 1409 1355 et
1420 1322 1469 1356 sic
1481 1321 1654 1356 Gruterus
1667 1334 1708 1355 ex
1721 1319 1825 1355 codd.
1838 1321 1920 1354 suis.

1247 1397 1300 1401 —
1332 1375 1437 1408 Rudes
1465 1375 1610 1408 lacrrnae.
1642 1375 1750 1407 Novae
1762 1398 1772 1414 ‚
1803 1373 1922 1419 inquit

1247 1426 1425 1470 Raderus,
1447 1440 1524 1474 quae
1545 1428 1633 1473 togis
1655 1427 1921 1473 injiciebantur,

1248 1489 1289 1515 ut
1305 1479 1412 1514 hodie
1430 1480 1547 1526 pallia.

1302 1546 1336 1577 9.
1366 1534 1443 1566 Non
1467 1541 1513 1566 est
1536 1533 1688 1578 sportula.
1716 1531 1785 1566 Sed
1808 1532 1925 1578 potius

1248 1594 1463 1628 mercatura,
1482 1598 1592 1632 quum
1611 1586 1801 1632 sportulam
1820 1584 1926 1630 gratis

1249 1651 1322 1672 non
1339 1638 1398 1673 des
1409 1665 1418 1681 ‚
1439 1639 1501 1673 sed
1517 1651 1559 1672 ex
1579 1651 1618 1672 ea
1637 1639 1768 1683 majora
1782 1646 1817 1672 te
1833 1649 1925 1671 acce-

1248 1700 1395 1738 pturum
1409 1704 1552 1726 munera
1566 1703 1694 1736 speres.
1707 1689 1924 1724 Nundinatio

1250 1745 1408 1791 quaedam
1421 1771 1430 1786 ,
1446 1745 1637 1790 negotiatio
1649 1770 1658 1786 ‚
1674 1744 1789 1777 auctio
1807 1743 1924 1778 dicen-

1250 1797 1294 1831 da
1313 1799 1430 1843 potius
1448 1807 1498 1832 est
1510 1824 1519 1841 ‚
1540 1809 1644 1843 quam
1663 1809 1790 1830 munus
1808 1805 1842 1830 et
1862 1797 1924 1830 be-

1249 1851 1426 1885 neficium.
1449 1850 1515 1884 En.

1309 1916 1363 1938 10.
1382 1904 1494 1936 Pascis
1510 1904 1547 1937 in
1566 1901 1785 1949 quibusdam.

1310 1969 1323 1990 1
1337 1969 1350 1989 1
1360 1984 1367 1990 .
1385 1957 1459 1988 Vale
1471 1957 1571 2001 pudet
1584 1964 1710 1989 vocetur
1721 1953 1829 1989 codex
1842 1953 1924 1987 Pul-

1252 2010 1446 2043 manui.-—-
1457 2010 1594 2054 Vapulet
1606 2016 1750 2041 ⁷vocator.
1765 2008 1841 2040 Hoc
1853 2015 1921 2041 est:

1251 2063 1327 2096 Jam
1349 2071 1382 2096 te
1401 2062 1487 2095 mihi
1504 2061 1700 2102 excusabis,
1714 2061 1854 2105 culpam
1870 2071 1924 2092 re-

1250 2115 1370 2160 jiciens
1390 2115 1424 2147 in
1446 2127 1525 2147 eum
1545 2127 1682 2148 servum
1695 2139 1704 2153 ‚
1725 2114 1787 2159 qui
1806 2124 1925 2146 curam

1252 2168 1356 2202 habet
1375 2166 1546 2201 invitandi
1563 2176 1643 2200 tuos
1659 2166 1787 2200 amicos
1799 2191 1808 2209 ‚
1826 2164 1925 2211 quasi

1253 2233 1308 2254 me
1341 2220 1519 2254 oblivione
1552 2219 1760 2266 praeterierit
1790 2231 1798 2252 :
1829 2217 1926 2251 dabit

1254 2286 1370 2320 poenas
1383 2300 1391 2316 ,
1414 2272 1510 2319 quod
1532 2282 1565 2308 te
1583 2273 1785 2318 neglexerit.
1806 2271 1873 2305 En.
