1978 3305
455 230 551 288 540

826 235 887 277 Μ.
914 235 1052 277 VAL.
1093 234 1478 277 MARTIALIS

519 321 621 366 Non
649 330 794 364 tamen
824 320 996 364 erubuit
1026 319 1186 365 lascivo
1214 320 1355 365 dicere
1385 337 1532 376 versu,

593 391 637 435 Si
668 407 748 434 nec
779 390 990 451 paedicor,
1023 392 1172 443 Cotta,
1204 391 1307 450 quid
1338 391 1409 435 hic
1437 390 1574 436 facio?

506 524 538 556 5.
552 523 626 556 Non
637 531 737 555 tamen
750 548 758 563 ‚
775 531 840 556 etc.
856 522 1003 568 Scripsit
1019 523 1120 556 etiam

450 576 574 609 lasciva
584 575 736 608 earmina
752 583 786 608 et
798 575 1056 621 epigrammata.

1237 525 1271 556 6.
1294 522 1330 555 Si
1355 535 1409 555 nec
1438 522 1591 567 pcedicor.
1613 523 1742 556 Versus
1770 523 1832 556 iste
1848 550 1856 561 ,

1183 584 1221 607 ut
1239 573 1397 608 divinare
1419 583 1488 614 est,
1512 574 1731 609 Lucanianus
1754 575 1831 609 suit.

1062 710 1248 766 LXV.

874 867 929 896 IN
961 849 1439 897 οΑῐιΜΕΝΙΟΝΕΜ.’ι

629 979 776 1035 Quum
807 988 848 1023 te
877 979 1139 1040 municipem
1171 979 1500 1024 Corinthiorum

629 1051 792 1102 Jactes‚
823 1050 1111 1104 Carmeni0n‚
1140 1059 1325 1110 negante
1356 1048 1496 1099 nullo.

631 1120 723 1163 Cur
753 1119 886 1163 frater
916 1119 991 1163 tibi
1019 1119 1166 1172 (licor,
1198 1136 1250 1163 ex
1278 1119 1439 1170 Iberis,

634 1191 687 1232 Et
717 1188 852 1234 Celtis
884 1191 1081 1251 genitus,
1110 1191 1304 1252 Tagique
1335 1190 1471 1234 civis?

632 1261 696 1303 An
726 1259 848 1304 vultu
880 1260 1036 1305 similes
1065 1261 1262 1305 videmur
1291 1260 1417 1305 esse?

630 1331 697 1373 Tu
727 1331 838 1375 flexa
866 1331 1025 1376 nitidus
1056 1348 1181 1376 coma
1209 1333 1401 1393 vagari53

634 1401 835 1462 Hispanis
867 1419 948 1463 ego
979 1412 1215 1447 contumax
1242 1401 1418 1462 capillis.

630 1472 758 1516 Levis
783 1472 972 1533 dropace
998 1483 1045 1516 tu
1071 1473 1323 1533 quotidiano
1347 1490 1354 1515 2

510 1595 523 1606 ⁸
542 1599 583 1631 In
600 1600 870 1633 Carmenionem
893 1601 1132 1633 effeminatum

457 1651 595 1693 scribit,
615 1664 718 1697 quem
731 1679 740 1694 ,
759 1665 872 1698 quum
892 1653 950 1686 ille
968 1665 1004 1686 se
1023 1658 1133 1699 poetae

458 1705 601 1737 fratrem
634 1704 767 1739 diceret
783 1732 792 1748 ,
822 1706 907 1740 salse
939 1715 1040 1752 vocnt
1076 1707 1134 1740 ille

459 1769 556 1790 suam
570 1771 737 1793 sororem.
752 1759 806 1793 Cf.
822 1772 918 1806 supr.
932 1759 1040 1805 epigr.
1060 1771 1111 1792 Lu
1125 1786 1133 1801 ‚

459 1823 529 1855 quo
542 1810 700 1845 eamdem
713 1813 758 1845 ob
775 1812 955 1846 mollitiem
966 1837 974 1847 ,
992 1812 1053 1847 sed
1069 1813 1134 1846 alio

461 1863 584 1905 modo,
603 1864 730 1897 Thelin
751 1864 990 1910 reprehendit.

521 1929 533 1950 ι
547 1942 554 1949 .
573 1916 775 1961 :nauh-rpem.
797 1918 932 1951 Gellius
951 1919 1010 1951 lib.
1035 1919 1134 1958 XVI,

460 1982 535 2015 cap.
559 1970 618 2010 13,
635 1970 709 2004 fuse
727 1971 877 2016 explicat
897 1970 984 2016 quid
999 1971 1043 2004 sit
1064 1984 1136 2005 niu-

461 2023 650 2068 nicipium,
681 2032 716 2057 et
744 2023 923 2069 quomodo
954 2023 1093 2057 differat
1118 2037 1135 2057 a

461 2077 808 2110 coloniazCorinthii
826 2089 908 2110 vero
924 2077 1062 2117 molles,
1080 2090 1138 2110 vo·

462 2129 726 2175 luptatibusque
748 2129 859 2164 dediti
882 2139 917 2164 et
941 2138 1135 2163 scortorum

462 2195 605 2216 suorum
617 2182 880 2228 pulchritudine
895 2191 930 2216 et
946 2183 1138 2228 frequentia

467 2236 555 2269 inter
574 2235 714 2270 Graecos
731 2235 963 2270 celeberrimi.

521 2302 555 2322 2.
586 2289 733 2334 Negante
753 2290 851 2322 nullo.
867 2289 989 2331 Quum
1010 2288 1138 2334 perditi

466 2342 515 2375 tui
534 2354 649 2375 mores
667 2350 701 2375 te
719 2341 943 2376 Corinthium
961 2343 1123 2388 probent.

520 2398 554 2435 ιί.
584 2395 640 2428 Es
666 2395 784 2435 Iberis,
805 2396 851 2428 Et
881 2396 978 2429 Celtis
1002 2398 1139 2440 genitus.

466 2447 604 2482 Scilicet
617 2461 656 2481 ex
666 2448 862 2482 Celtiberis.
871 2449 1037 2483 Celtiberi
1047 2449 1139 2483 enim

468 2513 551 2545 gens
566 2513 634 2534 una
654 2514 695 2535 ex
715 2501 912 2535 fortissimis
930 2510 964 2535 et
983 2502 1136 2536 celeber-

467 2553 567 2586 rimis
583 2554 756 2600 Hispaniae
774 2555 1064 2596 Tarraconensis;
1081 2568 1138 2589 cu-

469 2619 522 2650 Jus
539 2606 713 2652 oppidum
727 2608 860 2641 Bilbilis
875 2609 951 2641 fuit.
969 2607 1058 2641 Vide
1079 2609 1137 2642 lib.

468 2661 500 2697 Ι,
518 2660 624 2704 epigr.
646 2673 729 2693 mii.
754 2679 765 2689 ι-
778 2661 848 2695 Nee
862 2674 915 2695 me
930 2662 1055 2695 mee-bit
1070 2662 1138 2695 Bil-

1192 1600 1283 1634 bilis.
1299 1618 1311 1629 »ι
1325 1621 1375 1626 --
1390 1600 1534 1645 Tagique
1549 1601 1633 1632 civis.
1647 1598 1730 1632 Vid.
1750 1598 1809 1632 lib.
1831 1600 1867 1638 I,

1194 1654 1304 1698 epigr.
1325 1666 1345 1686 L
1357 1679 1365 1693 ,
1382 1661 1415 1685 et
1437 1652 1576 1698 passini.

1248 1709 1282 1740 (5.
1301 1707 1448 1751 Tuflera
1459 1733 1466 1744 ‚
1487 1714 1552 1740 etc.
1568 1706 1623 1738 Tu
1641 1713 1713 1739 arte
1731 1704 1869 1738 calami·

1195 1767 1318 1794 stratos
1333 1759 1439 1792 habes
1454 1759 1598 1804 capillos
1612 1770 1619 1791 2
1635 1771 1698 1803 ego
1715 1758 1869 1803 neglecta

1195 1824 1293 1846 coma
1319 1820 1353 1845 et
1387 1812 1517 1846 inculta
1543 1810 1716 1844 horridus.
1741 1811 1870 1844 Juven.

1195 1874 1256 1899 sat.
1274 1878 1331 1904 ix,
1358 1877 1399 1898 12
1418 1877 1425 1898 :
1450 1883 1462 1894 «ι
1483 1863 1625 1898 horrida
1652 1864 1749 1898 siccae
1779 1864 1870 1897 Silva

1195 1930 1301 1952 comae
1318 1936 1347 1951 n.
1367 1918 1433 1951 En.

1251 1984 1286 2016 7.
1316 1972 1391 2016 Ego
1419 1980 1598 2003 contumax.
1624 1970 1688 2004 Hic
1715 1971 1870 2004 sumitur

1197 2037 1261 2069 pro
1288 2022 1435 2057 horrido
1458 2031 1491 2058 et
1518 2023 1671 2061 inculto,
1703 2023 1786 2056 alias
1807 2036 1871 2068 pro

1196 2078 1368 2122 superbo:
1382 2078 1416 2109 in
1436 2077 1565 2110 bonam
1581 2087 1722 2122 quoque
1736 2084 1870 2122 partem

1198 2131 1346 2164 sumitur
1372 2142 1437 2175 pro
1464 2129 1654 2169 constanti,
1683 2137 1717 2162 et
1740 2141 1804 2174 pro
1830 2141 1872 2162 eo

1198 2183 1258 2228 qui
1272 2183 1363 2216 flecti
1377 2182 1701 2228 nequit.—-Verum
1715 2180 1872 2227 quidem,

1198 2235 1257 2269 sed
1277 2248 1345 2282 qua
1372 2235 1470 2269 ducti
1489 2235 1624 2268 ratione
1651 2234 1709 2268 hic
1731 2233 1768 2268 id
1790 2235 1872 2269 alle·

1198 2297 1280 2333 gent
1290 2301 1361 2322 non
1375 2301 1550 2334 assequor.
1563 2290 1603 2322 In
1622 2288 1689 2322 hoc
1704 2287 1873 2322 versiculo

1199 2342 1293 2376 euim
1307 2342 1395 2375 nihil
1408 2341 1578 2387 significat
1593 2341 1658 2374 nisi
1670 2334 1876 2386 pertinaces}

1200 2396 1367 2436 rebelles,
1387 2395 1448 2440 qui
1467 2403 1502 2429 et
1515 2394 1709 2428 calamistro
1725 2402 1761 2427 et
1782 2394 1872 2428 cala-

1202 2449 1361 2483 mistrarii
1379 2448 1526 2482 solertia:
1544 2448 1769 2481 reluctantur.
1784 2447 1848 2480 En.

1255 2503 1287 2535 8.
1308 2503 1395 2534 Levis
1409 2501 1553 2546 clropare.
1571 2502 1621 2534 Dt’
1637 2513 1707 2546 quo
1723 2500 1782 2534 lib.
1803 2500 1853 2533 ῘῙῙ
1867 2525 1876 2540 ,

1198 2555 1306 2600 epigr.
1335 2567 1467 2595 rxxui,
1487 2563 1521 2587 et
1541 2554 1599 2587 lib.
1624 2554 1676 2590 11.
1695 2566 1750 2598 ep.
1776 2564 1873 2586 xxix.

1200 2608 1376 2652 Unguenti
1393 2608 1459 2641 suit
1473 2620 1579 2652 genus
1597 2619 1667 2651 quo
1686 2606 1875 2639 utebantur

1200 2662 1390 2695 esst-minati
1424 2660 1464 2693 ad
1487 2658 1683 2693 evellendos
1703 2659 1804 2703 pilos.
1825 2679 1875 2686 —-
