1978 3305
325 221 915 265 EPIGRAMMATUM
952 222 1078 265 LIB.
1107 223 1224 265 VII.
1381 221 1476 268 253

141 309 244 354 Non
270 308 471 370 paedicari
497 325 541 353 se
568 311 642 370 qui
673 318 876 365 testatur,
904 307 1081 362 Amille,

212 378 328 423 Illud
357 396 469 441 saepe
498 379 625 435 facit,
648 380 765 440 quod
791 382 881 424 sine
903 389 1012 424 teste
1041 379 1156 424 facit.

71 514 184 549 codex
199 516 409 558 Pulmanni;
431 525 464 550 et
482 516 531 550 sic
550 517 634 562 legit
653 517 745 550 Gru-

861 516 893 550 5.
915 517 946 550 T
943 531 959 549 e
975 518 1028 563 qui
1042 525 1174 549 testatur·
1188 516 1297 551 codex
1313 518 1475 552 Pulman.

72 577 166 602 terus
179 580 221 602 ex
234 568 338 603 codd.
353 570 462 603 Palat.
478 577 511 603 et
523 569 624 604 Bodl.
637 570 748 602 —Et
805 591 857 596 —
880 570 912 602 T
909 577 1164 609 esta1u1·,...tes!e
1183 572 1280 613 facit.
1307 570 1415 604 Ludit
1442 572 1477 605 in

72 625 163 665 niger
176 635 187 655 ,·
207 630 246 655 ut
261 624 352 667 niger
366 623 425 656 ille
436 648 447 663 ‚
462 621 619 667 designet
630 634 748 668 garru-

72 674 146 707 lum
161 687 265 720 quem
276 700 285 716 ‚
301 675 502 709 Horatianae
516 676 659 721 picturae
673 687 745 708 non

72 725 288 761 dissimilem.

807 630 938 654 testatur
962 630 996 655 et
1022 631 1117 663 teste,
1144 636 1281 657 necnon
1306 623 1343 656 in
1367 625 1478 658 ambi-

804 675 935 720 guitate
951 679 1007 708 τοῦ
1034 683 1108 708 teste
1127 689 1138 709 .·
1160 676 1218 709 hic
1241 684 1355 709 autem
1378 678 1479 721 ὄρχεις

805 728 990 773 intelligit,
1008 727 1046 761 id
1065 736 1133 769 est,
1153 730 1249 772 λείχει
1268 730 1288 764 ἢ
1309 731 1479 774 φοινικίζει.

657 874 896 930 LXIII.

496 1030 562 1058 DE
602 1029 748 1058 SILIO
786 1029 1017 1059 ITALlco.
1032 1009 1050 1027 ⁴‘

141 1161 376 1205 Pmpmm
406 1176 631 1221 nunquam
656 1160 869 1204 moritura
893 1159 1116 1204 volumina
1141 1160 1216 1206 Sili

212 1232 300 1288 Qui
325 1230 454 1292 legis,
485 1240 529 1274 et
555 1231 682 1275 Latia
712 1231 906 1275 carmina
935 1231 1067 1292 digna
1094 1241 1219 1293 toga;

140 1302 301 1346 Pierios
323 1310 494 1346 tantum
519 1303 608 1345 vati
629 1301 842 1362 placuisse
868 1318 1061 1346 recessus

211 1371 364 1416 Credis
378 1408 390 1425 ,
411 1381 455 1416 et
476 1373 625 1416 Aoniae
648 1372 860 1417 Bacchica
890 1382 1005 1417 serta
1028 1372 1196 1417 comae?

141 1444 273 1487 Sacra
303 1443 554 1487 cothurnati
581 1459 671 1487 non
701 1444 842 1504 attigit
867 1453 966 1487 ante
989 1445 1209 1497 Maronis,

123 1583 137 1597 '¹
157 1587 239 1621 Non
271 1588 321 1620 De
345 1587 427 1621 Silio
454 1588 580 1628 Italico,
610 1587 670 1621 sed
694 1588 747 1621 De

70 1640 151 1674 Silio
161 1641 286 1674 lemma
297 1641 393 1674 estin
404 1640 506 1675 codd.
522 1649 556 1674 et
567 1639 646 1675 edd.
661 1649 744 1674 vett.

71 1693 248 1728 omnibus.

127 1758 158 1779 1-
184 1747 355 1793 Nunquam
373 1749 517 1792 peritura
539 1745 747 1780 Beverlaudi

69 1798 144 1833 MS.
167 1821 221 1826 -—
241 1800 402 1845 Perpetui.
434 1801 485 1833 De
509 1800 594 1833 Silio
622 1800 746 1833 Italico

68 1860 172 1898 poeta
198 1851 280 1886 vide
302 1853 363 1886 lib.
385 1854 452 1894 IV,
474 1853 583 1899 epigr.
606 1864 689 1893 xlv,
713 1861 747 1886 et

68 1904 160 1939 Plin.
181 1905 242 1938 lib.
265 1905 338 1947 III,
359 1906 459 1953 epist.
483 1919 518 1951 7.
542 1906 616 1940 Silii
641 1918 744 1951 opera

69 1958 200 1991 latuere
211 1970 275 2003 per
284 1962 393 1993 multa
403 1960 543 2001 saecula;
558 1971 651 1992 nunc
661 1971 744 1992 vero

69 2011 220 2045 tenebris
234 2019 331 2045 eruta
342 2020 375 2045 et
385 2012 422 2045 in
435 2012 552 2046 lucem
569 2011 745 2046 vindicata

68 2065 206 2098 vivunt.
228 2065 295 2097 Eis.

125 2130 156 2151 2.
172 2119 221 2151 Et
238 2118 346 2151 Latia.
363 2117 440 2151 Hoc
453 2125 504 2152 est
516 2144 524 2159 ,
542 2118 658 2164 inquit
673 2119 745 2151 Do-

69 2170 211 2213 mitius,
235 2170 340 2216 digna
365 2171 468 2205 rebus
492 2171 594 2216 gestis
619 2172 747 2204 Roma-

69 2235 198 2256 norum
216 2235 224 2256 z
241 2223 345 2257 Silius
360 2224 454 2257 enim
471 2224 608 2269 scripsit
622 2236 747 2258 secun-

68 2275 154 2309 dum
179 2276 311 2309 bellum
338 2277 525 2311 Punicum.
549 2277 747 2310 Farnabius

69 2328 324 2375 interpretatur
340 2330 494 2363 carmina
514 2329 621 2376 digna
641 2332 746 2374 maje-

68 2390 156 2415 state
171 2382 318 2415 oratoris
334 2383 504 2423 Romani,
522 2391 557 2416 et
572 2383 747 2424 consulis;

68 2434 225 2468 Raderus
237 2446 323 2468 vero
334 2435 497 2480 intelligit
506 2436 662 2469 carmina
677 2443 748 2468 tam

67 2488 202 2533 egregia
215 2514 225 2530 ‚
238 2500 344 2534 quam
359 2496 460 2521 natus
474 2488 510 2521 iu
527 2488 625 2521 Urbe
640 2489 747 2522 Poeta

68 2541 220 2574 scribere
240 2548 379 2586 poterat
400 2553 407 2574 :
428 2540 551 2574 Silium
572 2540 666 2573 enim
686 2553 747 2573 na-

69 2601 146 2627 tum
162 2594 199 2626 in
215 2593 302 2627 urbe
318 2594 434 2627 Italica
453 2593 640 2639 metropoli
657 2594 748 2626 Peli-

70 2658 220 2691 gnorum
233 2673 241 2687 ‚
262 2658 302 2680 ex
322 2659 389 2692 qua
404 2645 519 2679 dictus
532 2654 582 2679 est
602 2647 746 2682 Italicus,

807 1587 968 1621 affirmat.
1004 1587 1206 1622 Secundum
1240 1590 1325 1625 alios
1362 1592 1484 1628 Italica

805 1640 914 1674 hodie
927 1668 935 1681 ,
969 1640 1087 1675 Sevilla
1113 1643 1145 1674 la
1164 1645 1238 1688 veja
1250 1670 1259 1684 ,
1292 1644 1379 1678 urbs
1415 1645 1483 1680 fuit

807 1694 985 1740 Hispaniae
1002 1695 1140 1729 Baeticae
1151 1722 1160 1736 ‚
1177 1696 1290 1741 patria
1306 1697 1383 1730 Silii
1398 1710 1484 1744 poe-

807 1756 860 1780 tae.
876 1744 998 1786 (Falso
1018 1749 1159 1793 utrique
1171 1774 1180 1790 ,
1201 1761 1280 1782 cum
1298 1763 1339 1783 ex
1356 1756 1402 1796 τῷ
1417 1752 1485 1785 lta-

807 1801 868 1832 lica
879 1827 887 1839 ,
903 1801 1079 1834 [talicensis
1089 1801 1364 1844 efformandum;
1380 1804 1482 1838 crede

806 1854 952 1886 Italicum
969 1854 1162 1900 antiquitus
1179 1855 1270 1888 Siliae
1287 1856 1398 1902 gentis
1409 1858 1485 1903 qui-

804 1906 952 1940 busdam
967 1906 1149 1941 adhaesisse
1160 1909 1378 1953 cognominis
1386 1910 1463 1944 loco
1474 1936 1483 1952 ,

805 1971 885 1992 cum
899 1972 940 1993 ex
956 1960 1056 1993 Italia
1070 1961 1204 1993 Urbem
1218 1962 1372 2007 primum
1384 1962 1486 1997 deve-

805 2013 935 2046 nerint.
956 2007 1041 2056 En.)
1058 2034 1110 2042 ,-
1130 2014 1268 2060 Legunt
1289 2015 1365 2049 alii:
1388 2017 1483 2049 Latia

805 2068 948 2098 carmina
970 2066 1068 2110 digna
1086 2067 1168 2111 lyra.

861 2118 894 2152 3.
906 2120 1040 2152 Pierios.
1055 2118 1149 2153 Vide
1159 2120 1219 2153 lib.
1232 2120 1264 2160 I,
1276 2133 1329 2166 ep.
1345 2134 1482 2163 muvn,

806 2183 856 2204 vs.
874 2171 907 2205 3.
925 2172 1051 2206 Sensus
1070 2180 1119 2206 est
1137 2184 1145 2205 ε
1169 2172 1339 2206 Credisne
1359 2173 1483 2208 Silium

807 2225 904 2270 poesi
923 2233 1058 2258 tantum
1077 2225 1275 2258 vacavisse?

862 2281 897 2317 4.
915 2278 1020 2311 Serta.
1041 2278 1182 2320 Quibus
1201 2291 1298 2312 more
1314 2280 1484 2315 Bacchico

807 2339 912 2375 caput
933 2339 1107 2364 coronant
1125 2331 1237 2364 Musae
1255 2332 1393 2366 Aoniae.

864 2383 898 2416 5.
915 2383 1015 2416 Sacra
1032 2386 1175 2416 coronati
1193 2383 1227 2416 in
1246 2383 1368 2418 codice
1385 2387 1485 2420 Vati-

807 2447 906 2468 can0.
919 2436 1088 2469 Martialis
1101 2436 1202 2477 alibi,
1213 2437 1258 2478 V,
1272 2450 1308 2476 x,
1323 2451 1342 2482 9
1356 2440 1485 2473 :nRara

808 2497 978 2522 coronato
1004 2489 1163 2533 plausere
1182 2489 1314 2523 theatra
1337 2491 1484 2525 Menan-

809 2539 1173 2575 dr0.„—C0tlmr1mti.
1195 2542 1343 2589 Propter
1360 2545 1485 2578 carmi-

810 2606 897 2626 num
919 2594 1134 2639 gravitatem.
1155 2595 1208 2628 De
1229 2596 1404 2630 cothurno
1422 2598 1482 2631 lib.

810 2648 858 2683 V,
880 2647 989 2692 epigr.
1012 2661 1089 2680 xxx.
1101 2669 1151 2674 -—-
1162 2647 1273 2682 Sacra.
1288 2650 1378 2683 Tum
1399 2652 1486 2684 sacri
