1978 3305
378 236 964 281 EPIGRAMMATUM
1004 236 1129 278 LIB.
1167 236 1256 277 IX.

1419 233 1518 289 443

253 326 309 368 Et
338 326 501 384 pariter
528 324 664 368 socias
687 324 826 384 carpit
852 332 1034 383 uterque
1059 321 1203 382 dapes.

182 396 280 439 Nec
302 394 408 438 foetu
434 411 662 438 nemorum
693 393 908 455 gaudent,
935 409 1015 436 nec
1041 393 1217 435 mitibus
1246 391 1412 444 herbis3

253 464 530 509 Concordem
558 465 683 508 satiat
705 464 779 508 sed
805 463 923 507 rudis
948 478 1060 523 agna
1083 462 1255 506 famem.

183 535 301 590 Quid
329 536 487 578 meruit
511 544 651 578 terror
673 536 859 578 Nemees
875 568 885 587 ,
911 533 1014 593 quid
1046 532 1242 592 proditor
1269 530 1413 576 Helles
1429 564 1441 583 ,

254 606 316 648 Ut
340 606 505 648 niteant
527 604 626 649 celsi
649 603 791 647 lucida
813 605 930 663 signa
955 601 1070 663 poli?

183 674 329 718 Sidera
356 676 389 718 si
416 685 592 735 possent
618 673 892 734 pecudesque
921 673 1108 732 feraeque
1132 674 1312 724 mereri,

253 746 334 788 Hic
363 746 472 788 aries
498 745 649 799 astris,
676 744 746 787 hic
778 743 845 787 leo
876 743 1032 804 dignus
1058 751 1164 786 erat.

251 875 396 920 Κοινήν
420 869 635 932 φέρὲονται
655 867 779 915 δαῖτα
801 873 1104 931 συναμφότεροι.

185 944 236 985 K’
256 946 299 986 οὐ
321 943 479 993 θαλλοῖς
500 943 702 1003 χαίρουσι,
723 943 790 986 καὶ
810 944 897 985 οὔτι
917 943 1204 1003 ποηφαγέουσι·

256 1015 466 1073 Συμφρῡνα
489 1031 641 1073 χῡῠτα,
621 1009 675 1056 γῐε
696 1014 796 1073 θἠρα
818 1030 925 1074 ΤΕΟΕἺ
946 1009 1166 1056 TUOJgd'UV

183 1083 264 1126 Καὶ
284 1084 326 1126 τί
343 1086 431 1144 μέγ’
452 1081 607 1144 ἐῤῥεξαν
629 1085 743 1144 Neue
725 1102 789 1133 ςης
809 1084 978 1143 τρόυ.ος,
999 1083 1022 1130 ἢ
1044 1084 1150 1142 κριὸς
1171 1085 1327 1135 Ελ)τ,ς,

253 1142 368 1204 Qq'e
354 1155 559 1214 ,εἶ’ςηρῖγθαι
581 1171 623 1197 τε
628 1154 695 1214 ίρε’
716 1153 950 1213 ἐπουράνιας

184 1223 281 1294 Εἴγε
301 1227 435 1279 βοτοῖς
455 1226 579 1274 τόπος
598 1230 643 1270 ἦν
664 1224 731 1267 καὶ
750 1225 918 1283 θτ,ρσὶν’
903 1242 941 1266 εν
964 1225 1124 1283 aeg-ped,
1147 1217 1209 1266 ὅδ’
1230 1220 1363 1282 οἷς-ρων

252 1282 373 1344 Ᾰξιος
395 1299 415 1337 6
436 1296 541 1354 κριὸς
562 1293 632 1349 ἦν,
658 1291 807 1345 ἄξιος
786 1312 832 1341 τ)
853 1299 872 1337 6
891 1296 1005 1337 λέων.

168 1424 200 1460 4.
213 1421 343 1452 Pam'ter
353 1422 465 1460 socias,
479 1429 542 1453 etc.
555 1420 637 1453 Uno
651 1419 789 1453 eodem-

114 1484 183 1518 que
199 1473 277 1505 cibo
294 1481 483 1507 vescuntur
503 1473 557 1506 leo
580 1482 614 1507 et
635 1473 734 1507 aries.

168 1525 201 1559 5.
216 1526 284 1558 Nec
293 1527 388 1568 foetu.
404 1526 480 1559 Hoc
500 1534 569 1567 est,
586 1539 649 1559 nec
664 1527 718 1560 leo
732 1525 789 1560 de-

113 1577 242 1611 siderat
259 1579 346 1612 feras
359 1605 367 1620 ‚
385 1591 447 1612 nec
468 1579 554 1612 aries
573 1579 696 1614 herbas
711 1580 788 1625 qui-

114 1632 178 1664 bus
192 1632 281 1665 vesci
296 1632 392 1665 solet.

168 1686 201 1717 6.
211 1684 321 1718 Soc-iat
333 1684 561 1718 Pulmannus.
572 1685 690 1718 Feram
707 1683 787 1718 Ald.

113 1737 210 1770 Jnnt.
237 1737 351 1771 Colin.
378 1737 516 1783 Gryph.
543 1738 663 1783 Langii
679 1763 688 1778 ‚
710 1737 786 1771 Par.

118 1792 227 1834 1617.
252 1790 377 1836 Delph.
409 1791 538 1823 Famem
569 1790 763 1824 Scriverius
781 1817 790 1832 ‚

848 1420 980 1454 Bar-hou
995 1445 1004 1460 ,
1035 1420 1112 1452 Par.
1146 1419 1259 1463 1754.
1281 1439 1332 1445 --
1352 1417 1419 1451 Sed
1441 1417 1526 1449 rudis

848 1486 942 1518 agna.
956 1471 1060 1514 Quod
1072 1472 1203 1505 mirum
1213 1470 1364 1513 videtur,
1379 1470 1522 1503 arietem

849 1526 979 1559 scilicet
996 1538 1082 1570 agna
1099 1525 1204 1558 vesci.

903 1592 938 1624 7.
954 1580 1100 1611 Portitor
1116 1577 1225 1610 Helles
1249 1576 1318 1609 alii.
1334 1598 1387 1602 —
1407 1577 1525 1608 Terror

848 1632 989 1664 Nemees.
1013 1632 1192 1664 Nemeaeus
1220 1630 1288 1663 ilie·
1305 1630 1346 1662 ab
1373 1629 1523 1662 Hercule

848 1684 1070 1723 interfectus,
1101 1684 1145 1718 de
1173 1696 1243 1729 quo
1265 1683 1327 1716 lib.
1347 1683 1394 1723 V,
1413 1682 1523 1727 epigr.

848 1750 927 1771 va.
942 1760 993 1764 —
1006 1737 1097 1781 Quid
1103 1737 1259 1782 proditor.
1276 1735 1407 1780 Phryxi
1419 1734 1505 1768 aries
1514 1760 1524 1773 ,

849 1789 893 1823 de
916 1803 986 1836 quo
1005 1791 1067 1824 lib.
1090 1791 1179 1822 VIH
1192 1815 1200 1830 ,
1217 1789 1325 1835 epigr.
1344 1800 1393 1821 LI.

665 1937 972 1993 LXXIII.

625 2089 690 2117 AD
729 2068 1020 2117 uminum*

185 2198 328 2240 Lnffin
345 2232 356 2250 ‚
382 2195 600 2256 Amyclaea
630 2196 818 2240 frontem
848 2196 1003 2239 vittate
1031 2211 1219 2248 corona,

167 2317 394 2355 'AdLiberum
405 2326 535 2355 amicum
547 2323 581 2355 in
596 2324 670 2356 aliis
683 2323 783 2356 editt.

167 2376 337 2420 —Rogat
357 2376 415 2408 hic
434 2375 601 2408 Martialis
621 2389 638 2409 a
656 2375 786 2408 Libero

116 2428 233 2473 pugile
242 2428 424 2461 esculentis
438 2427 587 2461 donatus
600 2454 608 2469 ‚
625 2441 730 2474 quam
742 2429 787 2461 oh

114 2493 251 2514 causam
269 2481 356 2514 absit
373 2479 649 2522 vinum31udens
663 2493 787 2527 nempe

115 2534 149 2566 in
167 2546 296 2567 nomen
315 2534 438 2574 Liberi,
456 2533 553 2579 quod
570 2533 717 2579 perinde
733 2546 788 2566 so-

115 2594 174 2618 nat
204 2599 241 2619 ac
261 2586 425 2620 Bacchus.
453 2587 540 2628 Quis
569 2595 682 2619 autem
716 2599 787 2619 non

115 2639 334 2684 obstupescat
350 2652 367 2673 a
383 2640 452 2673 vini
466 2641 540 2673 Deo
554 2640 669 2673 omnia
687 2640 788 2673 missa

845 2332 972 2369 praeter
983 2323 1103 2355 vinum
1114 2348 1123 2363 ,
1132 2322 1207 2354 sine
1220 2320 1314 2367 quod
1329 2320 1524 2367 friget?En.

903 2387 933 2408 1.
953 2375 1105 2408 Redimite
1130 2387 1194 2420 pro
1219 2377 1335 2406 vittate
1361 2375 1440 2415 alii;
1465 2373 1527 2408 sed

848 2428 1023 2462 Gruterus
1042 2440 1082 2461 ex
1100 2427 1205 2461 Palat.
1220 2427 1321 2473 Angl.
1339 2426 1528 2473 legendum

848 2489 977 2522 censet‚
997 2483 1124 2520 1-ittate;
1142 2493 1205 2513 nec
1221 2479 1320 2513 aliter
1332 2479 1443 2514 codex
1455 2481 1528 2513 Pir-

849 2534 1027 2567 cheimeri.
1040 2533 1205 2566 —vLiberu
1228 2532 1282 2566 Ad
1310 2545 1414 2578 quem
1441 2533 1526 2566 scri-

848 2587 936 2631 psit,
955 2587 1112 2620 lib.VlII
1125 2612 1134 2627 ‚
1147 2586 1254 2632 egigr.
1269 2598 1404 2619 Lxxvn.
1422 2590 1529 2631 Amy-

849 2640 908 2672 clae
928 2639 1048 2673 civitas
1069 2648 1118 2673 est
1139 2639 1299 2673 Laconiae
1312 2665 1320 2680 ‚
1338 2640 1372 2672 in
1390 2651 1456 2685 qua
1474 2651 1527 2673 re-
