1978 3305
378 204 957 247 EPIGRAMMATUM
996 204 1118 246 LIB.
1159 203 1241 244 XI.

1410 199 1508 259 <549

313 293 519 335 Caussam
549 307 684 351 quum
718 290 846 334 inodo
876 299 1118 350 quaererent
1148 287 1337 342 sodales,

320 362 526 405 Ventrem
559 360 665 404 dixit
697 360 854 404 habere
885 377 928 403 se
957 359 1157 403 solutum.

161 496 191 530 ti.
205 492 351 524 l'entrem
361 492 453 524 dixit.
465 493 544 533 Qua
557 492 601 523 im
608 490 774 537 prudenti

103 544 325 577 excusatione
349 557 430 577 usus
451 545 622 577 fatebatur
643 555 678 576 se
702 544 775 588 pati

104 596 265 633 solitum,
288 609 360 630 non
381 608 491 641 agere.
507 596 587 628 Non
605 597 775 629 absonum

106 648 200 692 quod
223 662 326 694 supra
347 649 381 682 in
401 648 560 694 Glycerae
587 657 774 682 amatorem

836 490 1021 536 quemdam
1037 490 1138 535 jecit,
1155 490 1214 535 qui
1232 502 1294 522 cur
1313 488 1422 522 amica
1442 500 1512 520 non

837 543 1016 588 potiretur
1035 542 1266 587 interroganti
1292 559 1304 570 u
1328 539 1508 586 respondit

837 596 994 639 Glycerae
1010 594 1130 628 dolere
1151 593 1272 627 dentes
1292 612 1321 625 υ.
1341 593 1418 625 Lib.
1440 593 1489 624 Xt
1504 618 1511 630 ‚

838 648 946 693 epigr.
967 660 1021 680 xL.
1039 647 1104 679 Eo.

625 794 993 849 LXXXIX.

634 951 700 978 AD
739 950 989 978 POLLAM.

177 1065 406 1108 INTACTAS
432 1079 566 1124 quare
598 1064 729 1107 mittis
759 1063 863 1106 mihi
884 1098 895 1114 ‚
927 1062 1043 1106 Polla
1062 1098 1072 1116 ,
1105 1061 1321 1107 coronas?

250 1136 279 1176 A
310 1143 352 1177 te
385 1143 557 1176 vexatas
589 1132 703 1176 malo
734 1143 880 1177 tenere
913 1149 1042 1177 rosas.

176 1262 227 1303 Τί
257 1263 352 1321 πρὸς
384 1263 444 1321 ἔμ’
475 1264 708 1321 ἐκπέμπεις,
738 1260 768 1303 ὦ
796 1264 945 1314 Hasta,
976 1263 1178 1321 στέμματ’
1207 1260 1373 1311 {Otr-rou

248 1334 418 1391 Bmmy?
443 1334 543 1391 ἔχειν
572 1327 672 1391 ῥόδα
697 1338 783 1383 σαῖς

167 1476 193 1496 ῐ.
220 1461 360 1496 Intactas
379 1478 494 1509 quare,
516 1472 579 1497 etc.
604 1465 780 1497 Amatori-

108 1516 171 1549 bus
189 1516 323 1562 quippe
339 1517 508 1562 gratiores
526 1517 687 1558 corollae,
704 1529 781 1562 quae

107 1569 231 1602 amicas
255 1571 352 1614 quasi
379 1570 515 1603 olerent
540 1578 574 1603 et
595 1578 778 1615 saperent,

106 1633 208 1665 quam
230 1634 307 1667 quae
327 1631 503 1656 recentem
524 1622 695 1668 spirarent
712 1622 779 1655 fra-

105 1674 289 1718 grantiam.
319 1674 424 1709 Unde
452 1675 524 1709 istae
549 1675 780 1708 meretricula:

105 1735 243 1760 vexatas
273 1728 422 1761 corollas
453 1737 487 1761 et
515 1740 619 1774 poma
658 1727 780 1762 adrosa

105 1780 319 1813 amatoribus
343 1780 484 1814 mittere
508 1781 680 1815 solebant.
708 1782 778 1813 Lu-

105 1831 192 1865 rian.
220 1833 376 1866 Toxaris.
407 1835 586 1867 Amatores
613 1845 697 1867 vero
726 1846 780 1866 co-

813 1331 923 1392 χερσὶ
949 1328 1138 1391 τριῧέντα
1164 1335 1316 1380 καλαῖς.

842 1463 944 1496 rollas
961 1470 993 1496 et
1015 1476 1107 1496 rosas
1128 1464 1161 1495 in
1184 1463 1305 1495 limine
1323 1463 1512 1496 amicarum

842 1516 1010 1561 dissipare
1021 1516 1178 1549 solebant
1190 1523 1292 1561 alque
1304 1515 1516 1560 relinquere,

841 1582 952 1614 quum
976 1569 1024 1601 ibi
1047 1568 1108 1601 diu
1133 1568 1388 1601 excubuissent.
1410 1567 1513 1601 Ovid⁴

841 1622 901 1655 lib.
918 1623 972 1654 Ill
986 1643 995 1659 ι,
1011 1622 1084 1654 Art.
1103 1623 1181 1654 Am.
1199 1634 1247 1654 vs.
1263 1634 1306 1666 71
1325 1635 1331 1652 t
1349 1621 1444 1654 «Nec
1459 1629 1514 1653 tua

842 1675 1018 1719 frangetur
1061 1682 1232 1707 nocturna
1270 1675 1373 1719 janua
1418 1673 1491 1705 rixa
1514 1687 1521 1710 ·,

840 1728 963 1773 Sparsa
989 1739 1052 1760 nec
1079 1727 1238 1760 invenies
1264 1727 1384 1759 limina
1414 1738 1515 1758 inan«-

839 1792 928 1813 rosa.
949 1798 961 1809 -ι
987 1779 1056 1813 Sed
1076 1788 1109 1813 et
1127 1781 1270 1825 januam
1292 1780 1462 1812 ornabant
1483 1788 1513 1811 et

841 1834 1055 1866 coronabant
1078 1832 1173 1866 hisce
1198 1832 1284 1866 rosis
1307 1841 1340 1865 et
1363 1831 1513 1864 corollis.

749 1980 878 2038 XC.

564 2136 615 2163 IN
656 2134 921 2164 CHRESTIL
937 2134 1058 2162 LUM.

178 2250 407 2292 Cinium
433 2247 550 2291 nulla
575 2248 734 2308 probas
753 2284 762 2299 ‚
787 2246 906 2291 molli
933 2263 1026 2308 quae
1054 2246 1186 2290 limite
1215 2255 1420 2297 currunt,

244 2318 327 2362 Sed
355 2334 449 2379 quae
476 2335 553 2379 per
578 2318 789 2370 salebras,
814 2317 984 2378 altaque
1009 2333 1109 2360 saxa
1135 2316 1306 2362 cadunt.

165 2463 176 2484 1
188 2477 194 2483 .
216 2451 308 2484 ΜοΙΙι
326 2465 394 2498 quae
413 2453 509 2484 limita
528 2460 667 2484 cmv-unt.
690 2452 778 2484 Ver-

107 2516 162 2537 sus
178 2502 265 2537 duos
280 2504 416 2537 Horatii
430 2504 583 2538 imitatus
595 2504 654 2550 qui
668 2504 727 2537 lib.
746 2505 778 2543 1,

107 2564 168 2589 sat.
186 2569 225 2597 x,
243 2569 291 2591 vs.
311 2569 322 2589 ι
343 2568 380 2589 :u
394 2558 530 2602 Nempe
544 2557 776 2602 incomposito

106 2607 178 2641 dixi
203 2609 281 2653 pede
308 2623 429 2642 currere
460 2622 580 2644 versus
606 2610 717 2642 Lucili
738 2622 776 2649 »ις

842 2464 919 2483 mox
933 2463 958 2483 :n
966 2450 1074 2495 Magis
1084 2450 1189 2482 factos
1200 2457 1232 2482 et
1243 2457 1346 2481 euntes
1356 2449 1487 2480 mollius.
1499 2466 1510 2477 ι

894 2518 924 2536 2.
946 2503 1011 2536 Sed
1024 2516 1093 2548 qua*
1105 2516 1163 2547 pm·
1177 2502 1328 2534 salebras.
1350 2501 1425 2534 Hoc
1446 2510 1513 2537 est,

842 2557 921 2589 Non
948 2567 1039 2588 amas
1062 2567 1177 2588 versus
1205 2564 1341 2588 teneros
1367 2562 1401 2586 et
1424 2553 1513 2586 mol=

839 2610 885 2641 le:
899 2634 906 2645 .
929 2608 989 2641 soil
1009 2607 1114 2641 ‹lurns
1134 2617 1238 2653 atque
1259 2619 1408 2654 asperos.
