1978 3305
415 205 479 251 36

791 202 852 244 M.
874 201 1019 243 VAL.
1059 198 1452 242 MARTIALIS

999 379 1252 434 XXIII.

944 549 1010 576 Αι)
1056 527 1305 577 nAssumf

489 701 756 742 mmmmm
788 692 932 736 fueras
958 691 1158 747 indutus,
1181 694 1333 746 Basse,
1356 691 1545 749 colores,

553 769 576 811 J
581 782 659 809 ura
683 762 904 807 theatralis
928 762 1034 805 dum
1059 761 1213 806 siluere
1236 762 1332 807 loci.

484 842 594 895 Qum,
622 844 853 897 postquam
880 832 1039 894 placidi
1061 834 1254 877 censoris
1277 849 1381 877 cura
1404 835 1572 877 renasci

555 910 577 951 J
583 907 690 951 ussit
705 941 716 961 ,
746 914 790 948 et
815 906 1044 948 Oceanum
1071 904 1231 947 certior
1254 903 1375 948 audit
1397 921 1552 965 eques,

483 982 584 1023 Non
611 978 692 1021 nisi
718 974 787 1019 vcl
818 990 954 1019 cocco
980 973 1182 1029 madida,
1202 973 1270 1017 vel
1297 976 1464 1018 murice
1490 976 1626 1018 tincta

555 1050 689 1092 Veste
713 1047 824 1090 nites
839 1082 850 1100 ‚
873 1034 916 1089 e‘t
940 1054 983 1089 te
1007 1045 1068 1089 sic
1091 1044 1196 1088 dare
1219 1045 1353 1089 verba
1373 1055 1513 1106 putas.

467 1196 482 1211 ³
501 1198 624 1244 Carpit
637 1198 799 1237 Bassum,
821 1195 882 1240 qui
897 1201 1011 1228 vestes
1031 1205 1093 1227 co-

415 1255 489 1288 lore
516 1265 587 1287 uon
608 1250 736 1284 eximio
757 1249 883 1282 tinctas
903 1245 1095 1288 induebat,

417 1307 502 1341 dum
521 1316 642 1339 omnes
660 1301 803 1336 ordines
823 1299 1024 1346 promiscue
1043 1312 1096 1333 se-

417 1360 541 1394 derent
560 1358 597 1391 in
610 1355 753 1391 theatris
766 1367 776 1397 ;
792 1354 852 1400 qui
865 1361 981 1386 autem
994 1351 1097 1386 resti-

418 1421 493 1448 tuta
527 1412 602 1457 lege
627 1407 810 1443 divisionis
838 1406 1004 1440 ordinum
1018 1432 1027 1447 ‚
1057 1414 1097 1438 ut

418 1478 523 1512 eques
543 1463 727 1497 videretur
743 1459 902 1506 quamvis
921 1471 993 1492 non
1014 1471 1096 1492 cen-

419 1532 495 1553 sum
508 1519 653 1551 haberet
664 1540 674 1557 ‚
686 1516 841 1548 lacernas
856 1524 1050 1559 purpureas
1064 1519 1099 1545 et

419 1572 597 1607 coccineas
615 1568 821 1602 ostentabat.
844 1566 911 1598 En.

479 1637 491 1657 1
502 1651 509 1658 .
522 1622 702 1657 Herbarum
705 1619 958 1665 ficet-as.Vestes
967 1616 1097 1651 virides

419 1677 585 1723 iutelligit
604 1683 708 1721 poeta
731 1685 738 1707 ε
760 1674 870 1718 legem
893 1683 977 1704 vero
1000 1671 1098 1704 thea-

421 1731 544 1765 tralem
555 1755 564 1771 ‚
578 1741 647 1774 qua
665 1727 800 1773 equites
816 1738 834 1758 a
849 1724 952 1771 plebe
970 1724 1007 1756 in
1023 1735 1096 1757 am-

419 1784 622 1831 phitheatro
635 1779 791 1814 distincti
803 1786 901 1817 sunt,
919 1776 1100 1811 revocavit

420 1836 664 1876 Domitianus,
683 1845 787 1878 quem
803 1831 997 1876 benignum
1017 1842 1098 1863 cen-

421 1903 535 1923 sorem
546 1896 645 1922 vocat
659 1912 668 1926 ‚
680 1886 788 1933 epigr.
801 1896 872 1918 v111
885 1892 918 1917 et
928 1896 986 1917 xlv
999 1896 1096 1928 supr.

423 1942 557 1976 Viridis
586 1941 685 1976 color
712 1938 862 1973 vestium
893 1937 1038 1983 puerilis
1065 1945 1098 1969 et

421 1995 610 2034 semineus,
622 2002 661 2027 ut
674 2005 716 2026 ex
729 1993 811 2025 Juv.
827 1990 933 2024 docet
946 1990 1097 2035 Lipsius,

421 2050 530 2082 meet.
544 2048 606 2081 lib.
617 2048 634 2080 I
644 2073 653 2088 ‚
667 2058 742 2091 cap.
763 2057 776 2077 1
787 2044 805 2077 3
814 2069 821 2077 .
838 2043 968 2077 Graecis
980 2045 1096 2087 χλωρὸς

423 2102 554 2135 dicitur
567 2126 575 2142 ,
606 2099 724 2132 latinis
755 2098 858 2131 etiam
894 2096 1035 2141 galbeus
1064 2104 1098 2129 et

421 2156 614 2200 galbanus:
638 2151 720 2185 inde
748 2149 886 2196 galbani
903 2161 1033 2189 mores,
1061 2148 1097 2182 id

421 2216 470 2242 est
482 2232 491 2248 ,
509 2206 630 2239 molles
642 2231 650 2246 ‚
669 2204 822 2238 feminei.

478 2273 510 2293 2.
527 2261 608 2292 Ant.
627 2259 665 2291 dc
683 2259 774 2303 Rooy
784 2257 876 2301 conj.
896 2255 969 2288 dum
984 2256 1097 2288 siluere

424 2315 495 2347 lori.
512 2312 567 2346 Sic
580 2311 670 2345 infra
685 2311 820 2344 lib.VII
831 2335 840 2351 ‚
856 2309 965 2354 epigr.
980 2320 1094 2342 Lx111:

427 2367 534 2398 «Jura
558 2365 626 2397 sori
646 2382 674 2397 n.
702 2364 756 2396 An
781 2363 871 2396 forte
892 2362 959 2395 sub
983 2361 1096 2395 oculis

422 2418 544 2452 habuit
569 2417 685 2450 locum
711 2416 862 2450 auctoris
890 2414 1016 2460 Elegiae
1050 2414 1095 2448 de

423 2473 538 2505 Morte
559 2469 685 2510 Drusi,
712 2470 781 2502 185
803 2480 810 2501 :
839 2469 946 2501 «Jura
968 2468 1095 2510 silent,

421 2533 594 2570 nmtaeque
608 2525 719 2566 jacent
737 2521 810 2554 sine
826 2520 966 2554 vindice
979 2521 1090 2565 leges:

422 2576 597 2623 Aspicimr
610 2584 683 2608 toto
698 2586 856 2620 purpura
870 2574 964 2606 nulla
977 2574 1064 2607 soro,
1076 2592 1087 2603 η

419 2631 550 2663 —Jura
562 2628 735 2661 theatralis.
746 2626 889 2661 Lexlata
901 2627 942 2659 ab
951 2627 1091 2660 Othone

1153 1195 1280 1228 Roscio
1296 1195 1440 1228 tribuno
1456 1193 1568 1240 plebis
1585 1206 1593 1228 :
1610 1206 1706 1240 supr.
1725 1194 1833 1240 epigr.

1156 1259 1228 1281 vu1
1247 1256 1281 1281 et
1301 1260 1372 1281 xlv.

1210 1301 1244 1333 3.
1267 1301 1350 1345 Quoe
1362 1308 1540 1347 postquam.
1560 1300 1750 1345 Postquam
1767 1301 1834 1333 Do-

1156 1353 1320 1387 mitianus
1338 1354 1469 1398 Imper.
1493 1361 1670 1398 assumpta
1689 1365 1833 1386 censura

1155 1407 1334 1441 revocavit
1358 1407 1449 1439 hanc
1476 1407 1599 1452 legem.
1627 1427 1678 1433 —
1707 1406 1835 1439 Placidi

1156 1463 1302 1493 censoris.
1333 1459 1555 1493 Domitianus
1584 1459 1679 1492 enim
1709 1467 1834 1493 octavu

1155 1513 1337 1546 consulatu
1353 1525 1535 1546 censuram
1548 1512 1614 1545 sibi
1627 1520 1833 1558 perpetuam

1157 1565 1301 1599 decerni
1328 1567 1495 1612 jusserat,
1522 1573 1561 1598 ut
1583 1565 1706 1598 scribit
1736 1565 1833 1598 Suet.

1156 1618 1262 1652 Unde
1281 1618 1390 1664 judex
1412 1630 1556 1652 morum
1576 1630 1596 1650 a
1613 1618 1738 1651 Juven.
1764 1618 1834 1651 iro-

1155 1672 1234 1705 nice
1250 1672 1461 1718 appellatur.
1475 1671 1543 1704 Dio
1558 1671 1679 1704 scribit
1691 1679 1834 1704 caeteros

1156 1725 1384 1771 imperatores
1398 1724 1468 1758 suis
1478 1724 1695 1769 temporibus
1707 1725 1750 1757 ab
1765 1724 1832 1757 hoc

1155 1778 1359 1825 magistratu
1375 1777 1593 1811 abstinuisse.
1609 1777 1757 1810 Causam
1772 1775 1832 1810 ad·

1156 1830 1229 1874 dit,
1256 1832 1338 1877 quia
1363 1832 1492 1876 absque
1517 1830 1661 1863 nomine
1682 1833 1718 1863 τὸ
1743 1831 1830 1876 ἔργον

1156 1898 1190 1917 τε.
1208 1885 1375 1929 τιμητείας
1394 1880 1489 1927 εἶχον.
1508 1882 1645 1916 Ηεναῖἅ,

1211 1942 1245 1977 4.
1274 1938 1447 1971 Oceanum.
1476 1937 1763 1982 Designatorelu,
1788 1934 1833 1968 de

1156 2002 1246 2036 quc,
1264 1991 1324 2023 lib.
1346 1991 1417 2030 ΙΙΙ,
1439 1990 1549 2036 epigr.
1571 2001 1647 2029 xcv,
1671 2001 1725 2021 10.

1211 2044 1244 2077 5.
1268 2044 1365 2077 Ostra
1393 2043 1521 2076 madida
1553 2041 1665 2076 codex
1689 2040 1831 2087 quidam

1156 2095 1250 2142 apud
1269 2095 1600 2130 Rev-erlandunL-
1619 2095 1720 2128 Cocco
1735 2121 1742 2133 ,
1763 2107 1831 2126 nm·

1156 2151 1228 2183 rice.
1247 2150 1446 2195 Purpurea;
1465 2149 1569 2195 piscis
1588 2147 1733 2181 muricis
1753 2160 1831 2180 san-

1155 2203 1273 2248 guine,
1283 2215 1341 2236 seu
1352 2202 1450 2243 flore,
1459 2214 1563 2247 quem
1574 2214 1634 2235 ore
1646 2201 1750 2234 habet
1759 2213 1832 2233 uw-

1154 2256 1316 2301 riensque
1332 2256 1468 2301 expuit,
1485 2255 1618 2297 tinet-13
1636 2254 1689 2287 vel
1706 2266 1831 2294 cocco,

1155 2308 1249 2354 quod
1259 2317 1309 2342 est
1327 2321 1473 2355 granum
1491 2321 1531 2342 ex
1544 2307 1672 2341 frutice
1687 2307 1742 2340 vel
1755 2319 1832 2353 gra-

1155 2362 1249 2396 mine
1259 2362 1399 2395 rubenti
1410 2370 1541 2396 natum.
1554 2360 1643 2393 Plin.
1658 2360 1784 2401 XVI,1
1795 2372 1828 2393 2.

1208 2418 1242 2449 6.
1267 2415 1362 2448 Veste
1381 2418 1470 2448 nites.
1492 2415 1540 2448 Ut
1557 2412 1706 2447 videaris
1722 2424 1829 2446 verus

1154 2481 1270 2514 eques.
1284 2468 1392 2501 —Sic
1405 2468 1481 2501 darc
1504 2467 1595 2501 verba
1611 2474 1718 2511 putas.
1734 2466 1826 2498 Dare

1153 2523 1258 2555 verba
1276 2530 1325 2554 est
1337 2520 1419 2555 dare
1435 2521 1485 2554 nil
1502 2520 1566 2554 nisi
1580 2520 1683 2553 verba
1697 2544 1706 2559 ‚
1720 2530 1828 2563 quum

1151 2573 1286 2620 aliquid
1321 2575 1424 2608 alicui
1456 2572 1693 2620 promittitur,
1727 2571 1826 2604 illum

1153 2627 1318 2673 decipere
1336 2627 1460 2661 verbis.
1476 2627 1674 2671 usurpatur
1694 2638 1759 2670 pro
1773 2625 1828 2657 de-
