1978 3305
463 264 558 312 35¹6
834 261 894 302 M.
925 258 1064 303 VAL.
1104 255 1491 299 MARTIALIS

600 347 805 396 Calculus
835 348 877 390 in
908 345 1041 389 nitida
1073 345 1132 388 sic
1160 351 1416 387 numeratur
1444 358 1568 403 aqua.

531 420 650 479 Quid
675 435 764 463 non
788 417 963 478 ingenio
985 414 1122 459 voluit
1150 422 1304 457 natura
1329 411 1488 457 licere?

605 493 876 535 Autumnum
908 485 1062 530 sterilis
1091 484 1204 529 ferre
1224 483 1403 543 jubetur
1427 483 1589 542 hyems.

608 631 754 678 Οὕτως
779 625 941 686 ἐκκρίνει
965 622 1094 682 ψῆφον
1120 621 1329 682 ἀκραιφνὲς
1349 615 1476 681 ὕδωρ·

537 700 623 744 Καὶ
643 698 684 742 τί
703 698 936 757 ἀτόλμητον
961 695 1143 755 βροτέαις
1165 694 1277 751 φύσις
1298 691 1401 734 εἴασε
1423 692 1601 751 τέχναις;

610 769 770 818 Εἴθιςαι
788 768 935 826 χειμὼν
954 769 1084 820 ςεῖρος
1102 766 1384 823 ὀπωροφορεῖν.

525 912 559 945 8.
577 907 727 942 Calculus
749 910 781 939 in
799 905 919 952 liquida
942 904 1034 948 conj.
1065 905 1146 935 Ant.
1207 913 1278 934 non
1297 899 1437 933 efficere
1456 907 1571 945 potest
1588 898 1717 944 ingenii
1737 899 1882 932 humani

473 965 511 996 de
541 963 640 1008 RooJ.
658 958 752 992 Vide
783 957 827 992 ad
857 958 918 990 lib.
953 957 1018 997 IV,
1038 955 1148 1000 epigr.
1209 952 1374 987 solertia?

473 1028 561 1050 xxu.
577 1036 623 1040 —
635 1013 689 1047 Sic
704 1018 886 1045 numeratur
900 1021 993 1056 aqua.
1007 1009 1061 1040 Ita
1074 1019 1152 1052 per·
1270 1017 1326 1038 10.
1352 1006 1548 1038 Autumnum
1562 1030 1570 1043 ,
1592 1012 1659 1038 etc.
1688 1004 1738 1038 Ita
1758 1004 1885 1037 muniti

473 1071 589 1102 lucent
607 1075 640 1100 et
668 1071 838 1111 apparent
860 1061 1006 1102 calculi,
1025 1068 1067 1093 ut
1081 1071 1151 1093 nu·
1212 1057 1455 1104 specularibus
1489 1056 1585 1090 horti
1604 1082 1614 1098 ‚
1651 1058 1723 1102 ipsa
1763 1058 1886 1090 bruma

475 1120 600 1154 merari
621 1118 765 1165 possint.
1213 1111 1349 1144 fructus
1371 1110 1510 1149 ferunt,
1538 1108 1684 1155 perinde
1705 1122 1743 1143 ac
1769 1110 1803 1142 in
1825 1121 1888 1143 an-

531 1187 565 1217 9.
593 1171 682 1214 Om'd
704 1182 779 1203 non.
809 1168 935 1201 Sensus
958 1173 1029 1199 est:
1055 1162 1154 1206 Quid
1215 1171 1349 1197 tumno.

1065 1300 1302 1355 LXIX.

957 1456 1008 1483 lN
1058 1434 1418 1483 vACERRAM.⁴²

693 1584 901 1626 MIRARIS
930 1589 1098 1623 veteres
1113 1615 1124 1630 ,
1143 1581 1360 1633 Vacerra,
1386 1578 1500 1622 solos
1516 1616 1526 1634 ‚

694 1654 787 1696 Nec
818 1649 966 1694 laudas
995 1650 1074 1694 nisi
1105 1659 1301 1693 mortuos
1330 1659 1490 1711 poetas.

697 1725 907 1784 Ignoscas
936 1721 1147 1782 petimus,
1175 1722 1368 1763 Vacerra
1393 1738 1401 1762 ε
1428 1722 1533 1764 tanti

698 1795 801 1837 Non
826 1801 916 1847 est,
947 1801 993 1835 ut
1025 1789 1218 1851 placeam
1251 1791 1350 1845 tibi,
1375 1792 1530 1852 perire.

542 1932 710 1969 'Veteres
722 1941 756 1966 et
771 1940 931 1965 mortuos
947 1939 1080 1964 tantum
1097 1931 1168 1964 lau·
1229 1938 1299 1964 tam
1322 1943 1362 1964 ex
1385 1931 1494 1965 oculis
1517 1932 1705 1977 quaerimus
1718 1958 1727 1973 ‚
1749 1931 1873 1966 invidi.
1888 1950 1901 1962 ι

491 1990 595 2024 dabat
606 1995 725 2034 poetas
739 1987 902 2019 Vacerra.
918 1983 986 2017 Cui
999 1984 1168 2017 Martialis
1229 1983 1337 2025 Quod
1354 1983 1402 2017 sic
1418 1985 1593 2029 copiosius
1609 1985 1755 2019 Nostras
1768 1986 1905 2021 Lebnm.

496 2050 616 2089 argute
640 2052 647 2073 t
669 2040 762 2085 Ego,
790 2050 874 2084 pace
903 2045 961 2070 tua
988 2035 1139 2070 dixerim
1158 2061 1166 2075 ,
1229 2035 1273 2070 ad
1289 2037 1554 2070 celeberrimum
1572 2039 1721 2072 Bureou
1734 2063 1742 2075 .
1758 2040 1825 2071 Liv.
1845 2031 1910 2078 ιε’,

496 2109 571 2130 non
590 2093 677 2128 tanti
694 2091 782 2126 facio
799 2099 873 2124 tuas
892 2087 1034 2129 laudes,
1055 2097 1092 2122 ut
1112 2096 1170 2122 tua
1237 2089 1303 2123 Od.
1330 2082 1417 2123 1³⁶.
1434 2089 1550 2124 Stance
1577 2092 1620 2125 13
1641 2104 1650 2124 :

497 2160 616 2183 caussa
638 2146 742 2179 Velim
763 2152 842 2177 ante
862 2141 954 2175 dieu]
975 2142 1064 2174 morl
1076 2167 1084 2180 ,
1105 2153 1175 2186 quo
1270 2146 1394 2172 Malheur
1410 2156 1440 2171 au
1456 2148 1548 2172 munel
1563 2148 1640 2182 qu’on
1657 2149 1804 2173 mnomme!

502 2201 562 2235 abs
578 2208 611 2233 te
633 2197 768 2232 laudari
785 2195 928 2242 POSSim.
1272 2199 1382 2227 Vivant,
1399 2208 1464 2223 nous
1477 2199 1593 2225 blessons
1606 2199 1629 2225 le
1642 2200 1724 2233 grand
1741 2200 1857 2227 humma

553 2272 605 2278 —
628 2252 743 2297 Hujus
771 2246 1030 2295 epigralnmalis
1056 2246 1177 2280 lectio·
1272 2250 1360 2279 Mori,
1371 2261 1435 2276 nous
1448 2252 1566 2277 tonibons
1583 2253 1597 2277 i
1609 2262 1648 2278 nes
1662 2262 1769 2287 genoux.

500 2319 580 2340 nem
601 2317 672 2338 non
697 2303 833 2336 variant
854 2301 934 2334 libri
953 2300 1085 2334 calamo
1099 2312 1176 2333 exa·
1275 2306 1347 2330 Nous
1362 2304 1487 2329 n'flmons
1503 2315 1554 2339 que
1569 2304 1592 2329 Ιι
1610 2305 1691 2340 gloire
1705 2307 1825 2332 absente.

504 2359 568 2393 rati
585 2385 594 2399 ,
617 2365 675 2390 ant
695 2353 867 2401 impressi.
1276 2357 1310 2381 La
1327 2357 1449 2382 moimoim·
1464 2365 1501 2383 est
1514 2359 1735 2388 rcconnnissantc;

562 2424 595 2444 2.
616 2410 684 2443 Nec
699 2408 821 2441 laudas.
843 2406 922 2440 Lib.
940 2405 986 2446 V,
1006 2416 1114 2451 eplgl.
1138 2417 1157 2437 x
1173 2415 1180 2437 :
1277 2410 1325 2435 Les
1337 2419 1403 2444 ycux
1417 2417 1474 2434 sont
1491 2412 1588 2445 ingr-is
1603 2419 1627 2436 ι-ι
1641 2411 1748 2444 jul-unx..
1761 2430 1765 2434 Α
1779 2430 1784 2434 .
1796 2429 1801 2434 .
1822 2409 1870 2434 En.

512 2481 525 2493 ι
545 2463 590 2496 Ηί
605 2471 686 2496 sunt
707 2459 848 2495 invidiae
863 2459 1031 2492 nimirum
1045 2485 1053 2499 ,
1070 2458 1182 2503 Regu·
1298 2459 1333 2492 3.
1360 2459 1457 2491 Tanti
1485 2459 1559 2492 Nou
1590 2469 1647 2492 est.
1681 2459 1806 2493 Sensus
1839 2467 1889 2491 est
1908 2470 1915 2490 ;

507 2517 558 2557 le,
578 2527 710 2558 mores,
727 2513 893 2547 Praeferat
913 2511 1074 2557 antiquos
1097 2523 1184 2544 sem·
1245 2511 1325 2544 Non
1363 2511 1449 2544 tanti
1478 2512 1566 2545 facio
1597 2522 1671 2546 tuas
1706 2510 1824 2544 laudes
1842 2537 1850 2547 ,
1879 2519 1914 2543 ut

510 2581 572 2614 per
597 2577 635 2601 ut
658 2567 714 2600 illa
742 2566 853 2599 novis.
869 2583 882 2594 ι»
910 2565 1093 2606 Horatius,
1123 2564 1183 2597 lib.
1245 2564 1334 2597 mori
1353 2564 1456 2597 velim
1473 2590 1481 2606 ‚
1502 2578 1571 2610 quo
1589 2577 1607 2598 a
1629 2574 1662 2598 te
1683 2563 1814 2597 laudari
1838 2576 1916 2609 pos-

509 2621 583 2661 111,
606 2619 674 2653 Od.
690 2619 824 2659 XXIV,
843 2631 892 2651 vs.
918 2617 937 2651 3
950 2630 980 2658 1,
998 2616 1042 2650 32
1057 2629 1087 2651 ;’1
1102 2617 1184 2649 Vir·
1246 2618 1322 2651 sim.
1340 2617 1443 2651 Forte
1464 2630 1533 2650 non
1562 2618 1648 2650 male
1673 2617 1814 2662 legeris:
1837 2619 1918 2648 tomi

508 2681 616 2706 tutem
643 2672 845 2705 incolumen
875 2669 1017 2703 odimus
1032 2696 1041 2709 ,
1062 2669 1184 2703 Subla·
1248 2671 1321 2703 Non
1339 2679 1402 2707 att,
1428 2678 1460 2702 m
1474 2683 1598 2715 prr-vam
1617 2698 1624 2708 ‚
1645 2670 1702 2702 tihi
1711 2671 1844 2714 placere.
