1978 3305
484 242 580 290 530

852 240 912 282 M.
935 239 1073 282 VAL.
1113 238 1504 281 MARTIALIS

619 328 820 379 Plausus,
844 327 1010 378 Roma,
1038 325 1124 379 tui,
1151 323 1398 385 deliciaeque
1428 323 1606 368 breves:

550 398 705 444 Invida
729 413 859 458 quem
883 395 1089 440 Lachesis
1116 404 1290 456 raptum
1319 394 1539 438 trieteride
1564 410 1700 450 nona,

621 471 742 513 Dum
767 475 968 510 numerat
998 464 1186 526 palmas,
1215 464 1399 510 credidit
1421 481 1513 509 esse
1541 480 1704 509 senem.

622 608 696 656 Σὸς
725 606 887 665 κρότος,
914 601 945 645 ὦ
973 593 1118 662 ῥώμη,
1147 607 1226 646 σεῖο
1258 604 1448 663 τρύφημα
1473 605 1620 663 βραχύ·

555 679 760 726 Βάσκανος
790 675 832 718 ὃν
858 673 943 735 τρὶς
970 675 1122 716 ἔτεσσιν
1150 675 1211 716 ἐπ’
1235 674 1344 716 ἐννέα
1368 673 1526 733 πότμος
1550 673 1739 734 ἀναιρῶν,

620 745 704 798 Τὰς
728 748 838 796 νίκας
867 743 1062 805 ἀριθμῶν,
1093 744 1193 799 ᾤετο
1224 744 1435 805 γηραλέον.

483 909 537 914 -
551 886 699 920 Clamosi.
723 884 887 918 Solemne
903 882 1044 915 ἐπιθετὸν
1065 881 1160 915 Circi

483 938 579 986 apud
597 940 730 972 Poetas.
756 936 823 970 Cui
847 936 943 969 enim
971 934 1132 967 favebant
1149 956 1158 973 ,

483 1005 563 1026 eum
591 991 800 1025 clamoribus
823 988 1001 1022 stimulare
1018 995 1054 1020 et
1075 987 1160 1019 hor-

483 1046 549 1079 tari
565 1045 735 1078 solebant.

541 1111 557 1130 2
567 1123 574 1130 .
593 1098 730 1129 Plausus
741 1120 750 1134 ,
763 1107 828 1140 pro
838 1119 847 1135 ,
863 1093 919 1126 cui
934 1090 1161 1138 plaudebant.

485 1151 543 1184 Sic
564 1150 600 1183 in
622 1150 691 1183 hoc
709 1158 832 1182 versu:
854 1164 867 1175 «
882 1146 1017 1179 Tantus
1033 1145 1070 1177 in
1089 1145 1161 1177 Au-

483 1203 578 1237 sonia
593 1202 734 1235 fremuit
749 1199 857 1233 modo
871 1207 985 1232 terror
1005 1209 1109 1231 arena
1124 1215 1137 1226 ι»
1152 1223 1161 1238 ,

489 1258 606 1289 Terror
636 1263 688 1288 est
715 1266 781 1299 pro
810 1252 857 1285 leo
891 1264 978 1298 quem
1013 1250 1162 1283 timebant

488 1322 603 1342 omnes.

543 1362 576 1395 3.
594 1361 719 1393 Laceris
732 1358 805 1391 MS.
822 1357 957 1390 Beverl.
973 1378 1025 1383 —
1041 1356 1162 1389 Lache-

485 1417 538 1447 sis.
561 1411 721 1447 Secunda
741 1412 950 1450 Parcarum,
977 1410 1076 1455 cujus
1098 1421 1162 1441 no·

487 1480 566 1500 men
587 1479 605 1500 a
621 1465 789 1511 λαγχάνω.
808 1464 851 1497 Et
867 1475 933 1508 pro
951 1463 1091 1507 Atropos
1107 1462 1165 1495 hic

488 1520 649 1565 ponitur,
673 1530 752 1564 quae
773 1526 903 1550 stamen
929 1524 1087 1549 nostrum
1113 1527 1166 1548 se-

1218 890 1290 923 cat;
1311 893 1393 926 ergo
1428 881 1465 914 in
1493 880 1598 927 Styga
1628 893 1692 915 nos
1724 880 1894 927 rapit.—

1224 934 1397 967 Trieteride
1419 947 1511 967 nona.
1524 930 1601 968 Hoc
1619 943 1687 974 est,
1706 943 1829 968 natum
1841 934 1893 966 vi-

1219 987 1307 1033 ginti
1336 995 1371 1020 et
1409 994 1540 1032 septem
1574 987 1672 1020 annis
1702 998 1709 1021 :
1744 986 1894 1021 trieteris

1220 1040 1315 1073 enim
1335 1039 1526 1072 triennium
1546 1048 1620 1081 est;
1648 1040 1711 1072 lib.
1728 1040 1799 1079 VI,
1821 1039 1894 1084 epi-

1220 1104 1366 1137 gramm.
1389 1104 1540 1125 xxxvnr.

1277 1149 1311 1185 4.
1325 1145 1412 1178 Dum
1425 1153 1566 1177 numerat
1574 1144 1712 1190 palmas,
1732 1152 1797 1178 etc.
1814 1145 1897 1178 Pro-

1221 1205 1301 1243 pter
1329 1197 1556 1231 victoriarum
1586 1197 1803 1231 Circensium
1831 1209 1896 1230 nu—

1220 1263 1358 1284 merum
1387 1259 1505 1296 posset
1529 1250 1680 1296 Scorpus
1706 1249 1817 1283 videri
1845 1262 1896 1283 se-

1221 1316 1299 1337 nex.
1319 1303 1463 1350 Quippe
1481 1304 1539 1336 alii
1558 1315 1656 1337 senes
1671 1302 1713 1336 ad
1728 1315 1896 1336 summam

1222 1364 1360 1390 aetatem
1386 1356 1562 1402 provecti,
1591 1364 1642 1389 tot
1669 1356 1800 1402 palmas
1825 1369 1897 1388 nou

1223 1421 1390 1456 rapuere,
1405 1418 1492 1455 quot
1504 1409 1643 1455 juvenis
1659 1409 1809 1455 Scorpus
1826 1421 1833 1441 :
1852 1409 1897 1441 ita

1223 1463 1381 1496 victoriis
1400 1463 1519 1496 multis
1532 1488 1541 1502 ,
1557 1473 1688 1508 paucos
1708 1461 1771 1496 aevi
1793 1474 1902 1495 annos

1226 1515 1476 1562 compensavit.

1119 1652 1272 1707 LIV.

1050 1809 1103 1837 {N
1143 1790 1352 1838 omnir*

563 1938 777 1989 MssNsAs,
804 1932 908 1986 oie,
936 1933 1073 1976 bonas
1099 1932 1224 1992 ponis
1243 1949 1251 1976 :
1270 1931 1343 1976 sed
1369 1933 1494 1994 ponis
1518 1943 1703 1994 opertas.

633 2003 881 2050 Ridiculum
913 2012 1003 2046 est:
1027 2019 1203 2062 possum
1235 2004 1293 2047 sic
1325 2019 1406 2065 ego
1433 2003 1593 2048 habere
1618 2004 1767 2050 bonas.

568 2136 650 2188 Ωλὲ
668 2179 680 2198 ,
705 2139 906 2202 τραπέζας
933 2141 1034 2196 θεὶς,
1061 2140 1213 2203 ἀγαθὰς
1238 2143 1329 2202 μὲν,
1355 2143 1442 2193 ἔθης
1467 2137 1511 2185 δὲ
1536 2144 1754 2194 λαθούσας·

635 2217 770 2258 Τοῦτο
793 2214 973 2274 γέλοιον,
1003 2213 1120 2273 ἔγωγ’
1149 2206 1221 2254 ὧδ’
1248 2210 1292 2255 ἂν
1321 2214 1449 2273 ἔχοιμ’
1477 2214 1640 2274 ἀγαθάς.

550 2349 563 2361 “
576 2352 662 2385 Olus
678 2348 840 2383 laudabat
853 2349 949 2382 eibos
961 2360 1048 2394 quos
1062 2359 1171 2394 appo-

498 2406 621 2444 nebat,
644 2403 704 2438 sed
723 2404 770 2436 ita
789 2410 896 2436 tectos
917 2410 953 2434 ut
976 2414 992 2434 a
1016 2401 1172 2434 convivis

497 2459 587 2493 sumi
602 2453 911 2503 nequirent‚unde
933 2453 1052 2487 festive
1074 2454 1171 2487 illum

497 2510 620 2545 irridet
648 2511 753 2543 Poeta
780 2521 787 2542 :
814 2508 863 2541 sic
890 2508 983 2541 enim
1012 2519 1111 2552 posse
1138 2519 1174 2541 se

498 2565 632 2598 lautum
648 2575 719 2597 esse
735 2564 884 2607 jocatur.

551 2618 685 2649 -Τοῖν
709 2616 804 2649 Olum
823 2623 857 2648 et
886 2614 947 2647 Olc
965 2613 1172 2658 scripturam

499 2682 562 2714 ego
591 2670 716 2706 miror-2
745 2666 911 2713 equidem
939 2665 1056 2712 potius
1076 2665 1173 2699 vide-

1233 2358 1330 2384 retur
1347 2351 1467 2384 Aulum
1478 2379 1487 2391 ,
1505 2352 1600 2385 Aule.
1613 2351 1679 2385 Sed
1696 2353 1907 2387 membranae

1232 2415 1303 2436 non
1323 2403 1467 2437 variant.

1291 2468 1321 2489 1.
1351 2456 1489 2490 Menses.
1518 2457 1813 2504 Frequentissime
1834 2459 1907 2492 haec

1233 2521 1301 2542 vox
1323 2522 1388 2555 pro
1412 2511 1531 2555 epoezIoe,
1556 2510 1670 2556 dapes,
1695 2511 1825 2546 Latinis
1850 2524 1907 2545 su-

1233 2571 1351 2595 mitur.

1290 2628 1322 2649 2.
1337 2616 1467 2648 Possum
1489 2618 1533 2648 sic
1551 2629 1619 2661 ego.
1639 2617 1736 2651 Licet
1759 2630 1908 2663 pauper-

1234 2668 1343 2701 rimus
1359 2677 1392 2701 et
1410 2669 1491 2701 vilia
1511 2668 1627 2702 edens.
