<?xml version="1.0" encoding="UTF-8"?>
<!DOCTYPE html PUBLIC "-//W3C//DTD XHTML 1.0 Transitional//EN"
    "http://www.w3.org/TR/xhtml1/DTD/xhtml1-transitional.dtd">
<html xmlns="http://www.w3.org/1999/xhtml" xml:lang="en" lang="en">
 <head>
  <title>
</title>
<meta http-equiv="Content-Type" content="text/html;charset=utf-8" />
  <meta name='ocr-system' content='tesseract 3.04.00' />
  <meta name='ocr-capabilities' content='ocr_page ocr_carea ocr_par ocr_line ocrx_word'/>
</head>
<body>
  <div class='ocr_page' id='page_1' title='image "./epigrammata02martuoft/epigrammata02martuoft_0051.png"; bbox 0 0 1978 3305; ppageno 0'>
   <div class='ocr_carea' id='block_1_1' title="bbox 426 221 1272 266">
    <p class='ocr_par' dir='ltr' id='par_1_1' title="bbox 426 221 1272 266">
     <span class='ocr_line' id='line_1_1' title="bbox 426 221 1272 266; baseline -0.002 -1"><span class='ocrx_word' id='word_1_1' title='bbox 426 221 1016 266; x_wconf 84' lang='lat' dir='ltr'><strong>EPIGRAMMATUM</strong></span> <span class='ocrx_word' id='word_1_2' title='bbox 1054 221 1179 264; x_wconf 88' lang='lat' dir='ltr'><strong>LIB.</strong></span> <span class='ocrx_word' id='word_1_3' title='bbox 1218 222 1272 263; x_wconf 90' lang='lat' dir='ltr'>V.</span> 
     </span>
    </p>
   </div>
   <div class='ocr_carea' id='block_1_2' title="bbox 1499 219 1563 283">
    <p class='ocr_par' dir='ltr' id='par_1_2' title="bbox 1499 219 1563 283">
     <span class='ocr_line' id='line_1_2' title="bbox 1499 219 1563 283; baseline 0 0"><span class='ocrx_word' id='word_1_4' title='bbox 1499 219 1563 283; x_wconf 80' lang='lat'>39</span> 
     </span>
    </p>
   </div>
   <div class='ocr_carea' id='block_1_3' title="bbox 358 308 1564 437">
    <p class='ocr_par' dir='ltr' id='par_1_3' title="bbox 358 308 1564 437">
     <span class='ocr_line' id='line_1_3' title="bbox 360 308 1130 370; baseline -0.001 -17"><span class='ocrx_word' id='word_1_5' title='bbox 360 311 543 353; x_wconf 91' lang='lat' dir='ltr'>Hermes</span> <span class='ocrx_word' id='word_1_6' title='bbox 568 308 706 370; x_wconf 84' lang='lat' dir='ltr'>gloria</span> <span class='ocrx_word' id='word_1_7' title='bbox 729 311 885 355; x_wconf 86' lang='lat' dir='ltr'>Martis</span> <span class='ocrx_word' id='word_1_8' title='bbox 907 309 1100 353; x_wconf 89' lang='lat' dir='ltr'>universi</span> <span class='ocrx_word' id='word_1_9' title='bbox 1122 326 1130 352; x_wconf 91' lang='lat'>:</span> 
     </span>
     <span class='ocr_line' id='line_1_4' title="bbox 358 379 1564 437; baseline -0.002 -14"><span class='ocrx_word' id='word_1_10' title='bbox 358 381 714 424; x_wconf 86' lang='lat' dir='ltr'>Hermesomnia</span> <span class='ocrx_word' id='word_1_11' title='bbox 736 379 873 437; x_wconf 85' lang='lat' dir='ltr'>solus,</span> <span class='ocrx_word' id='word_1_12' title='bbox 894 389 938 424; x_wconf 89' lang='lat' dir='ltr'>et</span> <span class='ocrx_word' id='word_1_13' title='bbox 959 389 1026 424; x_wconf 88' lang='lat' dir='ltr'>ter</span> <span class='ocrx_word' id='word_1_14' title='bbox 1046 395 1172 423; x_wconf 90' lang='lat' dir='ltr'>unus.</span> <span class='ocrx_word' id='word_1_15' title='bbox 1534 399 1564 423; x_wconf 71' lang='lat'>,⁵</span> 
     </span>
    </p>
   </div>
   <div class='ocr_carea' id='block_1_4' title="bbox 145 516 829 1462">
    <p class='ocr_par' dir='ltr' id='par_1_4' title="bbox 145 516 829 1462">
     <span class='ocr_line' id='line_1_5' title="bbox 147 516 828 563; baseline 0.004 -14"><span class='ocrx_word' id='word_1_16' title='bbox 147 527 342 563; x_wconf 84' lang='lat' dir='ltr'><strong>pugnacem</strong></span> <span class='ocrx_word' id='word_1_17' title='bbox 369 516 452 551; x_wconf 84' lang='lat' dir='ltr'>facit</span> <span class='ocrx_word' id='word_1_18' title='bbox 473 529 482 550; x_wconf 93' lang='lat'>:</span> <span class='ocrx_word' id='word_1_19' title='bbox 505 516 591 563; x_wconf 87' lang='lat' dir='ltr'>quid</span> <span class='ocrx_word' id='word_1_20' title='bbox 616 517 710 551; x_wconf 91' lang='lat' dir='ltr'>enim</span> <span class='ocrx_word' id='word_1_21' title='bbox 732 517 828 552; x_wconf 90' lang='lat' dir='ltr'>aliud</span> 
     </span>
     <span class='ocr_line' id='line_1_6' title="bbox 148 567 828 615; baseline 0.003 -13"><span class='ocrx_word' id='word_1_22' title='bbox 148 569 194 603; x_wconf 92' lang='lat' dir='ltr'>sit</span> <span class='ocrx_word' id='word_1_23' title='bbox 215 567 380 614; x_wconf 88' lang='lat' dir='ltr'>languida</span> <span class='ocrx_word' id='word_1_24' title='bbox 402 569 460 603; x_wconf 84' lang='lat' dir='ltr'>illa</span> <span class='ocrx_word' id='word_1_25' title='bbox 482 570 603 611; x_wconf 89' lang='lat' dir='ltr'>cassis,</span> <span class='ocrx_word' id='word_1_26' title='bbox 623 583 731 615; x_wconf 90' lang='lat' dir='ltr'>quam</span> <span class='ocrx_word' id='word_1_27' title='bbox 751 570 828 604; x_wconf 85' lang='lat' dir='ltr'>haec</span> 
     </span>
     <span class='ocr_line' id='line_1_7' title="bbox 148 621 828 668; baseline -0.001 -12"><span class='ocrx_word' id='word_1_28' title='bbox 148 634 225 667; x_wconf 83' lang='lat' dir='ltr'>quae</span> <span class='ocrx_word' id='word_1_29' title='bbox 250 622 410 656; x_wconf 80' lang='lat' dir='ltr'>tenebras</span> <span class='ocrx_word' id='word_1_30' title='bbox 430 630 466 656; x_wconf 88' lang='lat' dir='ltr'>et</span> <span class='ocrx_word' id='word_1_31' title='bbox 486 621 685 667; x_wconf 83' lang='lat' dir='ltr'>languidam</span> <span class='ocrx_word' id='word_1_32' title='bbox 707 623 828 668; x_wconf 86' lang='lat' dir='ltr'>ealigi-</span> 
     </span>
     <span class='ocr_line' id='line_1_8' title="bbox 146 673 826 721; baseline 0 -13"><span class='ocrx_word' id='word_1_33' title='bbox 146 686 230 709; x_wconf 87' lang='lat' dir='ltr'>nem</span> <span class='ocrx_word' id='word_1_34' title='bbox 248 673 404 714; x_wconf 87' lang='lat' dir='ltr'><strong>inducit,</strong></span> <span class='ocrx_word' id='word_1_35' title='bbox 427 687 495 720; x_wconf 85' lang='lat' dir='ltr'>qua</span> <span class='ocrx_word' id='word_1_36' title='bbox 515 687 642 721; x_wconf 86' lang='lat' dir='ltr'>nempe</span> <span class='ocrx_word' id='word_1_37' title='bbox 661 676 826 720; x_wconf 88' lang='lat' dir='ltr'>tegeban-</span> 
     </span>
     <span class='ocr_line' id='line_1_9' title="bbox 148 726 828 772; baseline 0.001 -12"><span class='ocrx_word' id='word_1_38' title='bbox 148 735 208 761; x_wconf 85' lang='lat' dir='ltr'>tur</span> <span class='ocrx_word' id='word_1_39' title='bbox 222 726 436 772; x_wconf 71' lang='lat' dir='ltr'>Andabatae‚</span> <span class='ocrx_word' id='word_1_40' title='bbox 455 727 518 772; x_wconf 87' lang='lat' dir='ltr'>qui</span> <span class='ocrx_word' id='word_1_41' title='bbox 537 739 709 762; x_wconf 83' lang='lat' dir='ltr'>caecorum</span> <span class='ocrx_word' id='word_1_42' title='bbox 729 740 828 761; x_wconf 88' lang='lat' dir='ltr'>more</span> 
     </span>
     <span class='ocr_line' id='line_1_10' title="bbox 147 779 825 826; baseline 0.001 -13"><span class='ocrx_word' id='word_1_43' title='bbox 147 779 374 826; x_wconf 86' lang='lat' dir='ltr'>pugnabant?</span> <span class='ocrx_word' id='word_1_44' title='bbox 392 780 449 813; x_wconf 89' lang='lat' dir='ltr'>Sic</span> <span class='ocrx_word' id='word_1_45' title='bbox 465 780 618 825; x_wconf 87' lang='lat' dir='ltr'><strong>Lipsius.</strong></span> <span class='ocrx_word' id='word_1_46' title='bbox 635 801 687 808; x_wconf 88' lang='lat'>·—</span> <span class='ocrx_word' id='word_1_47' title='bbox 704 779 825 814; x_wconf 84' lang='lat' dir='ltr'>Anda·</span> 
     </span>
     <span class='ocr_line' id='line_1_11' title="bbox 146 832 827 878; baseline 0.001 -13"><span class='ocrx_word' id='word_1_48' title='bbox 146 832 238 866; x_wconf 83' lang='lat' dir='ltr'>batae</span> <span class='ocrx_word' id='word_1_49' title='bbox 271 832 474 878; x_wconf 84' lang='lat' dir='ltr'>pugnabant</span> <span class='ocrx_word' id='word_1_50' title='bbox 507 845 548 866; x_wconf 87' lang='lat' dir='ltr'>ex</span> <span class='ocrx_word' id='word_1_51' title='bbox 575 833 699 878; x_wconf 88' lang='lat' dir='ltr'>equis,</span> <span class='ocrx_word' id='word_1_52' title='bbox 730 832 827 867; x_wconf 90' lang='lat' dir='ltr'>unde</span> 
     </span>
     <span class='ocr_line' id='line_1_12' title="bbox 147 883 828 931; baseline 0.001 -13"><span class='ocrx_word' id='word_1_53' title='bbox 147 883 234 919; x_wconf 88' lang='lat' dir='ltr'>dicti</span> <span class='ocrx_word' id='word_1_54' title='bbox 253 883 436 924; x_wconf 67' lang='grc' dir='ltr'>ἀναῧοίται,</span> <span class='ocrx_word' id='word_1_55' title='bbox 459 884 497 918; x_wconf 90' lang='lat' dir='ltr'>id</span> <span class='ocrx_word' id='word_1_56' title='bbox 513 893 564 919; x_wconf 87' lang='lat' dir='ltr'>est</span> <span class='ocrx_word' id='word_1_57' title='bbox 577 911 587 927; x_wconf 96' lang='lat'>,</span> <span class='ocrx_word' id='word_1_58' title='bbox 605 897 804 920; x_wconf 87' lang='lat' dir='ltr'>ascensores</span> <span class='ocrx_word' id='word_1_59' title='bbox 817 911 828 931; x_wconf 74' lang='lat'>‚</span> 
     </span>
     <span class='ocr_line' id='line_1_13' title="bbox 147 937 826 985; baseline 0 -14"><span class='ocrx_word' id='word_1_60' title='bbox 147 945 184 971; x_wconf 89' lang='lat' dir='ltr'>et</span> <span class='ocrx_word' id='word_1_61' title='bbox 199 937 300 971; x_wconf 90' lang='lat' dir='ltr'>litera</span> <span class='ocrx_word' id='word_1_62' title='bbox 311 937 336 970; x_wconf 85' lang='lat' dir='ltr'>d</span> <span class='ocrx_word' id='word_1_63' title='bbox 348 937 387 971; x_wconf 88' lang='lat' dir='ltr'>in</span> <span class='ocrx_word' id='word_1_64' title='bbox 399 937 506 971; x_wconf 89' lang='lat' dir='ltr'>latina</span> <span class='ocrx_word' id='word_1_65' title='bbox 518 951 603 972; x_wconf 85' lang='lat' dir='ltr'>voce</span> <span class='ocrx_word' id='word_1_66' title='bbox 623 939 802 985; x_wconf 83' lang='lat' dir='ltr'>interjecta</span> <span class='ocrx_word' id='word_1_67' title='bbox 815 963 826 980; x_wconf 88' lang='lat'>‚</span> 
     </span>
     <span class='ocr_line' id='line_1_14' title="bbox 145 989 828 1025; baseline 0.003 -2"><span class='ocrx_word' id='word_1_68' title='bbox 145 989 339 1024; x_wconf 85' lang='lat' dir='ltr'>Andabatae</span> <span class='ocrx_word' id='word_1_69' title='bbox 363 998 399 1024; x_wconf 90' lang='lat' dir='ltr'>et</span> <span class='ocrx_word' id='word_1_70' title='bbox 424 989 507 1024; x_wconf 79' lang='lat' dir='ltr'>inde</span> <span class='ocrx_word' id='word_1_71' title='bbox 529 990 696 1025; x_wconf 84' lang='lat' dir='ltr'>titubanti</span> <span class='ocrx_word' id='word_1_72' title='bbox 718 999 753 1025; x_wconf 91' lang='lat' dir='ltr'>et</span> <span class='ocrx_word' id='word_1_73' title='bbox 773 991 828 1024; x_wconf 87' lang='lat' dir='ltr'>in·</span> 
     </span>
     <span class='ocr_line' id='line_1_15' title="bbox 147 1042 828 1089; baseline 0.001 -12"><span class='ocrx_word' id='word_1_74' title='bbox 147 1051 246 1077; x_wconf 88' lang='lat' dir='ltr'>certo</span> <span class='ocrx_word' id='word_1_75' title='bbox 258 1042 370 1089; x_wconf 87' lang='lat' dir='ltr'>gradu</span> <span class='ocrx_word' id='word_1_76' title='bbox 384 1043 454 1077; x_wconf 85' lang='lat' dir='ltr'>huc</span> <span class='ocrx_word' id='word_1_77' title='bbox 470 1044 556 1077; x_wconf 89' lang='lat' dir='ltr'>illuc</span> <span class='ocrx_word' id='word_1_78' title='bbox 572 1052 702 1078; x_wconf 89' lang='lat' dir='ltr'>temere</span> <span class='ocrx_word' id='word_1_79' title='bbox 718 1044 828 1086; x_wconf 84' lang='lat' dir='ltr'>ibant,</span> 
     </span>
     <span class='ocr_line' id='line_1_16' title="bbox 146 1094 828 1141; baseline 0.001 -12"><span class='ocrx_word' id='word_1_80' title='bbox 146 1094 235 1129; x_wconf 87' lang='lat' dir='ltr'>dum</span> <span class='ocrx_word' id='word_1_81' title='bbox 256 1096 354 1141; x_wconf 84' lang='lat' dir='ltr'>galea</span> <span class='ocrx_word' id='word_1_82' title='bbox 372 1096 477 1130; x_wconf 84' lang='lat' dir='ltr'>etiam</span> <span class='ocrx_word' id='word_1_83' title='bbox 495 1104 638 1132; x_wconf 88' lang='lat' dir='ltr'>nutaret</span> <span class='ocrx_word' id='word_1_84' title='bbox 659 1097 705 1130; x_wconf 89' lang='lat' dir='ltr'>ob</span> <span class='ocrx_word' id='word_1_85' title='bbox 722 1097 828 1132; x_wconf 86' lang='lat' dir='ltr'>vacil-</span> 
     </span>
     <span class='ocr_line' id='line_1_17' title="bbox 145 1148 829 1195; baseline 0.003 -13"><span class='ocrx_word' id='word_1_86' title='bbox 145 1148 315 1184; x_wconf 76' lang='lat' dir='ltr'>lationem</span> <span class='ocrx_word' id='word_1_87' title='bbox 346 1150 516 1195; x_wconf 87' lang='lat' dir='ltr'>corporis.</span> <span class='ocrx_word' id='word_1_88' title='bbox 548 1150 654 1184; x_wconf 87' lang='lat' dir='ltr'>Forte</span> <span class='ocrx_word' id='word_1_89' title='bbox 683 1150 829 1184; x_wconf 88' lang='lat' dir='ltr'>Hermes</span> 
     </span>
     <span class='ocr_line' id='line_1_18' title="bbox 146 1200 828 1247; baseline 0.001 -12"><span class='ocrx_word' id='word_1_90' title='bbox 146 1213 211 1247; x_wconf 80' lang='lat' dir='ltr'>per</span> <span class='ocrx_word' id='word_1_91' title='bbox 238 1200 404 1236; x_wconf 85' lang='lat' dir='ltr'>audacem</span> <span class='ocrx_word' id='word_1_92' title='bbox 429 1202 632 1247; x_wconf 37' lang='lat' dir='ltr'>jacta-utiam</span> <span class='ocrx_word' id='word_1_93' title='bbox 659 1202 828 1236; x_wconf 87' lang='lat' dir='ltr'>cassidem</span> 
     </span>
     <span class='ocr_line' id='line_1_19' title="bbox 146 1254 827 1290; baseline 0.003 -3"><span class='ocrx_word' id='word_1_94' title='bbox 146 1255 237 1288; x_wconf 89' lang='lat' dir='ltr'>male</span> <span class='ocrx_word' id='word_1_95' title='bbox 249 1254 425 1288; x_wconf 84' lang='lat' dir='ltr'>firmabat.</span> <span class='ocrx_word' id='word_1_96' title='bbox 443 1256 511 1288; x_wconf 86' lang='lat' dir='ltr'>En.</span> <span class='ocrx_word' id='word_1_97' title='bbox 528 1254 596 1289; x_wconf 87' lang='lat' dir='ltr'>Sed</span> <span class='ocrx_word' id='word_1_98' title='bbox 615 1256 707 1289; x_wconf 87' lang='lat' dir='ltr'>forte</span> <span class='ocrx_word' id='word_1_99' title='bbox 723 1256 827 1290; x_wconf 88' lang='lat' dir='ltr'>intel-</span> 
     </span>
     <span class='ocr_line' id='line_1_20' title="bbox 146 1307 828 1353; baseline 0.003 -13"><span class='ocrx_word' id='word_1_100' title='bbox 146 1307 225 1353; x_wconf 86' lang='lat' dir='ltr'>ligit</span> <span class='ocrx_word' id='word_1_101' title='bbox 251 1315 355 1352; x_wconf 87' lang='lat' dir='ltr'>poeta</span> <span class='ocrx_word' id='word_1_102' title='bbox 377 1307 577 1341; x_wconf 78' lang='lat' dir='ltr'>Hermetem</span> <span class='ocrx_word' id='word_1_103' title='bbox 599 1309 702 1343; x_wconf 89' lang='lat' dir='ltr'>fuisse</span> <span class='ocrx_word' id='word_1_104' title='bbox 724 1309 828 1342; x_wconf 92' lang='lat' dir='ltr'>etiam</span> 
     </span>
     <span class='ocr_line' id='line_1_21' title="bbox 148 1360 828 1407; baseline 0.004 -15"><span class='ocrx_word' id='word_1_105' title='bbox 148 1360 326 1405; x_wconf 88' lang='lat' dir='ltr'>egregium</span> <span class='ocrx_word' id='word_1_106' title='bbox 353 1360 630 1406; x_wconf 71' lang='lat' dir='ltr'>Myrmillonem.</span> <span class='ocrx_word' id='word_1_107' title='bbox 659 1363 701 1395; x_wconf 79' lang='lat' dir='ltr'>In</span> <span class='ocrx_word' id='word_1_108' title='bbox 728 1362 828 1407; x_wconf 76' lang='lat' dir='ltr'>Myr-</span> 
     </span>
     <span class='ocr_line' id='line_1_22' title="bbox 148 1412 826 1462; baseline 0.003 -16"><span class='ocrx_word' id='word_1_109' title='bbox 148 1412 302 1446; x_wconf 86' lang='lat' dir='ltr'>millonis</span> <span class='ocrx_word' id='word_1_110' title='bbox 332 1414 427 1459; x_wconf 82' lang='lat' dir='ltr'>galea</span> <span class='ocrx_word' id='word_1_111' title='bbox 454 1414 570 1459; x_wconf 89' lang='lat' dir='ltr'>pictus</span> <span class='ocrx_word' id='word_1_112' title='bbox 598 1423 672 1449; x_wconf 87' lang='lat' dir='ltr'>erat</span> <span class='ocrx_word' id='word_1_113' title='bbox 699 1414 826 1462; x_wconf 87' lang='lat' dir='ltr'>piscis;</span> 
     </span>
    </p>
   </div>
   <div class='ocr_carea' id='block_1_5' title="bbox 884 516 1569 1461">
    <p class='ocr_par' dir='ltr' id='par_1_5' title="bbox 884 516 1569 1461">
     <span class='ocr_line' id='line_1_23' title="bbox 885 516 1566 563; baseline 0 -12"><span class='ocrx_word' id='word_1_114' title='bbox 885 516 999 559; x_wconf 87' lang='lat' dir='ltr'>unde,</span> <span class='ocrx_word' id='word_1_115' title='bbox 1016 529 1125 563; x_wconf 90' lang='lat' dir='ltr'>quum</span> <span class='ocrx_word' id='word_1_116' title='bbox 1147 516 1321 550; x_wconf 81' lang='lat' dir='ltr'>Retiarius</span> <span class='ocrx_word' id='word_1_117' title='bbox 1341 524 1429 550; x_wconf 88' lang='lat' dir='ltr'>esset</span> <span class='ocrx_word' id='word_1_118' title='bbox 1448 517 1566 551; x_wconf 85' lang='lat' dir='ltr'>vibra·</span> 
     </span>
     <span class='ocr_line' id='line_1_24' title="bbox 886 569 1568 615; baseline -0.001 -11"><span class='ocrx_word' id='word_1_119' title='bbox 886 578 983 604; x_wconf 88' lang='lat' dir='ltr'>turus</span> <span class='ocrx_word' id='word_1_120' title='bbox 992 570 1094 612; x_wconf 89' lang='lat' dir='ltr'>retia,</span> <span class='ocrx_word' id='word_1_121' title='bbox 1105 569 1230 611; x_wconf 85' lang='lat' dir='ltr'>aiebat,</span> <span class='ocrx_word' id='word_1_122' title='bbox 1245 569 1348 603; x_wconf 70' lang='lat' dir='ltr'>«Non</span> <span class='ocrx_word' id='word_1_123' title='bbox 1363 577 1396 603; x_wconf 91' lang='lat' dir='ltr'>te</span> <span class='ocrx_word' id='word_1_124' title='bbox 1405 577 1500 615; x_wconf 91' lang='lat' dir='ltr'>peto,</span> <span class='ocrx_word' id='word_1_125' title='bbox 1515 570 1568 615; x_wconf 82' lang='lat' dir='ltr'>pi-</span> 
     </span>
     <span class='ocr_line' id='line_1_25' title="bbox 886 622 1566 668; baseline 0 -12"><span class='ocrx_word' id='word_1_126' title='bbox 886 635 977 656; x_wconf 92' lang='lat' dir='ltr'>scem</span> <span class='ocrx_word' id='word_1_127' title='bbox 986 631 1081 668; x_wconf 88' lang='lat' dir='ltr'>peto.</span> <span class='ocrx_word' id='word_1_128' title='bbox 1091 622 1216 656; x_wconf 71' lang='lat' dir='ltr'>»Hunc</span> <span class='ocrx_word' id='word_1_129' title='bbox 1233 629 1349 655; x_wconf 82' lang='lat' dir='ltr'>autem</span> <span class='ocrx_word' id='word_1_130' title='bbox 1363 634 1503 656; x_wconf 79' lang='lat' dir='ltr'>versum</span> <span class='ocrx_word' id='word_1_131' title='bbox 1517 623 1566 656; x_wconf 79' lang='lat' dir='ltr'>ita</span> 
     </span>
     <span class='ocr_line' id='line_1_26' title="bbox 885 675 1566 721; baseline 0 -12"><span class='ocrx_word' id='word_1_132' title='bbox 885 675 1023 721; x_wconf 86' lang='lat' dir='ltr'>explico</span> <span class='ocrx_word' id='word_1_133' title='bbox 1034 700 1044 716; x_wconf 91' lang='lat'><strong>,</strong></span> <span class='ocrx_word' id='word_1_134' title='bbox 1074 687 1202 720; x_wconf 88' lang='lat' dir='ltr'>nempe</span> <span class='ocrx_word' id='word_1_135' title='bbox 1229 675 1434 708; x_wconf 87' lang='lat' dir='ltr'>Hermetem</span> <span class='ocrx_word' id='word_1_136' title='bbox 1461 675 1566 709; x_wconf 88' lang='lat' dir='ltr'>fuisse</span> 
     </span>
     <span class='ocr_line' id='line_1_27' title="bbox 885 726 1567 774; baseline -0.001 -12"><span class='ocrx_word' id='word_1_137' title='bbox 885 726 1215 769; x_wconf 88' lang='lat' dir='ltr'>tremendum,licet</span> <span class='ocrx_word' id='word_1_138' title='bbox 1225 727 1320 773; x_wconf 85' lang='lat' dir='ltr'>galea</span> <span class='ocrx_word' id='word_1_139' title='bbox 1330 728 1406 774; x_wconf 89' lang='lat' dir='ltr'>ejus</span> <span class='ocrx_word' id='word_1_140' title='bbox 1416 736 1503 762; x_wconf 91' lang='lat' dir='ltr'>esset</span> <span class='ocrx_word' id='word_1_141' title='bbox 1513 740 1567 761; x_wconf 83' lang='lat' dir='ltr'>re-</span> 
     </span>
     <span class='ocr_line' id='line_1_28' title="bbox 884 779 1569 825; baseline 0 -12"><span class='ocrx_word' id='word_1_142' title='bbox 884 780 987 814; x_wconf 84' lang='lat' dir='ltr'>missa</span> <span class='ocrx_word' id='word_1_143' title='bbox 1001 788 1035 813; x_wconf 88' lang='lat' dir='ltr'>et</span> <span class='ocrx_word' id='word_1_144' title='bbox 1047 779 1156 814; x_wconf 80' lang='lat' dir='ltr'>veluti</span> <span class='ocrx_word' id='word_1_145' title='bbox 1169 780 1323 825; x_wconf 84' lang='lat' dir='ltr'>neglecta</span> <span class='ocrx_word' id='word_1_146' title='bbox 1337 806 1346 821; x_wconf 88' lang='lat'><em>‚</em></span> <span class='ocrx_word' id='word_1_147' title='bbox 1359 781 1382 814; x_wconf 91' lang='lat' dir='ltr'>i.</span> <span class='ocrx_word' id='word_1_148' title='bbox 1394 793 1426 814; x_wconf 91' lang='lat' dir='ltr'>e.</span> <span class='ocrx_word' id='word_1_149' title='bbox 1442 781 1569 825; x_wconf 75' lang='lat' dir='ltr'>langui-</span> 
     </span>
     <span class='ocr_line' id='line_1_29' title="bbox 885 831 1568 880; baseline 0 -14"><span class='ocrx_word' id='word_1_150' title='bbox 885 833 927 866; x_wconf 85' lang='lat' dir='ltr'>da</span> <span class='ocrx_word' id='word_1_151' title='bbox 940 860 950 874; x_wconf 86' lang='lat'>‚</span> <span class='ocrx_word' id='word_1_152' title='bbox 971 831 1085 880; x_wconf 56' lang='lat' dir='ltr'>⁴quum</span> <span class='ocrx_word' id='word_1_153' title='bbox 1104 840 1220 878; x_wconf 87' lang='lat' dir='ltr'>ageret</span> <span class='ocrx_word' id='word_1_154' title='bbox 1235 841 1350 878; x_wconf 86' lang='lat' dir='ltr'>partes</span> <span class='ocrx_word' id='word_1_155' title='bbox 1366 833 1568 878; x_wconf 77' lang='lat' dir='ltr'>Myrmillo—</span> 
     </span>
     <span class='ocr_line' id='line_1_30' title="bbox 885 885 1568 932; baseline 0.001 -13"><span class='ocrx_word' id='word_1_156' title='bbox 885 886 952 919; x_wconf 88' lang='lat' dir='ltr'>nis.</span> <span class='ocrx_word' id='word_1_157' title='bbox 960 886 1054 932; x_wconf 89' lang='lat' dir='ltr'>Ergo</span> <span class='ocrx_word' id='word_1_158' title='bbox 1069 893 1142 919; x_wconf 88' lang='lat' dir='ltr'>erat</span> <span class='ocrx_word' id='word_1_159' title='bbox 1155 885 1272 918; x_wconf 77' lang='lat' dir='ltr'>minax</span> <span class='ocrx_word' id='word_1_160' title='bbox 1283 897 1397 931; x_wconf 88' lang='lat' dir='ltr'>quum</span> <span class='ocrx_word' id='word_1_161' title='bbox 1408 895 1568 920; x_wconf 79' lang='lat' dir='ltr'>moveret</span> 
     </span>
     <span class='ocr_line' id='line_1_31' title="bbox 884 938 1568 984; baseline 0 -12"><span class='ocrx_word' id='word_1_162' title='bbox 884 938 1020 973; x_wconf 85' lang='lat' dir='ltr'>hastam</span> <span class='ocrx_word' id='word_1_163' title='bbox 1033 963 1043 979; x_wconf 84' lang='lat'><strong>‚</strong></span> <span class='ocrx_word' id='word_1_164' title='bbox 1070 950 1179 984; x_wconf 87' lang='lat' dir='ltr'>quum</span> <span class='ocrx_word' id='word_1_165' title='bbox 1204 946 1292 972; x_wconf 87' lang='lat' dir='ltr'>esset</span> <span class='ocrx_word' id='word_1_166' title='bbox 1316 939 1489 972; x_wconf 88' lang='lat' dir='ltr'>Retiarius</span> <span class='ocrx_word' id='word_1_167' title='bbox 1502 964 1510 980; x_wconf 94' lang='lat'>,</span> <span class='ocrx_word' id='word_1_168' title='bbox 1534 948 1568 973; x_wconf 90' lang='lat' dir='ltr'>et</span> 
     </span>
     <span class='ocr_line' id='line_1_32' title="bbox 885 990 1566 1037; baseline 0.001 -13"><span class='ocrx_word' id='word_1_169' title='bbox 885 990 1077 1037; x_wconf 87' lang='lat' dir='ltr'>aliquando</span> <span class='ocrx_word' id='word_1_170' title='bbox 1104 991 1299 1037; x_wconf 68' lang='lat' dir='ltr'>Myrmillo.</span> <span class='ocrx_word' id='word_1_171' title='bbox 1321 991 1445 1037; x_wconf 83' lang='lat' dir='ltr'>Itaque</span> <span class='ocrx_word' id='word_1_172' title='bbox 1472 992 1566 1025; x_wconf 90' lang='lat' dir='ltr'>solus</span> 
     </span>
     <span class='ocr_line' id='line_1_33' title="bbox 886 1043 1566 1089; baseline 0.003 -12"><span class='ocrx_word' id='word_1_173' title='bbox 886 1045 1007 1078; x_wconf 90' lang='lat' dir='ltr'>obibat</span> <span class='ocrx_word' id='word_1_174' title='bbox 1036 1044 1153 1077; x_wconf 88' lang='lat' dir='ltr'>officia</span> <span class='ocrx_word' id='word_1_175' title='bbox 1185 1044 1293 1078; x_wconf 88' lang='lat' dir='ltr'>trium</span> <span class='ocrx_word' id='word_1_176' title='bbox 1321 1043 1566 1089; x_wconf 81' lang='lat' dir='ltr'>gladiatorum.</span> 
     </span>
     <span class='ocr_line' id='line_1_34' title="bbox 886 1096 1566 1142; baseline 0.001 -12"><span class='ocrx_word' id='word_1_177' title='bbox 886 1097 980 1131; x_wconf 88' lang='lat' dir='ltr'>Hinc</span> <span class='ocrx_word' id='word_1_178' title='bbox 1007 1097 1119 1142; x_wconf 91' lang='lat' dir='ltr'>liquet</span> <span class='ocrx_word' id='word_1_179' title='bbox 1146 1109 1266 1130; x_wconf 90' lang='lat' dir='ltr'>sensus</span> <span class='ocrx_word' id='word_1_180' title='bbox 1292 1096 1407 1129; x_wconf 86' lang='lat' dir='ltr'>ultimi</span> <span class='ocrx_word' id='word_1_181' title='bbox 1434 1109 1566 1131; x_wconf 85' lang='lat' dir='ltr'>versus.</span> 
     </span>
     <span class='ocr_line' id='line_1_35' title="bbox 945 1149 1566 1195; baseline 0.002 -13"><span class='ocrx_word' id='word_1_182' title='bbox 945 1162 958 1182; x_wconf 88' lang='lat'>1</span> <span class='ocrx_word' id='word_1_183' title='bbox 970 1150 987 1184; x_wconf 88' lang='lat'>5</span> <span class='ocrx_word' id='word_1_184' title='bbox 995 1177 1002 1183; x_wconf 96' lang='lat'>.</span> <span class='ocrx_word' id='word_1_185' title='bbox 1010 1150 1128 1183; x_wconf 76' lang='lat' dir='ltr'>Omnia</span> <span class='ocrx_word' id='word_1_186' title='bbox 1136 1150 1221 1182; x_wconf 76' lang='lat' dir='ltr'>solu-5</span> <span class='ocrx_word' id='word_1_187' title='bbox 1232 1174 1242 1190; x_wconf 88' lang='lat'>‚</span> <span class='ocrx_word' id='word_1_188' title='bbox 1258 1157 1324 1183; x_wconf 89' lang='lat' dir='ltr'>etc.</span> <span class='ocrx_word' id='word_1_189' title='bbox 1335 1149 1479 1195; x_wconf 82' lang='lat' dir='ltr'>Colligit</span> <span class='ocrx_word' id='word_1_190' title='bbox 1490 1162 1566 1195; x_wconf 84' lang='lat' dir='ltr'>quae</span> 
     </span>
     <span class='ocr_line' id='line_1_36' title="bbox 887 1201 1565 1244; baseline 0 -9"><span class='ocrx_word' id='word_1_191' title='bbox 887 1202 1023 1236; x_wconf 79' lang='lat' dir='ltr'>dixerat</span> <span class='ocrx_word' id='word_1_192' title='bbox 1041 1201 1085 1236; x_wconf 89' lang='lat' dir='ltr'>de</span> <span class='ocrx_word' id='word_1_193' title='bbox 1099 1202 1264 1236; x_wconf 88' lang='lat' dir='ltr'>Hermete</span> <span class='ocrx_word' id='word_1_194' title='bbox 1279 1228 1288 1244; x_wconf 95' lang='lat'>,</span> <span class='ocrx_word' id='word_1_195' title='bbox 1303 1202 1460 1236; x_wconf 81' lang='lat' dir='ltr'>versibus</span> <span class='ocrx_word' id='word_1_196' title='bbox 1479 1215 1512 1243; x_wconf 92' lang='lat'>1,</span> <span class='ocrx_word' id='word_1_197' title='bbox 1531 1207 1565 1243; x_wconf 70' lang='grc'>4,</span> 
     </span>
     <span class='ocr_line' id='line_1_37' title="bbox 891 1255 1567 1301; baseline -0.001 -12"><span class='ocrx_word' id='word_1_198' title='bbox 891 1256 924 1297; x_wconf 88' lang='lat'>5,</span> <span class='ocrx_word' id='word_1_199' title='bbox 944 1268 978 1301; x_wconf 82' lang='lat'>7,</span> <span class='ocrx_word' id='word_1_200' title='bbox 1000 1268 1059 1296; x_wconf 92' lang='lat'>10,</span> <span class='ocrx_word' id='word_1_201' title='bbox 1078 1268 1091 1289; x_wconf 92' lang='lat'>1</span> <span class='ocrx_word' id='word_1_202' title='bbox 1105 1268 1137 1297; x_wconf 86' lang='lat'>1,</span> <span class='ocrx_word' id='word_1_203' title='bbox 1157 1267 1215 1297; x_wconf 81' lang='lat'>12,</span> <span class='ocrx_word' id='word_1_204' title='bbox 1232 1263 1267 1288; x_wconf 89' lang='lat' dir='ltr'>et</span> <span class='ocrx_word' id='word_1_205' title='bbox 1282 1263 1398 1300; x_wconf 88' lang='lat' dir='ltr'>potest</span> <span class='ocrx_word' id='word_1_206' title='bbox 1413 1255 1567 1289; x_wconf 83' lang='lat' dir='ltr'>allusisse</span> 
     </span>
     <span class='ocr_line' id='line_1_38' title="bbox 887 1307 1566 1353; baseline 0.001 -12"><span class='ocrx_word' id='word_1_207' title='bbox 887 1307 931 1341; x_wconf 89' lang='lat' dir='ltr'>ad</span> <span class='ocrx_word' id='word_1_208' title='bbox 947 1308 1151 1342; x_wconf 88' lang='lat' dir='ltr'>Hermetem</span> <span class='ocrx_word' id='word_1_209' title='bbox 1169 1307 1451 1353; x_wconf 87' lang='lat' dir='ltr'>Trismegistum‚</span> <span class='ocrx_word' id='word_1_210' title='bbox 1466 1309 1566 1352; x_wconf 89' lang='lat' dir='ltr'>cujus</span> 
     </span>
     <span class='ocr_line' id='line_1_39' title="bbox 888 1360 1567 1406; baseline -0.001 -12"><span class='ocrx_word' id='word_1_211' title='bbox 888 1373 1059 1395; x_wconf 90' lang='lat' dir='ltr'>summam</span> <span class='ocrx_word' id='word_1_212' title='bbox 1075 1361 1255 1394; x_wconf 85' lang='lat' dir='ltr'>scientiam</span> <span class='ocrx_word' id='word_1_213' title='bbox 1270 1361 1306 1393; x_wconf 87' lang='lat' dir='ltr'>in</span> <span class='ocrx_word' id='word_1_214' title='bbox 1321 1360 1546 1406; x_wconf 87' lang='lat' dir='ltr'>philosophia</span> <span class='ocrx_word' id='word_1_215' title='bbox 1559 1388 1567 1402; x_wconf 75' lang='lat'>,</span> 
     </span>
     <span class='ocr_line' id='line_1_40' title="bbox 888 1413 1459 1461; baseline -0.002 -13"><span class='ocrx_word' id='word_1_216' title='bbox 888 1423 999 1461; x_wconf 83' lang='lat' dir='ltr'>aequat</span> <span class='ocrx_word' id='word_1_217' title='bbox 1018 1413 1122 1459; x_wconf 87' lang='lat' dir='ltr'>hujus</span> <span class='ocrx_word' id='word_1_218' title='bbox 1141 1413 1274 1459; x_wconf 84' lang='lat' dir='ltr'>peritiae</span> <span class='ocrx_word' id='word_1_219' title='bbox 1288 1413 1325 1447; x_wconf 86' lang='lat' dir='ltr'>in</span> <span class='ocrx_word' id='word_1_220' title='bbox 1344 1425 1459 1447; x_wconf 83' lang='lat' dir='ltr'>arena.</span> 
     </span>
    </p>
   </div>
   <div class='ocr_carea' id='block_1_6' title="bbox 758 1565 959 1622">
    <p class='ocr_par' dir='ltr' id='par_1_6' title="bbox 758 1565 959 1622">
     <span class='ocr_line' id='line_1_41' title="bbox 758 1565 959 1622; baseline 0.01 -2"><span class='ocrx_word' id='word_1_221' title='bbox 758 1565 959 1622; x_wconf 87' lang='lat' dir='ltr'>XXV.</span> 
     </span>
    </p>
   </div>
   <div class='ocr_carea' id='block_1_7' title="bbox 585 1705 1125 1753">
    <p class='ocr_par' dir='ltr' id='par_1_7' title="bbox 585 1705 1125 1753">
     <span class='ocr_line' id='line_1_42' title="bbox 585 1705 1125 1753; baseline 0 -1"><span class='ocrx_word' id='word_1_222' title='bbox 585 1725 649 1752; x_wconf 82' lang='lat' dir='ltr'>DE</span> <span class='ocrx_word' id='word_1_223' title='bbox 683 1725 1091 1753; x_wconf 70' lang='lat' dir='ltr'><strong>CHAERESTRATQ.</strong></span> <span class='ocrx_word' id='word_1_224' title='bbox 1109 1705 1125 1721; x_wconf 67' lang='lat'><em>⁴</em></span> 
     </span>
    </p>
   </div>
   <div class='ocr_carea' id='block_1_8' title="bbox 147 1852 1422 1985">
    <p class='ocr_par' dir='ltr' id='par_1_8' title="bbox 147 1852 1422 1985">
     <span class='ocr_line' id='line_1_43' title="bbox 147 1852 1422 1916; baseline 0.002 -19"><span class='ocrx_word' id='word_1_225' title='bbox 147 1853 535 1910; x_wconf 73' lang='lat' dir='ltr'><strong>QUADRINGENTA</strong></span> <span class='ocrx_word' id='word_1_226' title='bbox 561 1852 638 1896; x_wconf 87' lang='lat' dir='ltr'>tibi</span> <span class='ocrx_word' id='word_1_227' title='bbox 666 1869 756 1897; x_wconf 89' lang='lat' dir='ltr'>non</span> <span class='ocrx_word' id='word_1_228' title='bbox 783 1863 906 1909; x_wconf 79' lang='lat' dir='ltr'>sunt,</span> <span class='ocrx_word' id='word_1_229' title='bbox 928 1854 1243 1908; x_wconf 75' lang='lat' dir='ltr'>Cliaerestrate,</span> <span class='ocrx_word' id='word_1_230' title='bbox 1272 1871 1422 1916; x_wconf 86' lang='lat' dir='ltr'>su1·ge;</span> 
     </span>
     <span class='ocr_line' id='line_1_44' title="bbox 219 1923 1247 1985; baseline -0.001 -17"><span class='ocrx_word' id='word_1_231' title='bbox 219 1923 394 1968; x_wconf 87' lang='lat' dir='ltr'>Lectius</span> <span class='ocrx_word' id='word_1_232' title='bbox 416 1939 517 1967; x_wconf 90' lang='lat' dir='ltr'>ecce</span> <span class='ocrx_word' id='word_1_233' title='bbox 539 1924 657 1967; x_wconf 80' lang='lat' dir='ltr'>venit</span> <span class='ocrx_word' id='word_1_234' title='bbox 682 1941 689 1966; x_wconf 90' lang='lat'>:</span> <span class='ocrx_word' id='word_1_235' title='bbox 717 1933 805 1978; x_wconf 86' lang='lat' dir='ltr'>sta,</span> <span class='ocrx_word' id='word_1_236' title='bbox 831 1924 955 1985; x_wconf 81' lang='lat' dir='ltr'>fuge,</span> <span class='ocrx_word' id='word_1_237' title='bbox 977 1940 1127 1978; x_wconf 80' lang='lat' dir='ltr'>curre,</span> <span class='ocrx_word' id='word_1_238' title='bbox 1151 1923 1247 1967; x_wconf 89' lang='lat' dir='ltr'>late.</span> 
     </span>
    </p>
   </div>
   <div class='ocr_carea' id='block_1_9' title="bbox 146 2068 828 2694">
    <p class='ocr_par' dir='ltr' id='par_1_9' title="bbox 146 2068 825 2472">
     <span class='ocr_line' id='line_1_45' title="bbox 212 2068 824 2116; baseline 0 -13"><span class='ocrx_word' id='word_1_239' title='bbox 212 2068 228 2081; x_wconf 75' lang='lat'>⁴*</span> <span class='ocrx_word' id='word_1_240' title='bbox 239 2069 409 2111; x_wconf 87' lang='lat' dir='ltr'>Queritur</span> <span class='ocrx_word' id='word_1_241' title='bbox 421 2078 523 2115; x_wconf 89' lang='lat' dir='ltr'>poeta</span> <span class='ocrx_word' id='word_1_242' title='bbox 533 2095 542 2111; x_wconf 93' lang='lat'><strong>,</strong></span> <span class='ocrx_word' id='word_1_243' title='bbox 554 2070 692 2115; x_wconf 87' lang='lat' dir='ltr'>equites</span> <span class='ocrx_word' id='word_1_244' title='bbox 701 2082 824 2116; x_wconf 82' lang='lat' dir='ltr'>quam·</span> 
     </span>
     <span class='ocr_line' id='line_1_46' title="bbox 146 2121 825 2169; baseline 0.001 -13"><span class='ocrx_word' id='word_1_245' title='bbox 146 2121 199 2156; x_wconf 81' lang='lat' dir='ltr'>vis</span> <span class='ocrx_word' id='word_1_246' title='bbox 226 2123 388 2169; x_wconf 85' lang='lat' dir='ltr'>equitum</span> <span class='ocrx_word' id='word_1_247' title='bbox 416 2130 493 2156; x_wconf 88' lang='lat' dir='ltr'>satu</span> <span class='ocrx_word' id='word_1_248' title='bbox 522 2135 606 2157; x_wconf 81' lang='lat' dir='ltr'>vero</span> <span class='ocrx_word' id='word_1_249' title='bbox 636 2123 825 2168; x_wconf 85' lang='lat' dir='ltr'>priscoque</span> 
     </span>
     <span class='ocr_line' id='line_1_47' title="bbox 147 2173 825 2221; baseline 0 -12"><span class='ocrx_word' id='word_1_250' title='bbox 147 2173 281 2217; x_wconf 80' lang='lat' dir='ltr'>editos,</span> <span class='ocrx_word' id='word_1_251' title='bbox 308 2175 355 2209; x_wconf 93' lang='lat' dir='ltr'>ob</span> <span class='ocrx_word' id='word_1_252' title='bbox 381 2183 568 2221; x_wconf 87' lang='lat' dir='ltr'>egestatem</span> <span class='ocrx_word' id='word_1_253' title='bbox 598 2183 714 2209; x_wconf 88' lang='lat' dir='ltr'>tamen</span> <span class='ocrx_word' id='word_1_254' title='bbox 739 2176 825 2221; x_wconf 92' lang='lat' dir='ltr'>pelli</span> 
     </span>
     <span class='ocr_line' id='line_1_48' title="bbox 147 2226 824 2274; baseline 0.003 -14"><span class='ocrx_word' id='word_1_255' title='bbox 147 2226 258 2272; x_wconf 86' lang='lat' dir='ltr'>gradu</span> <span class='ocrx_word' id='word_1_256' title='bbox 283 2227 322 2261; x_wconf 90' lang='lat' dir='ltr'>in</span> <span class='ocrx_word' id='word_1_257' title='bbox 350 2228 578 2274; x_wconf 86' lang='lat' dir='ltr'>spectaculis,</span> <span class='ocrx_word' id='word_1_258' title='bbox 601 2241 667 2262; x_wconf 92' lang='lat' dir='ltr'>nec</span> <span class='ocrx_word' id='word_1_259' title='bbox 692 2240 711 2261; x_wconf 89' lang='lat' dir='ltr'>a</span> <span class='ocrx_word' id='word_1_260' title='bbox 733 2241 824 2274; x_wconf 89' lang='lat' dir='ltr'>quo-</span> 
     </span>
     <span class='ocr_line' id='line_1_49' title="bbox 148 2280 823 2326; baseline 0.003 -13"><span class='ocrx_word' id='word_1_261' title='bbox 148 2292 253 2325; x_wconf 87' lang='lat' dir='ltr'>quam</span> <span class='ocrx_word' id='word_1_262' title='bbox 271 2280 409 2326; x_wconf 82' lang='lat' dir='ltr'>juvari3</span> <span class='ocrx_word' id='word_1_263' title='bbox 428 2293 538 2326; x_wconf 90' lang='lat' dir='ltr'>quum</span> <span class='ocrx_word' id='word_1_264' title='bbox 560 2289 678 2315; x_wconf 89' lang='lat' dir='ltr'>tamen</span> <span class='ocrx_word' id='word_1_265' title='bbox 699 2280 823 2315; x_wconf 72' lang='lat' dir='ltr'>divites</span> 
     </span>
     <span class='ocr_line' id='line_1_50' title="bbox 148 2332 823 2379; baseline 0.003 -14"><span class='ocrx_word' id='word_1_266' title='bbox 148 2332 217 2366; x_wconf 86' lang='lat' dir='ltr'>tale</span> <span class='ocrx_word' id='word_1_267' title='bbox 250 2333 316 2366; x_wconf 90' lang='lat' dir='ltr'>sibi</span> <span class='ocrx_word' id='word_1_268' title='bbox 351 2346 480 2367; x_wconf 90' lang='lat' dir='ltr'>nomen</span> <span class='ocrx_word' id='word_1_269' title='bbox 513 2346 714 2379; x_wconf 88' lang='lat' dir='ltr'>comparare</span> <span class='ocrx_word' id='word_1_270' title='bbox 742 2347 823 2379; x_wconf 92' lang='lat' dir='ltr'>pos-</span> 
     </span>
     <span class='ocr_line' id='line_1_51' title="bbox 149 2384 825 2432; baseline 0.003 -14"><span class='ocrx_word' id='word_1_271' title='bbox 149 2393 237 2419; x_wconf 89' lang='lat' dir='ltr'>sent.</span> <span class='ocrx_word' id='word_1_272' title='bbox 260 2384 328 2418; x_wconf 91' lang='lat' dir='ltr'>Sed</span> <span class='ocrx_word' id='word_1_273' title='bbox 347 2386 426 2430; x_wconf 90' lang='lat' dir='ltr'>plus</span> <span class='ocrx_word' id='word_1_274' title='bbox 447 2399 577 2432; x_wconf 87' lang='lat' dir='ltr'>equum</span> <span class='ocrx_word' id='word_1_275' title='bbox 596 2399 700 2432; x_wconf 89' lang='lat' dir='ltr'>quam</span> <span class='ocrx_word' id='word_1_276' title='bbox 728 2387 825 2432; x_wconf 88' lang='lat' dir='ltr'>equi-</span> 
     </span>
     <span class='ocr_line' id='line_1_52' title="bbox 151 2439 508 2472; baseline 0.003 -1"><span class='ocrx_word' id='word_1_277' title='bbox 151 2446 223 2471; x_wconf 90' lang='lat' dir='ltr'>tem</span> <span class='ocrx_word' id='word_1_278' title='bbox 240 2445 369 2471; x_wconf 82' lang='lat' dir='ltr'>amant.</span> <span class='ocrx_word' id='word_1_279' title='bbox 390 2439 508 2472; x_wconf 83' lang='lat' dir='ltr'>Rader.</span> 
     </span>
    </p>

    <p class='ocr_par' dir='ltr' id='par_1_10' title="bbox 149 2490 825 2642">
     <span class='ocr_line' id='line_1_53' title="bbox 208 2490 824 2537; baseline 0.002 -13"><span class='ocrx_word' id='word_1_280' title='bbox 208 2503 240 2524; x_wconf 91' lang='lat'>1.</span> <span class='ocrx_word' id='word_1_281' title='bbox 262 2490 516 2536; x_wconf 78' lang='lat' dir='ltr'>Quadringenta.</span> <span class='ocrx_word' id='word_1_282' title='bbox 542 2491 675 2525; x_wconf 88' lang='lat' dir='ltr'>Census</span> <span class='ocrx_word' id='word_1_283' title='bbox 698 2504 824 2537; x_wconf 84' lang='lat' dir='ltr'>nempe</span> 
     </span>
     <span class='ocr_line' id='line_1_54' title="bbox 149 2542 825 2590; baseline 0.003 -14"><span class='ocrx_word' id='word_1_284' title='bbox 149 2543 320 2589; x_wconf 86' lang='lat' dir='ltr'>equestris</span> <span class='ocrx_word' id='word_1_285' title='bbox 332 2569 342 2585; x_wconf 91' lang='lat'>,</span> <span class='ocrx_word' id='word_1_286' title='bbox 360 2542 404 2577; x_wconf 90' lang='lat' dir='ltr'>de</span> <span class='ocrx_word' id='word_1_287' title='bbox 422 2556 495 2590; x_wconf 92' lang='lat' dir='ltr'>quo</span> <span class='ocrx_word' id='word_1_288' title='bbox 514 2543 574 2577; x_wconf 88' lang='lat' dir='ltr'>lib.</span> <span class='ocrx_word' id='word_1_289' title='bbox 597 2544 697 2584; x_wconf 88' lang='lat' dir='ltr'>XIV,</span> <span class='ocrx_word' id='word_1_290' title='bbox 716 2545 825 2590; x_wconf 83' lang='lat' dir='ltr'>epigr.</span> 
     </span>
     <span class='ocr_line' id='line_1_55' title="bbox 150 2596 667 2642; baseline -0.004 -11"><span class='ocrx_word' id='word_1_291' title='bbox 150 2607 271 2637; x_wconf 69' lang='lat' dir='ltr'>van,</span> <span class='ocrx_word' id='word_1_292' title='bbox 290 2605 324 2630; x_wconf 88' lang='lat' dir='ltr'>et</span> <span class='ocrx_word' id='word_1_293' title='bbox 342 2596 448 2642; x_wconf 83' lang='lat' dir='ltr'>epigr.</span> <span class='ocrx_word' id='word_1_294' title='bbox 467 2609 535 2630; x_wconf 84' lang='lat' dir='ltr'>vm</span> <span class='ocrx_word' id='word_1_295' title='bbox 555 2609 667 2641; x_wconf 85' lang='lat' dir='ltr'>supra.</span> 
     </span>
    </p>

    <p class='ocr_par' dir='ltr' id='par_1_11' title="bbox 208 2648 828 2694">
     <span class='ocr_line' id='line_1_56' title="bbox 208 2648 828 2694; baseline 0.002 -12"><span class='ocrx_word' id='word_1_296' title='bbox 208 2662 240 2682; x_wconf 86' lang='lat'>2.</span> <span class='ocrx_word' id='word_1_297' title='bbox 253 2649 323 2690; x_wconf 81' lang='lat' dir='ltr'>Sta,</span> <span class='ocrx_word' id='word_1_298' title='bbox 333 2650 428 2694; x_wconf 76' lang='lat' dir='ltr'>fuge,</span> <span class='ocrx_word' id='word_1_299' title='bbox 438 2662 543 2694; x_wconf 74' lang='lat' dir='ltr'>surge,</span> <span class='ocrx_word' id='word_1_300' title='bbox 555 2658 621 2682; x_wconf 76' lang='lat' dir='ltr'>tace</span> <span class='ocrx_word' id='word_1_301' title='bbox 631 2648 740 2684; x_wconf 81' lang='lat' dir='ltr'>codex</span> <span class='ocrx_word' id='word_1_302' title='bbox 751 2649 828 2684; x_wconf 83' lang='lat' dir='ltr'>Flo-</span> 
     </span>
    </p>
   </div>
   <div class='ocr_carea' id='block_1_10' title="bbox 883 2070 1563 2695">
    <p class='ocr_par' dir='ltr' id='par_1_12' title="bbox 883 2070 1563 2695">
     <span class='ocr_line' id='line_1_57' title="bbox 884 2070 1562 2115; baseline 0.003 -12"><span class='ocrx_word' id='word_1_303' title='bbox 884 2079 974 2103; x_wconf 86' lang='lat' dir='ltr'>rent.</span> <span class='ocrx_word' id='word_1_304' title='bbox 985 2091 1037 2096; x_wconf 87' lang='lat'>—-</span> <span class='ocrx_word' id='word_1_305' title='bbox 1052 2070 1177 2102; x_wconf 81' lang='lat' dir='ltr'>Lectius</span> <span class='ocrx_word' id='word_1_306' title='bbox 1196 2083 1262 2102; x_wconf 84' lang='lat' dir='ltr'>ecce</span> <span class='ocrx_word' id='word_1_307' title='bbox 1279 2073 1377 2103; x_wconf 70' lang='lat' dir='ltr'>¹vellit.</span> <span class='ocrx_word' id='word_1_308' title='bbox 1395 2070 1562 2115; x_wconf 65' lang='lat' dir='ltr'>Designa-</span> 
     </span>
     <span class='ocr_line' id='line_1_58' title="bbox 884 2122 1561 2168; baseline 0.001 -12"><span class='ocrx_word' id='word_1_309' title='bbox 884 2131 955 2163; x_wconf 89' lang='lat' dir='ltr'>tor‚</span> <span class='ocrx_word' id='word_1_310' title='bbox 972 2122 1033 2168; x_wconf 88' lang='lat' dir='ltr'>qui</span> <span class='ocrx_word' id='word_1_311' title='bbox 1051 2123 1221 2156; x_wconf 77' lang='lat' dir='ltr'>excitabat</span> <span class='ocrx_word' id='word_1_312' title='bbox 1239 2130 1274 2155; x_wconf 92' lang='lat' dir='ltr'>et</span> <span class='ocrx_word' id='word_1_313' title='bbox 1288 2123 1447 2168; x_wconf 85' lang='lat' dir='ltr'>ejiciebat</span> <span class='ocrx_word' id='word_1_314' title='bbox 1462 2125 1561 2168; x_wconf 89' lang='lat' dir='ltr'>equi-</span> 
     </span>
     <span class='ocr_line' id='line_1_59' title="bbox 885 2174 1563 2220; baseline 0 -11"><span class='ocrx_word' id='word_1_315' title='bbox 885 2184 935 2209; x_wconf 90' lang='lat' dir='ltr'>tes</span> <span class='ocrx_word' id='word_1_316' title='bbox 950 2187 1057 2208; x_wconf 80' lang='lat' dir='ltr'>censu</span> <span class='ocrx_word' id='word_1_317' title='bbox 1069 2183 1225 2209; x_wconf 86' lang='lat' dir='ltr'>carentes</span> <span class='ocrx_word' id='word_1_318' title='bbox 1246 2187 1288 2207; x_wconf 86' lang='lat' dir='ltr'>ex</span> <span class='ocrx_word' id='word_1_319' title='bbox 1304 2187 1364 2208; x_wconf 72' lang='lat' dir='ltr'>xxv</span> <span class='ocrx_word' id='word_1_320' title='bbox 1378 2174 1542 2220; x_wconf 82' lang='lat' dir='ltr'>gradibus</span> <span class='ocrx_word' id='word_1_321' title='bbox 1555 2203 1563 2217; x_wconf 98' lang='lat'>,</span> 
     </span>
     <span class='ocr_line' id='line_1_60' title="bbox 884 2227 1562 2274; baseline 0.001 -13"><span class='ocrx_word' id='word_1_322' title='bbox 884 2227 920 2261; x_wconf 88' lang='lat' dir='ltr'>id</span> <span class='ocrx_word' id='word_1_323' title='bbox 937 2237 988 2261; x_wconf 92' lang='lat' dir='ltr'>est</span> <span class='ocrx_word' id='word_1_324' title='bbox 1000 2254 1009 2269; x_wconf 94' lang='lat'>‚</span> <span class='ocrx_word' id='word_1_325' title='bbox 1029 2228 1180 2273; x_wconf 80' lang='lat' dir='ltr'>equestri</span> <span class='ocrx_word' id='word_1_326' title='bbox 1199 2228 1288 2260; x_wconf 88' lang='lat' dir='ltr'>loco.</span> <span class='ocrx_word' id='word_1_327' title='bbox 1309 2228 1371 2261; x_wconf 87' lang='lat' dir='ltr'>Est</span> <span class='ocrx_word' id='word_1_328' title='bbox 1392 2240 1474 2274; x_wconf 85' lang='lat' dir='ltr'>ergo</span> <span class='ocrx_word' id='word_1_329' title='bbox 1493 2241 1562 2262; x_wconf 81' lang='lat' dir='ltr'>vox</span> 
     </span>
     <span class='ocr_line' id='line_1_61' title="bbox 885 2280 1563 2325; baseline 0.003 -12"><span class='ocrx_word' id='word_1_330' title='bbox 885 2281 986 2314; x_wconf 88' lang='lat' dir='ltr'>amici</span> <span class='ocrx_word' id='word_1_331' title='bbox 1001 2280 1220 2315; x_wconf 85' lang='lat' dir='ltr'>admonentis</span> <span class='ocrx_word' id='word_1_332' title='bbox 1232 2305 1240 2320; x_wconf 93' lang='lat'><strong><em>‚</em></strong></span> <span class='ocrx_word' id='word_1_333' title='bbox 1254 2288 1293 2313; x_wconf 88' lang='lat' dir='ltr'>ut</span> <span class='ocrx_word' id='word_1_334' title='bbox 1305 2289 1431 2325; x_wconf 88' lang='lat' dir='ltr'>sponte</span> <span class='ocrx_word' id='word_1_335' title='bbox 1449 2282 1563 2324; x_wconf 87' lang='lat' dir='ltr'>abeat,</span> 
     </span>
     <span class='ocr_line' id='line_1_62' title="bbox 883 2334 1550 2378; baseline 0.001 -11"><span class='ocrx_word' id='word_1_336' title='bbox 883 2347 927 2367; x_wconf 91' lang='lat' dir='ltr'>ne</span> <span class='ocrx_word' id='word_1_337' title='bbox 945 2346 1024 2367; x_wconf 88' lang='lat' dir='ltr'>cum</span> <span class='ocrx_word' id='word_1_338' title='bbox 1040 2334 1169 2367; x_wconf 86' lang='lat' dir='ltr'>rubore</span> <span class='ocrx_word' id='word_1_339' title='bbox 1187 2341 1304 2378; x_wconf 88' lang='lat' dir='ltr'>postea</span> <span class='ocrx_word' id='word_1_340' title='bbox 1316 2359 1325 2374; x_wconf 92' lang='lat'>‚</span> <span class='ocrx_word' id='word_1_341' title='bbox 1341 2334 1486 2378; x_wconf 86' lang='lat' dir='ltr'>jubente</span> <span class='ocrx_word' id='word_1_342' title='bbox 1502 2336 1550 2368; x_wconf 88' lang='lat' dir='ltr'>Le</span> 
     </span>
     <span class='ocr_line' id='line_1_63' title="bbox 884 2386 1556 2431; baseline 0 -11"><span class='ocrx_word' id='word_1_343' title='bbox 884 2386 953 2420; x_wconf 87' lang='lat' dir='ltr'>ctio</span> <span class='ocrx_word' id='word_1_344' title='bbox 966 2412 975 2426; x_wconf 89' lang='lat'>‚</span> <span class='ocrx_word' id='word_1_345' title='bbox 998 2394 1141 2431; x_wconf 85' lang='lat' dir='ltr'>cogatur</span> <span class='ocrx_word' id='word_1_346' title='bbox 1163 2386 1268 2419; x_wconf 84' lang='lat' dir='ltr'>abire.</span> <span class='ocrx_word' id='word_1_347' title='bbox 1288 2408 1340 2412; x_wconf 97' lang='lat'><strong>—</strong></span> <span class='ocrx_word' id='word_1_348' title='bbox 1360 2386 1418 2420; x_wconf 81' lang='lat' dir='ltr'>Sta</span> <span class='ocrx_word' id='word_1_349' title='bbox 1433 2415 1441 2427; x_wconf 90' lang='lat'><em>‚</em></span> <span class='ocrx_word' id='word_1_350' title='bbox 1458 2388 1556 2431; x_wconf 59' lang='lat' dir='ltr'>fuge,</span> 
     </span>
     <span class='ocr_line' id='line_1_64' title="bbox 884 2437 1562 2483; baseline 0.001 -11"><span class='ocrx_word' id='word_1_351' title='bbox 884 2447 950 2472; x_wconf 85' lang='lat' dir='ltr'>etc.</span> <span class='ocrx_word' id='word_1_352' title='bbox 976 2439 1095 2471; x_wconf 83' lang='lat' dir='ltr'>Verba</span> <span class='ocrx_word' id='word_1_353' title='bbox 1122 2437 1350 2483; x_wconf 84' lang='lat' dir='ltr'>designatoris</span> <span class='ocrx_word' id='word_1_354' title='bbox 1381 2440 1562 2473; x_wconf 75' lang='lat' dir='ltr'>excitantis</span> 
     </span>
     <span class='ocr_line' id='line_1_65' title="bbox 885 2490 1559 2537; baseline 0.001 -13"><span class='ocrx_word' id='word_1_355' title='bbox 885 2492 1158 2525; x_wconf 83' lang='lat' dir='ltr'>Chaerestratum</span> <span class='ocrx_word' id='word_1_356' title='bbox 1179 2504 1220 2525; x_wconf 83' lang='lat' dir='ltr'>ex</span> <span class='ocrx_word' id='word_1_357' title='bbox 1242 2495 1286 2531; x_wconf 74' lang='lat'>14</span> <span class='ocrx_word' id='word_1_358' title='bbox 1305 2490 1486 2537; x_wconf 86' lang='lat' dir='ltr'>gradihus,</span> <span class='ocrx_word' id='word_1_359' title='bbox 1508 2494 1559 2525; x_wconf 64' lang='lat' dir='ltr'>vel</span> 
     </span>
     <span class='ocr_line' id='line_1_66' title="bbox 888 2543 1560 2590; baseline 0.003 -14"><span class='ocrx_word' id='word_1_360' title='bbox 888 2543 989 2577; x_wconf 87' lang='lat' dir='ltr'>amici</span> <span class='ocrx_word' id='word_1_361' title='bbox 1020 2543 1213 2584; x_wconf 87' lang='lat' dir='ltr'>monentis,</span> <span class='ocrx_word' id='word_1_362' title='bbox 1246 2544 1301 2577; x_wconf 81' lang='lat' dir='ltr'>vel</span> <span class='ocrx_word' id='word_1_363' title='bbox 1333 2553 1458 2590; x_wconf 82' lang='lat' dir='ltr'>poetae.</span> <span class='ocrx_word' id='word_1_364' title='bbox 1490 2545 1560 2579; x_wconf 77' lang='lat' dir='ltr'>Sta.</span> 
     </span>
     <span class='ocr_line' id='line_1_67' title="bbox 889 2594 1560 2643; baseline 0.001 -14"><span class='ocrx_word' id='word_1_365' title='bbox 889 2594 1083 2638; x_wconf 85' lang='lat' dir='ltr'>Quaeritur,</span> <span class='ocrx_word' id='word_1_366' title='bbox 1096 2609 1180 2630; x_wconf 90' lang='lat' dir='ltr'>num</span> <span class='ocrx_word' id='word_1_367' title='bbox 1194 2597 1332 2630; x_wconf 85' lang='lat' dir='ltr'>licuerit</span> <span class='ocrx_word' id='word_1_368' title='bbox 1348 2610 1420 2630; x_wconf 88' lang='lat' dir='ltr'>non</span> <span class='ocrx_word' id='word_1_369' title='bbox 1437 2599 1560 2643; x_wconf 82' lang='lat' dir='ltr'>equiti,</span> 
     </span>
     <span class='ocr_line' id='line_1_68' title="bbox 889 2650 1563 2695; baseline 0.001 -12"><span class='ocrx_word' id='word_1_370' title='bbox 889 2650 924 2683; x_wconf 83' lang='lat' dir='ltr'>in</span> <span class='ocrx_word' id='word_1_371' title='bbox 948 2650 1165 2695; x_wconf 81' lang='lat' dir='ltr'>equestribus</span> <span class='ocrx_word' id='word_1_372' title='bbox 1185 2659 1300 2684; x_wconf 87' lang='lat' dir='ltr'>tamen</span> <span class='ocrx_word' id='word_1_373' title='bbox 1322 2658 1432 2691; x_wconf 87' lang='lat' dir='ltr'>stare,</span> <span class='ocrx_word' id='word_1_374' title='bbox 1454 2651 1501 2684; x_wconf 82' lang='lat' dir='ltr'>sic</span> <span class='ocrx_word' id='word_1_375' title='bbox 1525 2660 1563 2684; x_wconf 83' lang='lat' dir='ltr'>ut</span> 
     </span>
    </p>
   </div>
   <div class='ocr_carea' id='block_1_11' title="bbox 1267 2719 1322 2765">
    <p class='ocr_par' dir='ltr' id='par_1_13' title="bbox 1267 2719 1322 2765">
     <span class='ocr_line' id='line_1_69' title="bbox 1267 2719 1322 2765; baseline -0.036 0"><span class='ocrx_word' id='word_1_376' title='bbox 1267 2719 1293 2765; x_wconf 75' lang='lat'>3</span> <span class='ocrx_word' id='word_1_377' title='bbox 1308 2721 1322 2738; x_wconf 79' lang='lat'>⁴</span> 
     </span>
    </p>
   </div>
  </div>
 </body>
</html>
