<?xml version="1.0" encoding="UTF-8"?>
<!DOCTYPE html PUBLIC "-//W3C//DTD XHTML 1.0 Transitional//EN"
    "http://www.w3.org/TR/xhtml1/DTD/xhtml1-transitional.dtd">
<html xmlns="http://www.w3.org/1999/xhtml" xml:lang="en" lang="en">
 <head>
  <title>
</title>
<meta http-equiv="Content-Type" content="text/html;charset=utf-8" />
  <meta name='ocr-system' content='tesseract 3.04.00' />
  <meta name='ocr-capabilities' content='ocr_page ocr_carea ocr_par ocr_line ocrx_word'/>
</head>
<body>
  <div class='ocr_page' id='page_1' title='image "./epigrammata02martuoft/epigrammata02martuoft_0605.png"; bbox 0 0 1978 3305; ppageno 0'>
   <div class='ocr_carea' id='block_1_1' title="bbox 374 203 1229 251">
    <p class='ocr_par' dir='ltr' id='par_1_1' title="bbox 374 203 1229 251">
     <span class='ocr_line' id='line_1_1' title="bbox 374 203 1229 251; baseline -0.007 -1"><span class='ocrx_word' id='word_1_1' title='bbox 374 205 875 251; x_wconf 77' lang='lat' dir='ltr'><strong>EPIGRAMMATU</strong></span> <span class='ocrx_word' id='word_1_2' title='bbox 891 204 939 246; x_wconf 90' lang='lat' dir='ltr'>M</span> <span class='ocrx_word' id='word_1_3' title='bbox 979 204 1101 245; x_wconf 88' lang='lat' dir='ltr'><strong>LIB.</strong></span> <span class='ocrx_word' id='word_1_4' title='bbox 1140 203 1229 245; x_wconf 91' lang='lat' dir='ltr'>XI.</span> 
     </span>
    </p>
   </div>
   <div class='ocr_carea' id='block_1_2' title="bbox 1423 202 1509 265">
    <p class='ocr_par' dir='ltr' id='par_1_2' title="bbox 1423 202 1509 265">
     <span class='ocr_line' id='line_1_2' title="bbox 1423 202 1509 265; baseline -0.023 -16"><span class='ocrx_word' id='word_1_5' title='bbox 1423 202 1509 265; x_wconf 81' lang='lat'>591</span> 
     </span>
    </p>
   </div>
   <div class='ocr_carea' id='block_1_3' title="bbox 316 289 1313 424">
    <p class='ocr_par' dir='ltr' id='par_1_3' title="bbox 316 289 1313 424">
     <span class='ocr_line' id='line_1_3' title="bbox 316 289 1263 355; baseline -0.004 -18"><span class='ocrx_word' id='word_1_6' title='bbox 316 295 459 355; x_wconf 86' lang='lat' dir='ltr'><strong>Atque</strong></span> <span class='ocrx_word' id='word_1_7' title='bbox 489 309 642 338; x_wconf 87' lang='lat' dir='ltr'>omnes</span> <span class='ocrx_word' id='word_1_8' title='bbox 671 294 892 347; x_wconf 81' lang='lat' dir='ltr'><strong>Veneres,</strong></span> <span class='ocrx_word' id='word_1_9' title='bbox 913 289 1263 351; x_wconf 83' lang='lat' dir='ltr'>Cupidinesque,</span> 
     </span>
     <span class='ocr_line' id='line_1_4' title="bbox 317 359 1313 424; baseline -0.003 -16"><span class='ocrx_word' id='word_1_10' title='bbox 317 366 413 408; x_wconf 88' lang='lat' dir='ltr'>Hoc</span> <span class='ocrx_word' id='word_1_11' title='bbox 447 373 549 408; x_wconf 88' lang='lat' dir='ltr'><strong>sunt</strong></span> <span class='ocrx_word' id='word_1_12' title='bbox 579 362 779 415; x_wconf 75' lang='lat' dir='ltr'>condita,</span> <span class='ocrx_word' id='word_1_13' title='bbox 807 378 894 424; x_wconf 91' lang='lat' dir='ltr'>quo</span> <span class='ocrx_word' id='word_1_14' title='bbox 924 361 1067 415; x_wconf 83' lang='lat' dir='ltr'>Paris,</span> <span class='ocrx_word' id='word_1_15' title='bbox 1098 359 1313 423; x_wconf 82' lang='lat' dir='ltr'>sepulcro.</span> 
     </span>
    </p>
   </div>
   <div class='ocr_carea' id='block_1_4' title="bbox 315 497 1173 626">
    <p class='ocr_par' dir='ltr' id='par_1_4' title="bbox 315 497 1173 626">
     <span class='ocr_line' id='line_1_5' title="bbox 315 497 1173 557; baseline 0 -18"><span class='ocrx_word' id='word_1_16' title='bbox 315 497 400 539; x_wconf 87' lang='grc' dir='ltr'>Καὶ</span> <span class='ocrx_word' id='word_1_17' title='bbox 425 500 504 540; x_wconf 78' lang='grc' dir='ltr'>πᾶν</span> <span class='ocrx_word' id='word_1_18' title='bbox 532 504 671 557; x_wconf 80' lang='grc' dir='ltr'>χρῆμα</span> <span class='ocrx_word' id='word_1_19' title='bbox 696 501 852 549; x_wconf 72' lang='grc' dir='ltr'>καλῶν,</span> <span class='ocrx_word' id='word_1_20' title='bbox 882 497 1079 556; x_wconf 82' lang='grc' dir='ltr'>ἐρωτικῶν</span> <span class='ocrx_word' id='word_1_21' title='bbox 1105 512 1173 551; x_wconf 84' lang='grc' dir='ltr'>τε,</span> 
     </span>
     <span class='ocr_line' id='line_1_6' title="bbox 315 562 1143 626; baseline -0.002 -17"><span class='ocrx_word' id='word_1_22' title='bbox 315 562 442 623; x_wconf 80' lang='grc' dir='ltr'>Τῷδ’,</span> <span class='ocrx_word' id='word_1_23' title='bbox 471 565 502 622; x_wconf 84' lang='grc' dir='ltr'><em>ᾧ</em></span> <span class='ocrx_word' id='word_1_24' title='bbox 530 567 597 610; x_wconf 76' lang='grc' dir='ltr'>καὶ</span> <span class='ocrx_word' id='word_1_25' title='bbox 621 567 773 626; x_wconf 78' lang='grc' dir='ltr'>Πάρις,</span> <span class='ocrx_word' id='word_1_26' title='bbox 805 565 902 626; x_wconf 78' lang='grc' dir='ltr'>ἡρίῳ</span> <span class='ocrx_word' id='word_1_27' title='bbox 927 565 1143 610; x_wconf 81' lang='grc' dir='ltr'><strong>τέθαπται.</strong></span> 
     </span>
    </p>
   </div>
   <div class='ocr_carea' id='block_1_5' title="bbox 106 694 787 1055">
    <p class='ocr_par' dir='ltr' id='par_1_5' title="bbox 109 694 785 740">
     <span class='ocr_line' id='line_1_7' title="bbox 109 694 785 740; baseline -0.001 -13"><span class='ocrx_word' id='word_1_28' title='bbox 109 698 153 735; x_wconf 68' lang='grc'>24</span> <span class='ocrx_word' id='word_1_29' title='bbox 168 718 177 735; x_wconf 91' lang='grc'>,</span> <span class='ocrx_word' id='word_1_30' title='bbox 199 694 354 740; x_wconf 84' lang='lat' dir='ltr'>reperire</span> <span class='ocrx_word' id='word_1_31' title='bbox 380 702 431 727; x_wconf 82' lang='lat' dir='ltr'>est</span> <span class='ocrx_word' id='word_1_32' title='bbox 451 694 534 728; x_wconf 87' lang='lat' dir='ltr'>huic</span> <span class='ocrx_word' id='word_1_33' title='bbox 560 694 641 728; x_wconf 89' lang='lat' dir='ltr'>satis</span> <span class='ocrx_word' id='word_1_34' title='bbox 663 694 785 727; x_wconf 88' lang='lat' dir='ltr'>simile.</span> 
     </span>
    </p>

    <p class='ocr_par' dir='ltr' id='par_1_6' title="bbox 106 746 787 1055">
     <span class='ocr_line' id='line_1_8' title="bbox 162 746 786 791; baseline 0 -11"><span class='ocrx_word' id='word_1_35' title='bbox 162 759 195 791; x_wconf 84' lang='lat'>7.</span> <span class='ocrx_word' id='word_1_36' title='bbox 211 747 317 780; x_wconf 80' lang='lat' dir='ltr'>Paris.</span> <span class='ocrx_word' id='word_1_37' title='bbox 342 747 533 780; x_wconf 87' lang='lat' dir='ltr'><strong>Suetonius</strong></span> <span class='ocrx_word' id='word_1_38' title='bbox 554 746 592 779; x_wconf 88' lang='lat' dir='ltr'>in</span> <span class='ocrx_word' id='word_1_39' title='bbox 614 746 786 780; x_wconf 82' lang='lat' dir='ltr'>Domitia-</span> 
     </span>
     <span class='ocr_line' id='line_1_9' title="bbox 107 798 787 845; baseline 0.001 -13"><span class='ocrx_word' id='word_1_40' title='bbox 107 799 143 832; x_wconf 88' lang='lat' dir='ltr'>ni</span> <span class='ocrx_word' id='word_1_41' title='bbox 168 811 243 845; x_wconf 88' lang='lat' dir='ltr'>cap.</span> <span class='ocrx_word' id='word_1_42' title='bbox 272 799 291 833; x_wconf 82' lang='lat'>3</span> <span class='ocrx_word' id='word_1_43' title='bbox 311 811 348 833; x_wconf 72' lang='lat' dir='ltr'>z«</span> <span class='ocrx_word' id='word_1_44' title='bbox 363 798 498 833; x_wconf 81' lang='lat' dir='ltr'><strong>Deinde</strong></span> <span class='ocrx_word' id='word_1_45' title='bbox 519 811 665 833; x_wconf 84' lang='lat' dir='ltr'>uxorem</span> <span class='ocrx_word' id='word_1_46' title='bbox 689 812 787 833; x_wconf 86' lang='lat' dir='ltr'>suam</span> 
     </span>
     <span class='ocr_line' id='line_1_10' title="bbox 108 851 786 898; baseline 0.001 -14"><span class='ocrx_word' id='word_1_47' title='bbox 108 851 328 886; x_wconf 84' lang='lat' dir='ltr'>Domitianus</span> <span class='ocrx_word' id='word_1_48' title='bbox 338 877 348 893; x_wconf 86' lang='lat'>,</span> <span class='ocrx_word' id='word_1_49' title='bbox 361 864 402 885; x_wconf 86' lang='lat' dir='ltr'>ex</span> <span class='ocrx_word' id='word_1_50' title='bbox 415 865 483 898; x_wconf 84' lang='lat' dir='ltr'>qua</span> <span class='ocrx_word' id='word_1_51' title='bbox 499 853 536 885; x_wconf 89' lang='lat' dir='ltr'>in</span> <span class='ocrx_word' id='word_1_52' title='bbox 551 851 708 886; x_wconf 88' lang='lat' dir='ltr'>secundo</span> <span class='ocrx_word' id='word_1_53' title='bbox 723 865 786 886; x_wconf 88' lang='lat' dir='ltr'>suo</span> 
     </span>
     <span class='ocr_line' id='line_1_11' title="bbox 107 901 786 946; baseline 0.003 -9"><span class='ocrx_word' id='word_1_54' title='bbox 107 904 292 938; x_wconf 88' lang='lat' dir='ltr'><strong>consulatu</strong></span> <span class='ocrx_word' id='word_1_55' title='bbox 323 905 436 939; x_wconf 85' lang='lat' dir='ltr'>filium</span> <span class='ocrx_word' id='word_1_56' title='bbox 474 905 623 946; x_wconf 85' lang='lat' dir='ltr'>tulerat,</span> <span class='ocrx_word' id='word_1_57' title='bbox 650 901 786 939; x_wconf 86' lang='lat' dir='ltr'>Paridis</span> 
     </span>
     <span class='ocr_line' id='line_1_12' title="bbox 107 957 787 1004; baseline 0.003 -14"><span class='ocrx_word' id='word_1_58' title='bbox 107 957 287 991; x_wconf 77' lang='lat' dir='ltr'>histrionis</span> <span class='ocrx_word' id='word_1_59' title='bbox 323 970 440 991; x_wconf 84' lang='lat' dir='ltr'>amore</span> <span class='ocrx_word' id='word_1_60' title='bbox 472 957 692 1004; x_wconf 85' lang='lat' dir='ltr'>deperditam</span> <span class='ocrx_word' id='word_1_61' title='bbox 730 971 787 992; x_wconf 83' lang='lat' dir='ltr'>re-</span> 
     </span>
     <span class='ocr_line' id='line_1_13' title="bbox 106 1008 786 1055; baseline 0.001 -12"><span class='ocrx_word' id='word_1_62' title='bbox 106 1008 277 1055; x_wconf 83' lang='lat' dir='ltr'>pudiavit.</span> <span class='ocrx_word' id='word_1_63' title='bbox 296 1028 309 1040; x_wconf 75' lang='lat' dir='ltr'>n</span> <span class='ocrx_word' id='word_1_64' title='bbox 329 1010 424 1052; x_wconf 89' lang='lat' dir='ltr'>Quin</span> <span class='ocrx_word' id='word_1_65' title='bbox 453 1010 614 1044; x_wconf 83' lang='lat' dir='ltr'>Paridem</span> <span class='ocrx_word' id='word_1_66' title='bbox 637 1011 786 1046; x_wconf 87' lang='lat' dir='ltr'>interfici</span> 
     </span>
    </p>
   </div>
   <div class='ocr_carea' id='block_1_6' title="bbox 845 692 1527 1056">
    <p class='ocr_par' dir='ltr' id='par_1_7' title="bbox 845 692 1527 1056">
     <span class='ocr_line' id='line_1_14' title="bbox 846 692 1523 739; baseline 0.004 -14"><span class='ocrx_word' id='word_1_67' title='bbox 846 692 947 739; x_wconf 83' lang='lat' dir='ltr'>jussit</span> <span class='ocrx_word' id='word_1_68' title='bbox 978 692 1221 732; x_wconf 87' lang='lat' dir='ltr'>Domitianus,</span> <span class='ocrx_word' id='word_1_69' title='bbox 1245 701 1285 727; x_wconf 91' lang='lat' dir='ltr'>ut</span> <span class='ocrx_word' id='word_1_70' title='bbox 1314 701 1450 728; x_wconf 84' lang='lat' dir='ltr'>constat</span> <span class='ocrx_word' id='word_1_71' title='bbox 1482 706 1523 728; x_wconf 86' lang='lat' dir='ltr'>ex</span> 
     </span>
     <span class='ocr_line' id='line_1_15' title="bbox 848 744 1525 792; baseline 0.003 -13"><span class='ocrx_word' id='word_1_72' title='bbox 848 744 962 779; x_wconf 90' lang='lat' dir='ltr'>Dione</span> <span class='ocrx_word' id='word_1_73' title='bbox 984 745 1021 778; x_wconf 90' lang='lat' dir='ltr'>in</span> <span class='ocrx_word' id='word_1_74' title='bbox 1042 745 1174 778; x_wconf 88' lang='lat' dir='ltr'>Domit.</span> <span class='ocrx_word' id='word_1_75' title='bbox 1190 765 1242 771; x_wconf 89' lang='lat'>—-</span> <span class='ocrx_word' id='word_1_76' title='bbox 1256 746 1369 792; x_wconf 88' lang='lat' dir='ltr'><strong>Hujus</strong></span> <span class='ocrx_word' id='word_1_77' title='bbox 1390 746 1525 781; x_wconf 85' lang='lat' dir='ltr'>Paridis</span> 
     </span>
     <span class='ocr_line' id='line_1_16' title="bbox 848 797 1523 845; baseline 0.003 -13"><span class='ocrx_word' id='word_1_78' title='bbox 848 798 1009 832; x_wconf 80' lang='lat' dir='ltr'><strong>meminit</strong></span> <span class='ocrx_word' id='word_1_79' title='bbox 1024 798 1046 831; x_wconf 87' lang='lat' dir='ltr'><strong>J</strong></span> <span class='ocrx_word' id='word_1_80' title='bbox 1048 797 1206 832; x_wconf 82' lang='lat' dir='ltr'>uvenalis</span> <span class='ocrx_word' id='word_1_81' title='bbox 1217 799 1280 839; x_wconf 92' lang='lat' dir='ltr'>‚VI</span> <span class='ocrx_word' id='word_1_82' title='bbox 1292 825 1302 840; x_wconf 86' lang='lat'><strong>‚</strong></span> <span class='ocrx_word' id='word_1_83' title='bbox 1318 800 1379 844; x_wconf 88' lang='lat'>87,</span> <span class='ocrx_word' id='word_1_84' title='bbox 1397 807 1431 832; x_wconf 89' lang='lat' dir='ltr'>et</span> <span class='ocrx_word' id='word_1_85' title='bbox 1445 812 1523 845; x_wconf 85' lang='lat' dir='ltr'><strong>pas·</strong></span> 
     </span>
     <span class='ocr_line' id='line_1_17' title="bbox 847 850 1527 893; baseline 0.001 -8"><span class='ocrx_word' id='word_1_86' title='bbox 847 851 913 885; x_wconf 88' lang='lat' dir='ltr'>sim</span> <span class='ocrx_word' id='word_1_87' title='bbox 923 877 933 893; x_wconf 89' lang='lat'>,</span> <span class='ocrx_word' id='word_1_88' title='bbox 945 859 979 885; x_wconf 90' lang='lat' dir='ltr'>et</span> <span class='ocrx_word' id='word_1_89' title='bbox 989 850 1146 885; x_wconf 85' lang='lat' dir='ltr'>creditur</span> <span class='ocrx_word' id='word_1_90' title='bbox 1155 851 1258 885; x_wconf 83' lang='lat' dir='ltr'>tacite</span> <span class='ocrx_word' id='word_1_91' title='bbox 1271 852 1468 886; x_wconf 85' lang='lat' dir='ltr'>meminisse</span> <span class='ocrx_word' id='word_1_92' title='bbox 1481 852 1527 886; x_wconf 71' lang='lat' dir='ltr'>de</span> 
     </span>
     <span class='ocr_line' id='line_1_18' title="bbox 845 903 1522 951; baseline 0 -13"><span class='ocrx_word' id='word_1_93' title='bbox 845 903 996 950; x_wconf 87' lang='lat' dir='ltr'>quodam</span> <span class='ocrx_word' id='word_1_94' title='bbox 1018 903 1166 938; x_wconf 88' lang='lat' dir='ltr'>Adriani</span> <span class='ocrx_word' id='word_1_95' title='bbox 1184 905 1332 946; x_wconf 81' lang='lat' dir='ltr'>amasi03</span> <span class='ocrx_word' id='word_1_96' title='bbox 1351 917 1455 951; x_wconf 87' lang='lat' dir='ltr'>quam</span> <span class='ocrx_word' id='word_1_97' title='bbox 1475 906 1522 939; x_wconf 91' lang='lat' dir='ltr'>ob</span> 
     </span>
     <span class='ocr_line' id='line_1_19' title="bbox 846 957 1523 1003; baseline 0.001 -12"><span class='ocrx_word' id='word_1_98' title='bbox 846 969 986 991; x_wconf 85' lang='lat' dir='ltr'><strong>causam</strong></span> <span class='ocrx_word' id='word_1_99' title='bbox 997 958 1033 991; x_wconf 90' lang='lat' dir='ltr'>in</span> <span class='ocrx_word' id='word_1_100' title='bbox 1046 957 1205 991; x_wconf 88' lang='lat' dir='ltr'>exsilium</span> <span class='ocrx_word' id='word_1_101' title='bbox 1219 958 1339 1003; x_wconf 88' lang='lat' dir='ltr'><strong>pulsus</strong></span> <span class='ocrx_word' id='word_1_102' title='bbox 1349 967 1413 997; x_wconf 88' lang='lat' dir='ltr'>est,</span> <span class='ocrx_word' id='word_1_103' title='bbox 1427 967 1523 992; x_wconf 78' lang='lat' dir='ltr'>octo-</span> 
     </span>
     <span class='ocr_line' id='line_1_20' title="bbox 847 1010 1444 1056; baseline 0 -12"><span class='ocrx_word' id='word_1_104' title='bbox 847 1010 980 1056; x_wconf 87' lang='lat' dir='ltr'>gesimo</span> <span class='ocrx_word' id='word_1_105' title='bbox 998 1023 1109 1056; x_wconf 87' lang='lat' dir='ltr'>prope</span> <span class='ocrx_word' id='word_1_106' title='bbox 1129 1010 1239 1045; x_wconf 80' lang='lat' dir='ltr'>aetatis</span> <span class='ocrx_word' id='word_1_107' title='bbox 1258 1023 1366 1046; x_wconf 79' lang='lat' dir='ltr'>anno.</span> <span class='ocrx_word' id='word_1_108' title='bbox 1379 1011 1444 1044; x_wconf 84' lang='lat' dir='ltr'>En.</span> 
     </span>
    </p>
   </div>
   <div class='ocr_carea' id='block_1_7' title="bbox 729 1155 898 1211">
    <p class='ocr_par' dir='ltr' id='par_1_8' title="bbox 729 1155 898 1211">
     <span class='ocr_line' id='line_1_21' title="bbox 729 1155 898 1211; baseline 0 -1"><span class='ocrx_word' id='word_1_109' title='bbox 729 1155 898 1211; x_wconf 90' lang='lat' dir='ltr'><strong>XIV.</strong></span> 
     </span>
    </p>
   </div>
   <div class='ocr_carea' id='block_1_8' title="bbox 643 1290 999 1340">
    <p class='ocr_par' dir='ltr' id='par_1_9' title="bbox 643 1290 999 1340">
     <span class='ocr_line' id='line_1_22' title="bbox 643 1290 999 1340; baseline 0 -2"><span class='ocrx_word' id='word_1_110' title='bbox 643 1312 705 1339; x_wconf 83' lang='lat' dir='ltr'>DE</span> <span class='ocrx_word' id='word_1_111' title='bbox 745 1290 999 1340; x_wconf 60' lang='lat' dir='ltr'>COLON0.*</span> 
     </span>
    </p>
   </div>
   <div class='ocr_carea' id='block_1_9' title="bbox 175 1423 1287 1557">
    <p class='ocr_par' dir='ltr' id='par_1_10' title="bbox 175 1423 1287 1557">
     <span class='ocr_line' id='line_1_23' title="bbox 175 1423 1273 1485; baseline 0.002 -18"><span class='ocrx_word' id='word_1_112' title='bbox 175 1425 431 1479; x_wconf 78' lang='lat' dir='ltr'>HAEREDES‚</span> <span class='ocrx_word' id='word_1_113' title='bbox 453 1423 589 1468; x_wconf 82' lang='lat' dir='ltr'>nolite</span> <span class='ocrx_word' id='word_1_114' title='bbox 619 1424 797 1468; x_wconf 86' lang='lat' dir='ltr'>brevem</span> <span class='ocrx_word' id='word_1_115' title='bbox 829 1423 1010 1485; x_wconf 87' lang='lat' dir='ltr'>sepelire</span> <span class='ocrx_word' id='word_1_116' title='bbox 1041 1423 1273 1481; x_wconf 83' lang='lat' dir='ltr'>colonum3</span> 
     </span>
     <span class='ocr_line' id='line_1_24' title="bbox 246 1494 1287 1557; baseline 0.002 -19"><span class='ocrx_word' id='word_1_117' title='bbox 246 1494 359 1538; x_wconf 85' lang='lat' dir='ltr'>Nam</span> <span class='ocrx_word' id='word_1_118' title='bbox 391 1504 508 1539; x_wconf 80' lang='lat' dir='ltr'>terra</span> <span class='ocrx_word' id='word_1_119' title='bbox 535 1504 599 1539; x_wconf 88' lang='lat' dir='ltr'>est</span> <span class='ocrx_word' id='word_1_120' title='bbox 623 1494 682 1539; x_wconf 90' lang='lat' dir='ltr'>illi</span> <span class='ocrx_word' id='word_1_121' title='bbox 706 1494 1105 1556; x_wconf 82' lang='lat' dir='ltr'><strong>quantulacumque</strong></span> <span class='ocrx_word' id='word_1_122' title='bbox 1133 1498 1287 1557; x_wconf 83' lang='lat' dir='ltr'>gravis.</span> 
     </span>
    </p>
   </div>
   <div class='ocr_carea' id='block_1_10' title="bbox 107 1621 791 1828">
    <p class='ocr_par' dir='ltr' id='par_1_11' title="bbox 107 1621 791 1714">
     <span class='ocr_line' id='line_1_25' title="bbox 159 1621 791 1663; baseline 0.006 -5"><span class='ocrx_word' id='word_1_123' title='bbox 159 1621 174 1635; x_wconf 77' lang='lat'>&#39;¹</span> <span class='ocrx_word' id='word_1_124' title='bbox 187 1627 240 1659; x_wconf 85' lang='lat' dir='ltr'>De</span> <span class='ocrx_word' id='word_1_125' title='bbox 253 1627 363 1660; x_wconf 83' lang='lat' dir='ltr'>colono</span> <span class='ocrx_word' id='word_1_126' title='bbox 379 1628 425 1661; x_wconf 81' lang='lat' dir='ltr'>ad</span> <span class='ocrx_word' id='word_1_127' title='bbox 440 1627 579 1661; x_wconf 72' lang='lat' dir='ltr'>hcm-edes</span> <span class='ocrx_word' id='word_1_128' title='bbox 592 1628 791 1663; x_wconf 84' lang='lat' dir='ltr'><strong>Thuanaeus</strong></span> 
     </span>
     <span class='ocr_line' id='line_1_26' title="bbox 107 1679 393 1714; baseline 0 -1"><span class='ocrx_word' id='word_1_129' title='bbox 107 1679 250 1713; x_wconf 81' lang='lat' dir='ltr'>exhibet</span> <span class='ocrx_word' id='word_1_130' title='bbox 272 1679 393 1714; x_wconf 81' lang='lat' dir='ltr'>codex.</span> 
     </span>
    </p>

    <p class='ocr_par' dir='ltr' id='par_1_12' title="bbox 108 1732 790 1828">
     <span class='ocr_line' id='line_1_27' title="bbox 160 1732 790 1780; baseline 0.005 -15"><span class='ocrx_word' id='word_1_131' title='bbox 160 1744 186 1766; x_wconf 85' lang='lat'>1.</span> <span class='ocrx_word' id='word_1_132' title='bbox 197 1732 336 1778; x_wconf 82' lang='lat' dir='ltr'>Sepelire</span> <span class='ocrx_word' id='word_1_133' title='bbox 349 1734 502 1767; x_wconf 78' lang='lat' dir='ltr'>colonum.</span> <span class='ocrx_word' id='word_1_134' title='bbox 518 1734 609 1775; x_wconf 88' lang='lat' dir='ltr'>Qui,</span> <span class='ocrx_word' id='word_1_135' title='bbox 620 1747 731 1780; x_wconf 89' lang='lat' dir='ltr'>quum</span> <span class='ocrx_word' id='word_1_136' title='bbox 746 1735 790 1768; x_wconf 89' lang='lat' dir='ltr'>sit</span> 
     </span>
     <span class='ocr_line' id='line_1_28' title="bbox 108 1785 789 1828; baseline 0.006 -11"><span class='ocrx_word' id='word_1_137' title='bbox 108 1785 222 1819; x_wconf 77' lang='lat' dir='ltr'>brevis</span> <span class='ocrx_word' id='word_1_138' title='bbox 237 1794 395 1828; x_wconf 62' lang='lat' dir='ltr'>staturae,</span> <span class='ocrx_word' id='word_1_139' title='bbox 415 1788 469 1820; x_wconf 86' lang='lat' dir='ltr'>vel</span> <span class='ocrx_word' id='word_1_140' title='bbox 489 1787 670 1821; x_wconf 84' lang='lat' dir='ltr'>levissimae</span> <span class='ocrx_word' id='word_1_141' title='bbox 689 1795 789 1821; x_wconf 83' lang='lat' dir='ltr'>terrae</span> 
     </span>
    </p>
   </div>
   <div class='ocr_carea' id='block_1_11' title="bbox 849 1627 1525 1833">
    <p class='ocr_par' dir='ltr' id='par_1_13' title="bbox 849 1627 1525 1833">
     <span class='ocr_line' id='line_1_29' title="bbox 850 1627 1525 1675; baseline 0.001 -13"><span class='ocrx_word' id='word_1_142' title='bbox 850 1627 1003 1662; x_wconf 83' lang='lat' dir='ltr'>ferendae</span> <span class='ocrx_word' id='word_1_143' title='bbox 1030 1641 1101 1661; x_wconf 89' lang='lat' dir='ltr'>non</span> <span class='ocrx_word' id='word_1_144' title='bbox 1125 1628 1191 1662; x_wconf 91' lang='lat' dir='ltr'>erit</span> <span class='ocrx_word' id='word_1_145' title='bbox 1214 1642 1277 1675; x_wconf 81' lang='lat' dir='ltr'>par</span> <span class='ocrx_word' id='word_1_146' title='bbox 1301 1641 1308 1662; x_wconf 92' lang='lat'>:</span> <span class='ocrx_word' id='word_1_147' title='bbox 1331 1629 1436 1663; x_wconf 79' lang='lat' dir='ltr'>Poeta</span> <span class='ocrx_word' id='word_1_148' title='bbox 1466 1642 1525 1663; x_wconf 87' lang='lat' dir='ltr'>au-</span> 
     </span>
     <span class='ocr_line' id='line_1_30' title="bbox 849 1680 1522 1723; baseline -0.001 -8"><span class='ocrx_word' id='word_1_149' title='bbox 849 1689 917 1715; x_wconf 86' lang='lat' dir='ltr'>tem</span> <span class='ocrx_word' id='word_1_150' title='bbox 937 1680 1029 1715; x_wconf 86' lang='lat' dir='ltr'>ludit</span> <span class='ocrx_word' id='word_1_151' title='bbox 1048 1682 1084 1714; x_wconf 89' lang='lat' dir='ltr'>in</span> <span class='ocrx_word' id='word_1_152' title='bbox 1100 1682 1165 1716; x_wconf 87' lang='lat' dir='ltr'>hac</span> <span class='ocrx_word' id='word_1_153' title='bbox 1183 1682 1334 1716; x_wconf 83' lang='lat' dir='ltr'>formula</span> <span class='ocrx_word' id='word_1_154' title='bbox 1355 1699 1387 1723; x_wconf 71' lang='grc' dir='ltr'>«ι,</span> <span class='ocrx_word' id='word_1_155' title='bbox 1403 1682 1447 1716; x_wconf 91' lang='lat' dir='ltr'>sit</span> <span class='ocrx_word' id='word_1_156' title='bbox 1461 1683 1522 1715; x_wconf 83' lang='lat' dir='ltr'>tibi</span> 
     </span>
     <span class='ocr_line' id='line_1_31' title="bbox 849 1734 1523 1782; baseline 0 -14"><span class='ocrx_word' id='word_1_157' title='bbox 849 1743 941 1768; x_wconf 83' lang='lat' dir='ltr'>terra</span> <span class='ocrx_word' id='word_1_158' title='bbox 968 1734 1075 1774; x_wconf 86' lang='lat' dir='ltr'>levis,</span> <span class='ocrx_word' id='word_1_159' title='bbox 1103 1752 1116 1764; x_wconf 70' lang='grc' dir='ltr'>ιι</span> <span class='ocrx_word' id='word_1_160' title='bbox 1148 1734 1192 1770; x_wconf 90' lang='lat' dir='ltr'>dc</span> <span class='ocrx_word' id='word_1_161' title='bbox 1220 1748 1287 1782; x_wconf 82' lang='lat' dir='ltr'>qua</span> <span class='ocrx_word' id='word_1_162' title='bbox 1315 1735 1375 1769; x_wconf 87' lang='lat' dir='ltr'>lib.</span> <span class='ocrx_word' id='word_1_163' title='bbox 1397 1737 1432 1774; x_wconf 90' lang='lat' dir='ltr'>I,</span> <span class='ocrx_word' id='word_1_164' title='bbox 1450 1735 1523 1781; x_wconf 87' lang='lat' dir='ltr'>epi-</span> 
     </span>
     <span class='ocr_line' id='line_1_32' title="bbox 849 1796 1195 1833; baseline -0.003 -12"><span class='ocrx_word' id='word_1_165' title='bbox 849 1796 1039 1833; x_wconf 77' lang='lat' dir='ltr'>grammate</span> <span class='ocrx_word' id='word_1_166' title='bbox 1058 1800 1195 1822; x_wconf 77' lang='lat' dir='ltr'>Lxxxix.</span> 
     </span>
    </p>
   </div>
   <div class='ocr_carea' id='block_1_12' title="bbox 764 1928 902 1985">
    <p class='ocr_par' dir='ltr' id='par_1_14' title="bbox 764 1928 902 1985">
     <span class='ocr_line' id='line_1_33' title="bbox 764 1928 902 1985; baseline 0.007 -2"><span class='ocrx_word' id='word_1_167' title='bbox 764 1928 902 1985; x_wconf 87' lang='lat' dir='ltr'>XV.</span> 
     </span>
    </p>
   </div>
   <div class='ocr_carea' id='block_1_13' title="bbox 597 2063 1044 2113">
    <p class='ocr_par' dir='ltr' id='par_1_15' title="bbox 597 2063 1044 2113">
     <span class='ocr_line' id='line_1_34' title="bbox 597 2063 1044 2113; baseline 0.007 -3"><span class='ocrx_word' id='word_1_168' title='bbox 597 2084 657 2111; x_wconf 78' lang='lat' dir='ltr'>DE</span> <span class='ocrx_word' id='word_1_169' title='bbox 698 2084 859 2113; x_wconf 81' lang='lat' dir='ltr'>LIBRo</span> <span class='ocrx_word' id='word_1_170' title='bbox 899 2063 1044 2113; x_wconf 39' lang='grc' dir='ltr'>δυο)ι</span> 
     </span>
    </p>
   </div>
   <div class='ocr_carea' id='block_1_14' title="bbox 317 2193 1289 2388">
    <p class='ocr_par' dir='ltr' id='par_1_16' title="bbox 317 2193 1289 2388">
     <span class='ocr_line' id='line_1_35' title="bbox 317 2193 1289 2254; baseline 0.002 -18"><span class='ocrx_word' id='word_1_171' title='bbox 317 2194 443 2237; x_wconf 79' lang='lat' dir='ltr'>SUNT</span> <span class='ocrx_word' id='word_1_172' title='bbox 473 2193 636 2237; x_wconf 77' lang='lat' dir='ltr'>chartae</span> <span class='ocrx_word' id='word_1_173' title='bbox 665 2193 796 2247; x_wconf 79' lang='lat' dir='ltr'>mihi,</span> <span class='ocrx_word' id='word_1_174' title='bbox 818 2209 926 2254; x_wconf 84' lang='lat' dir='ltr'><strong>quas</strong></span> <span class='ocrx_word' id='word_1_175' title='bbox 951 2194 1132 2238; x_wconf 79' lang='lat' dir='ltr'>Catonis</span> <span class='ocrx_word' id='word_1_176' title='bbox 1158 2210 1289 2249; x_wconf 81' lang='lat' dir='ltr'><strong>uxor,</strong></span> 
     </span>
     <span class='ocr_line' id='line_1_36' title="bbox 318 2262 1136 2325; baseline 0.002 -19"><span class='ocrx_word' id='word_1_177' title='bbox 318 2265 375 2306; x_wconf 87' lang='lat' dir='ltr'>Et</span> <span class='ocrx_word' id='word_1_178' title='bbox 399 2279 507 2323; x_wconf 81' lang='lat' dir='ltr'><strong>quas</strong></span> <span class='ocrx_word' id='word_1_179' title='bbox 535 2262 765 2307; x_wconf 85' lang='lat' dir='ltr'>horribiles</span> <span class='ocrx_word' id='word_1_180' title='bbox 788 2263 936 2325; x_wconf 84' lang='lat' dir='ltr'>legant</span> <span class='ocrx_word' id='word_1_181' title='bbox 955 2264 1136 2308; x_wconf 86' lang='lat' dir='ltr'>Sabinae.</span> 
     </span>
     <span class='ocr_line' id='line_1_37' title="bbox 318 2332 1054 2388; baseline 0.004 -13"><span class='ocrx_word' id='word_1_182' title='bbox 318 2334 401 2377; x_wconf 89' lang='lat' dir='ltr'>Hic</span> <span class='ocrx_word' id='word_1_183' title='bbox 428 2343 546 2377; x_wconf 83' lang='lat' dir='ltr'>totus</span> <span class='ocrx_word' id='word_1_184' title='bbox 573 2332 675 2377; x_wconf 88' lang='lat' dir='ltr'>volo</span> <span class='ocrx_word' id='word_1_185' title='bbox 700 2333 839 2378; x_wconf 85' lang='lat' dir='ltr'>rideat</span> <span class='ocrx_word' id='word_1_186' title='bbox 863 2333 1054 2388; x_wconf 86' lang='lat' dir='ltr'>libellus,</span> 
     </span>
    </p>
   </div>
   <div class='ocr_carea' id='block_1_15' title="bbox 163 2458 1526 2511">
    <p class='ocr_par' dir='ltr' id='par_1_17' title="bbox 163 2458 1526 2511">
     <span class='ocr_line' id='line_1_38' title="bbox 163 2458 1526 2511; baseline 0.004 -14"><span class='ocrx_word' id='word_1_187' title='bbox 163 2458 177 2473; x_wconf 66' lang='lat'><strong><em>⁴</em></strong></span> <span class='ocrx_word' id='word_1_188' title='bbox 201 2465 260 2497; x_wconf 86' lang='lat' dir='ltr'>Ad</span> <span class='ocrx_word' id='word_1_189' title='bbox 276 2465 497 2511; x_wconf 81' lang='lat' dir='ltr'>Apollinarem</span> <span class='ocrx_word' id='word_1_190' title='bbox 512 2493 520 2505; x_wconf 96' lang='lat'><em>,</em></span> <span class='ocrx_word' id='word_1_191' title='bbox 542 2466 618 2498; x_wconf 80' lang='lat' dir='ltr'>del.</span> <span class='ocrx_word' id='word_1_192' title='bbox 635 2479 662 2498; x_wconf 82' lang='lat' dir='ltr'>s.</span> <span class='ocrx_word' id='word_1_193' title='bbox 685 2465 793 2500; x_wconf 86' lang='lat' dir='ltr'>editio</span> <span class='ocrx_word' id='word_1_194' title='bbox 853 2467 948 2501; x_wconf 87' lang='lat' dir='ltr'>simae</span> <span class='ocrx_word' id='word_1_195' title='bbox 980 2475 1158 2502; x_wconf 77' lang='lat' dir='ltr'>matronae.</span> <span class='ocrx_word' id='word_1_196' title='bbox 1182 2467 1249 2502; x_wconf 91' lang='lat' dir='ltr'>Sed</span> <span class='ocrx_word' id='word_1_197' title='bbox 1278 2469 1374 2503; x_wconf 89' lang='lat' dir='ltr'><strong>hunc</strong></span> <span class='ocrx_word' id='word_1_198' title='bbox 1399 2469 1526 2503; x_wconf 81' lang='lat' dir='ltr'>librum</span> 
     </span>
    </p>
   </div>
   <div class='ocr_carea' id='block_1_16' title="bbox 115 2518 257 2551">
    <p class='ocr_par' dir='ltr' id='par_1_18' title="bbox 115 2518 257 2551">
     <span class='ocr_line' id='line_1_39' title="bbox 115 2518 257 2551; baseline 0 0"><span class='ocrx_word' id='word_1_199' title='bbox 115 2518 257 2551; x_wconf 79' lang='lat' dir='ltr'>Bar-hou.</span> 
     </span>
    </p>
   </div>
   <div class='ocr_carea' id='block_1_17' title="bbox 853 2520 1530 2558">
    <p class='ocr_par' dir='ltr' id='par_1_19' title="bbox 853 2520 1530 2558">
     <span class='ocr_line' id='line_1_40' title="bbox 853 2520 1530 2558; baseline 0.006 -5"><span class='ocrx_word' id='word_1_200' title='bbox 853 2528 967 2553; x_wconf 87' lang='lat' dir='ltr'>totum</span> <span class='ocrx_word' id='word_1_201' title='bbox 1000 2520 1159 2555; x_wconf 84' lang='lat' dir='ltr'>lascivire</span> <span class='ocrx_word' id='word_1_202' title='bbox 1191 2521 1275 2556; x_wconf 81' lang='lat' dir='ltr'>vino</span> <span class='ocrx_word' id='word_1_203' title='bbox 1299 2521 1505 2556; x_wconf 85' lang='lat' dir='ltr'>dissolutum</span> <span class='ocrx_word' id='word_1_204' title='bbox 1522 2550 1530 2558; x_wconf 75' lang='grc'>,</span> 
     </span>
    </p>
   </div>
   <div class='ocr_carea' id='block_1_18' title="bbox 164 2571 1532 2621">
    <p class='ocr_par' dir='ltr' id='par_1_20' title="bbox 164 2571 1532 2621">
     <span class='ocr_line' id='line_1_41' title="bbox 164 2571 1532 2621; baseline 0.004 -17"><span class='ocrx_word' id='word_1_205' title='bbox 164 2593 214 2597; x_wconf 86' lang='grc'><strong>-</strong></span> <span class='ocrx_word' id='word_1_206' title='bbox 232 2571 293 2604; x_wconf 82' lang='lat' dir='ltr'>Ait</span> <span class='ocrx_word' id='word_1_207' title='bbox 322 2579 426 2616; x_wconf 80' lang='lat' dir='ltr'>poeta</span> <span class='ocrx_word' id='word_1_208' title='bbox 457 2583 529 2605; x_wconf 89' lang='lat' dir='ltr'>esse</span> <span class='ocrx_word' id='word_1_209' title='bbox 562 2572 628 2605; x_wconf 84' lang='lat' dir='ltr'>sibi</span> <span class='ocrx_word' id='word_1_210' title='bbox 657 2571 794 2606; x_wconf 83' lang='lat' dir='ltr'>libellos</span> <span class='ocrx_word' id='word_1_211' title='bbox 855 2574 1044 2619; x_wconf 83' lang='lat' dir='ltr'>unguentis</span> <span class='ocrx_word' id='word_1_212' title='bbox 1056 2573 1277 2617; x_wconf 86' lang='lat' dir='ltr'>delibutum,</span> <span class='ocrx_word' id='word_1_213' title='bbox 1298 2576 1469 2621; x_wconf 87' lang='lat' dir='ltr'>nequitias</span> <span class='ocrx_word' id='word_1_214' title='bbox 1486 2577 1532 2609; x_wconf 87' lang='grc' dir='ltr'>Ιο-</span> 
     </span>
    </p>
   </div>
   <div class='ocr_carea' id='block_1_19' title="bbox 113 2623 794 2670">
    <p class='ocr_par' dir='ltr' id='par_1_21' title="bbox 113 2623 794 2670">
     <span class='ocr_line' id='line_1_42' title="bbox 113 2623 794 2670; baseline 0.001 -13"><span class='ocrx_word' id='word_1_215' title='bbox 113 2635 204 2669; x_wconf 83' lang='lat' dir='ltr'>quos</span> <span class='ocrx_word' id='word_1_216' title='bbox 225 2625 341 2670; x_wconf 85' lang='lat' dir='ltr'>legant</span> <span class='ocrx_word' id='word_1_217' title='bbox 363 2624 560 2659; x_wconf 86' lang='lat' dir='ltr'>castissimae</span> <span class='ocrx_word' id='word_1_218' title='bbox 584 2632 617 2658; x_wconf 78' lang='lat' dir='ltr'>et</span> <span class='ocrx_word' id='word_1_219' title='bbox 639 2623 794 2670; x_wconf 83' lang='lat' dir='ltr'>pudicis-</span> 
     </span>
    </p>
   </div>
   <div class='ocr_carea' id='block_1_20' title="bbox 856 2635 1242 2672">
    <p class='ocr_par' dir='ltr' id='par_1_22' title="bbox 856 2635 1242 2672">
     <span class='ocr_line' id='line_1_43' title="bbox 856 2635 1242 2672; baseline 0.003 -12"><span class='ocrx_word' id='word_1_220' title='bbox 856 2636 1020 2672; x_wconf 71' lang='lat' dir='ltr'><strong>quelltenl</strong></span> <span class='ocrx_word' id='word_1_221' title='bbox 1045 2635 1078 2660; x_wconf 67' lang='lat' dir='ltr'>Gt</span> <span class='ocrx_word' id='word_1_222' title='bbox 1098 2640 1242 2662; x_wconf 75' lang='lat' dir='ltr'>amores.</span> 
     </span>
    </p>
   </div>
  </div>
 </body>
</html>
