1978 3305
418 250 480 295 70

786 234 849 276 Μ.
875 233 1015 276 VAL.
1053 233 1442 276 MARTIALIS

625 324 771 377 Vites,
796 336 951 366 censeo
966 355 978 375 ‚
1003 319 1220 380 porticum
1243 318 1455 380 Philippi,

625 393 669 436 Si
701 401 743 436 te
772 391 929 435 viderit
953 388 1186 446 Hercules,
1211 390 1375 450 peristi.

474 531 487 552 1
499 531 531 551 α.
554 519 715 551 Porticum
734 516 888 561 Phihppi.
907 514 1086 548 Porticum

418 579 452 604 et
477 569 566 605 aedes
592 568 751 603 Herculis
775 576 878 613 atque
904 568 1088 601 Musarum

415 623 562 657 Martius
579 621 764 667 Philippus
782 621 930 666 Augusti
943 620 1089 654 vitricus

416 675 620 710 restauravit
631 700 640 715 ‚
655 683 689 708 et
702 674 738 706 in
753 673 795 707 iis
807 673 994 719 imaginem
1004 673 1090 706 Her-

415 729 513 762 culis.
528 727 708 761 Porticum
722 726 876 773 Philippi
889 725 1089 773 adjunctam

416 781 548 826 templo
560 780 723 813 Herculis
737 787 771 813 et
786 779 965 813 Musarum
980 779 1018 812 in
1033 790 1089 812 re·

416 834 518 879 gione
528 833 633 866 Urbis
651 845 744 866 nona
763 832 943 877 intelligit,
961 831 1006 866 de
1021 844 1089 877 qua

415 886 608 920 Eumenius
621 885 743 918 rhetor
755 885 917 918 oratione
933 883 977 918 de
989 884 1088 918 scho-

415 939 458 973 lis
475 937 701 972 instituendis
719 937 793 971 haec
810 949 818 971 ε
841 937 983 971 «AEdem
1000 937 1089 970 Her-

415 991 502 1025 culis
509 999 544 1024 et
554 992 732 1024 Musarum
742 990 778 1023 in
789 991 884 1024 circo
897 990 1090 1024 Flaminius

416 1044 560 1078 Fulvius
575 1043 739 1077 Nobilior
753 1056 794 1077 ex
807 1043 954 1089 pecunia
968 1055 1090 1078 censo·

415 1097 468 1131 ria
496 1097 577 1130 fecit
588 1123 598 1140 ‚
629 1096 726 1142 quod
753 1104 951 1143 acceperat,
982 1108 1091 1142 quum

416 1159 503 1184 esset
535 1149 573 1182 in
601 1149 736 1184 Graecia
764 1149 970 1196 imperator,
1005 1149 1092 1182 Her-

417 1203 532 1237 culem
556 1203 770 1248 Musagetem
783 1228 792 1244 ‚
815 1202 851 1236 id
873 1210 946 1244 est,
966 1201 1092 1236 ducem

416 1257 610 1298 Musaru1u3
619 1269 698 1289 nam
707 1256 887 1289 Musarum
898 1255 996 1301 quies
1007 1255 1094 1288 Her-

419 1309 506 1342 culis
529 1317 604 1354 eget
627 1308 851 1352 defensione,
874 1309 986 1342 virtus
1008 1309 1095 1342 Her-

420 1362 505 1396 culis
527 1375 610 1396 voce
625 1363 814 1396 Musarum.
825 1379 838 1391 »
855 1361 1042 1395 Suetonius
1058 1362 1094 1394 in

1145 514 1288 559 August.
1302 526 1379 560 cap.
1394 527 1439 560 29
1453 526 1462 548 τ
1477 531 1491 545 ει
1506 515 1687 561 Multaque
1701 528 1719 549 a
1737 516 1823 549 mul·

1146 567 1190 601 tis
1216 575 1388 601 exstructa
1411 576 1517 609 sunt,
1537 568 1630 602 sicut
1652 581 1671 602 a
1692 568 1822 602 Martio

1146 620 1312 666 Philippo
1342 619 1433 654 aedes
1464 621 1625 655 Herculis
1652 629 1687 654 et
1709 622 1825 654 Musa-

1147 685 1261 708 rum.»
1277 672 1362 706 Vid.
1383 673 1536 716 Ennius;
1551 673 1728 707 Plutarch.
1743 674 1825 707 Pro-

1148 726 1254 759 blem.
1269 739 1358 760 rom.
1373 726 1596 770 59;Liv.lib.
1608 727 1823 767 XXXV111;

1146 778 1303 813 Macroh.
1324 779 1496 814 Saturnal.
1520 779 1582 813 lib.
1601 780 1642 821 Ι,
1663 791 1740 824 cap.
1766 791 1824 812 12.

1148 831 1255 866 Ovid.
1274 832 1302 865 F
1304 840 1365 866 ast.
1378 849 1391 863 u
1401 832 1486 866 clari
1501 840 1728 866 monumenta
1745 828 1826 864 Phi-

1147 884 1235 930 lippi
1249 885 1396 930 Aspicis.
1416 903 1430 915 n
1456 885 1575 918 Rader.
1587 907 1640 912 —
1659 885 1825 925 Exstant,

1148 938 1284 971 nummi
1303 938 1430 983 quibus
1449 946 1484 971 et
1501 939 1628 979 Musae,
1646 945 1680 970 et
1695 937 1826 970 Hercu-

1148 990 1197 1025 les
1207 991 1386 1024 Musarum
1404 990 1478 1024 dux
1488 998 1569 1024 sunt
1584 989 1747 1036 expressi.
1758 990 1827 1022 En.

1216 1042 1273 1077 13.
1303 1043 1339 1077 Si
1370 1052 1399 1076 tc
1423 1044 1542 1076 ‘viderit
1568 1043 1733 1077 Ilercules.
1765 1042 1828 1076 Est

1150 1096 1243 1130 enim
1257 1096 1316 1130 ille
1332 1096 1532 1138 ἀλεξίκακος,
1545 1105 1579 1130 et
1589 1103 1828 1129 monstrorum

1150 1149 1365 1196 profligator.
1380 1171 1433 1177 -—
1446 1151 1576 1183 Pet-isti.
1592 1150 1644 1183 Ex
1659 1148 1756 1182 calva
1766 1174 1775 1190 ,
1794 1156 1828 1181 te

1150 1202 1382 1248 tricorporem
1417 1203 1619 1249 Geryonem
1654 1195 1828 1236 creditum

1153 1254 1307 1289 invadet.
1323 1255 1469 1302 Geryon
1492 1264 1608 1290 autem
1629 1263 1680 1290 est
1701 1255 1744 1289 ab
1758 1254 1829 1288 He-

1152 1307 1252 1342 siodo
1288 1310 1473 1354 τρικέφαλος
1507 1309 1620 1343 (lictus
1635 1336 1644 1351 ‚
1677 1308 1720 1342 ab
1755 1307 1830 1341 aliis

1154 1362 1351 1407 τρικάρηνος.

1092 1497 1151 1553 L.

874 1649 924 1677 IN
966 1648 1369 1678 CHAROPINUM.

487 1778 642 1821 Como
664 1775 782 1819 domi
802 1775 969 1835 quoties
984 1810 995 1823 ,
1021 1775 1101 1818 nisi
1127 1784 1191 1826 te,
1213 1774 1487 1835 Charopinc,
1506 1778 1658 1819 vocavi
1674 1811 1685 1831 7

558 1846 761 1890 Protinus
786 1847 982 1905 ingentes
1005 1854 1104 1888 sunt
1130 1845 1387 1899 inimicitiae3

487 1918 649 1977 Meque
673 1918 781 1976 petis
812 1915 962 1959 stricto
988 1915 1178 1958 medium
1207 1915 1461 1976 transfigere
1493 1915 1635 1969 ferro,

557 1987 601 2031 Si
631 1995 828 2030 nostrum
859 1986 948 2029 sinc
974 1995 1016 2029 te
1047 1986 1129 2029 scis
1159 1985 1340 2030 caluisse
1365 1985 1523 2030 locum.

489 2057 582 2101 Nec
608 2055 740 2101 semel
765 2073 869 2117 ergo
897 2056 1003 2100 mihi
1028 2056 1193 2100 furtum
1224 2056 1376 2101 fecisse
1403 2056 1574 2100 licebit?

477 2209 488 2229 ι
500 2223 507 2229 .
531 2195 628 2228 Coeno
645 2194 729 2226 domi
747 2195 864 2239 quoties
877 2220 886 2234 ‚
912 2201 978 2226 etc.
1003 2193 1093 2226 Cha-

420 2249 586 2294 ropimun
614 2247 858 2293 importunum
889 2245 1094 2291 coenipetam

422 2310 529 2335 notat.
541 2301 667 2334 Sensus
678 2309 712 2334 et
723 2298 813 2333 ordo
826 2299 1014 2332 verborum
1024 2307 1073 2332 est
1086 2310 1093 2331 :

420 2355 566 2396 Quoties
583 2352 679 2386 domi
695 2365 794 2386 coeuo
805 2378 815 2394 ‚
831 2361 864 2386 te
880 2364 952 2385 non
971 2352 1095 2385 invita-

420 2417 478 2449 to,
501 2406 658 2441 irasceris
682 2419 754 2439 non
781 2417 880 2439 secus
905 2418 942 2439 ac
961 2404 1096 2449 juratus

421 2459 540 2494 hostis.
562 2459 715 2492 Ruderm.

476 2513 509 2546 3.
527 2513 743 2558 Mequvparas
759 2513 867 2543 ⁴stricto
884 2510 994 2544 codex
1012 2511 1096 2544 Pul-

423 2565 554 2599 mnnni.
588 2565 700 2610 Meque
733 2564 811 2596 velis
846 2568 954 2596 stricto
985 2563 1095 2598 codex

420 2619 559 2652 'l'lnuaih
579 2618 691 2663 illeque
699 2625 789 2662 ludes
802 2620 910 2649 stricto
926 2616 1003 2649 cml.
1020 2618 1097 2649 Flo-

422 2671 764 2705 sentinus-Stricta
776 2671 918 2707 medium.
933 2671 1099 2704 ctr.Gul:r

1155 2195 1227 2239 ejus
1245 2193 1339 2226 iratoe
1356 2193 1489 2226 rabiem
1509 2193 1697 2239 amplificat
1718 2202 1829 2238 poeta.

1211 2249 1245 2285 4.
1263 2246 1302 2279 Si
1313 2254 1461 2278 nostrum.
1476 2246 1552 2279 Hoc
1569 2253 1640 2286 est,
1656 2246 1742 2279 mihi
1759 2247 1831 2280 vio-

1155 2300 1269 2333 lentus
1298 2298 1474 2339 irasceris,
1506 2299 1533 2332 si
1561 2299 1625 2332 scis
1645 2312 1699 2332 ine
1733 2298 1830 2333 domi

1156 2364 1323 2393 coenasse,
1344 2360 1376 2385 te
1403 2364 1475 2385 non
1496 2361 1634 2385 vocato.

1211 2406 1243 2439 5.
1255 2406 1321 2438 Nec
1329 2405 1433 2443 semel.
1447 2413 1512 2438 etc.
1526 2405 1605 2438 Nou
1617 2405 1734 2438 licebit
1747 2405 1831 2438 mihi

1156 2459 1209 2491 vel
1227 2458 1332 2491 semel
1351 2457 1446 2491 (lomi
1466 2459 1595 2503 absque
1611 2466 1644 2492 te
1665 2458 1753 2491 clam
1768 2470 1833 2490 εω-

1159 2511 1265 2544 nare?
1286 2533 1335 2537 --
1357 2512 1488 2544 Furtum
1509 2513 1640 2554 siu-cre,
1671 2520 1742 2544 cst:
1767 2512 1833 2544 Ce-

1157 2565 1227 2597 lare
1248 2573 1339 2597 tumn
1361 2565 1497 2610 gulam,
1518 2572 1551 2598 ct
1570 2564 1831 2610 resupinatur-m

1161 2631 1303 2658 nasum,
1333 2618 1395 2664 qui
1423 2630 1552 2651 coenam
1585 2630 1696 2651 meum
1725 2628 1835 2663 usquc

1161 2669 1294 2704 ‹ulus-'ih
