1978 3305
371 236 952 282 EPIGRAMMATUM
989 236 1113 278 LIB.
1138 236 1285 279 VIII.

1433 234 1530 281 315

197 327 299 371 Non
323 325 615 369 Athamanteo
638 324 782 386 potius
804 340 874 367 me
899 324 1030 366 mirer
1051 324 1094 366 in
1121 339 1224 367 auro
1238 359 1249 378 ,

266 394 453 439 AEolium
483 395 617 439 dones
642 396 676 439 si
697 394 825 450 mihi,
852 394 1039 454 Phryxe‚
1065 409 1209 454 pecus.

198 468 240 510 O
265 475 450 526 quantos
478 466 587 510 risus
612 466 775 527 pariter
797 473 990 526 spectata
1013 463 1209 507 movebit

265 537 383 580 Trita
406 535 599 581 Palatina
622 545 770 580 nostra
790 533 964 579 lacerna
983 530 1105 594 toga!

191 684 247 716 19.
287 672 364 706 Non
413 672 640 706 Athamanteo.
683 670 800 704 Vestis

127 723 259 769 Phryxi
288 736 330 758 ex
354 736 459 758 aureo
486 724 615 758 vellere
643 723 800 756 confecta

132 789 204 809 non
228 777 316 810 mihi
341 777 473 823 gratior
497 777 611 810 foret:
635 776 802 810 Athamas

127 838 263 871 autem,
290 842 355 863 rex
380 830 603 871 Thebarum,
625 829 740 862 Helles
766 837 801 862 et

127 882 259 927 Phryxi
274 891 373 928 pater
388 883 475 923 fuit,
495 895 533 917 ac
554 891 743 928 utrumque
760 893 804 915 ex

127 946 239 968 uxore
265 935 424 981 Nephele
442 935 573 981 genuit.
598 933 702 969 Ovid.
726 935 804 968 Me-

128 988 302 1033 tamorph.
321 988 387 1030 IV,
409 991 481 1029 466
503 996 538 1022 et
555 1001 630 1034 sqq.

184 1053 242 1075 20.
257 1041 416 1075 AEolium.
437 1042 558 1075 AEolus
569 1067 578 1084 ‚
600 1040 803 1074 Thebarum

128 1106 206 1135 rex,
219 1102 318 1139 pater
331 1094 398 1128 fuit
407 1094 627 1128 Athamantis
637 1119 646 1133 ‚
667 1102 702 1127 et
720 1106 802 1128 avus

127 1146 272 1192 Phryxi.
294 1147 441 1180 AEolium
454 1160 550 1192 pecus
571 1148 802 1193 interpretare

127 1199 290 1240 arietem,
308 1212 379 1245 quo
396 1208 519 1234 vectus
535 1201 696 1246 Phryxus
709 1200 802 1233 AEoli

128 1264 238 1298 nepos
250 1253 384 1298 trajecit
397 1265 501 1286 mare.
517 1255 569 1287 De
582 1253 638 1286 his
648 1252 802 1299 legendae

126 1305 354 1339 historiae.—
368 1306 515 1340 AEolium
536 1307 631 1339 dones
651 1309 680 1339 si
699 1307 776 1339 mihi
791 1333 799 1346 ,

127 1358 270 1403 Phryxe,
303 1358 395 1391 decus
422 1359 458 1392 in
482 1358 694 1405 quibusdam
716 1367 800 1393 vett.

128 1410 234 1452 Quod
254 1409 348 1444 idem
362 1420 432 1454 est;
450 1425 532 1445 nam
546 1413 693 1445 AEolium
712 1412 805 1445 decus

128 1462 186 1497 hic
206 1463 375 1509 significat
396 1464 718 1511 splendidissimum
736 1465 805 1498 hoe

859 678 894 703 et
929 669 1236 703 celebratissimum
1256 669 1360 703 AEolii
1393 670 1531 716 nepotis

860 722 993 767 Phryxi
1008 722 1129 755 vellus.

916 787 977 809 22'.
999 775 1092 808 Trita
1109 775 1258 807 Palatina
1282 782 1384 808 vestra
1404 774 1530 809 editio-

861 839 924 862 nes
939 835 1021 862 vett.
1038 828 1117 862 Cum
1130 827 1276 861 Palatina
1292 835 1399 860 nostra
1417 826 1530 862 codex

861 881 1049 915 Pulmanni
1063 888 1098 914 et
1112 879 1309 914 Beverlzndi
1323 881 1399 914 MS.
1416 882 1458 914 In
1469 893 1529 914 co-

862 933 999 968 dicibus
1024 933 1212 976 Farnabii‚
1242 933 1405 979 aliisque:
1432 933 1530 967 Culta

862 988 1019 1020 Palatina
1046 995 1172 1027 nostra,
1202 995 1257 1020 et«.
1287 987 1425 1032 Legunt
1447 986 1528 1020 alii:

867 1041 958 1073 Trita
984 1040 1139 1074 Palatina
1163 1048 1260 1072 vestrl
1289 1040 1414 1072 lacerna
1441 1047 1526 1084 toga.

862 1094 955 1135 Alii,
983 1092 1062 1126 Cum
1090 1093 1248 1126 Pallatim
1272 1100 1379 1125 nostra
1403 1093 1529 1125 lacerna

863 1154 937 1192 toga
950 1174 960 1187 ,
983 1146 1051 1180 levi
1075 1145 1118 1180 ad
1139 1147 1318 1180 Pulnann.
1338 1153 1371 1178 et
1390 1146 1527 1178 Beverl.

861 1198 1529 1239 codd.immutatione.—Trita.Quant0

861 1251 1019 1286 ludibrio
1032 1266 1093 1286 ero
1109 1253 1280 1295 omnibus,
1294 1252 1357 1297 qui
1370 1264 1426 1284 me
1444 1260 1526 1296 toga

860 1306 971 1339 nobili
984 1314 1168 1348 ornatum,
1183 1315 1208 1339 e*
1223 1305 1304 1338 trita
1323 1305 1460 1338 lacerna
1473 1317 1529 1337 su-

862 1359 1052 1405 perinjecta
1081 1359 1239 1393 indutim
1272 1357 1446 1392 viderint!
1468 1357 1530 1391 His

862 1412 976 1445 verbis
1011 1412 1185 1446 lacernam
1209 1423 1350 1457 quoque
1389 1410 1478 1456 petit
1510 1423 1529 1444 a

864 1464 1052 1499 Parthenio
1063 1491 1072 1507 ,
1086 1474 1123 1499 ut
1136 1477 1254 1498 nunus
1267 1464 1310 1498 sit
1321 1465 1527 1510 perfectum.

709 1601 957 1657 XXIX.

620 1760 685 1787 DE
726 1738 1047 1788 insumus*

201 1882 431 1925 Dls'ncHA
453 1881 528 1942 qui
551 1881 724 1937 scribit,
748 1890 880 1942 puto,
895 1879 990 1924 vult
1015 1880 1218 1924 brevstate
1243 1880 1430 1943 placere.

270 1951 390 2009 Quid
413 1951 593 2013 prodest
615 1951 830 2009 brevitas,
857 1951 925 1996 dic
947 1950 1074 1995 mihi.
1097 1951 1131 1995 si
1153 1949 1263 1995 liber
1288 1951 1383 1996 est?

183 2090 199 2103 *
216 2090 421 2125 Lectionem
446 2091 553 2137 hujus
578 2093 807 2138 epigramma-

130 2144 174 2177 tis
197 2156 271 2177 non
295 2144 433 2178 variant
458 2144 553 2179 libri.

185 2209 210 2230 1.
222 2197 371 2230 Disticha
385 2200 451 2244 qui,
467 2206 532 2232 etc.
548 2198 718 2245 Superius
733 2199 807 2244 epi—

130 2261 286 2295 gramma
300 2251 407 2296 paulo
425 2250 562 2296 longius
582 2263 745 2285 excusare
759 2252 809 2285 vi-

131 2302 250 2344 detur3
263 2315 372 2348 quum
388 2303 482 2337 enim
494 2305 629 2349 justum
639 2305 807 2338 volumen

131 2356 285 2389 scribere
303 2356 404 2399 velit,
423 2356 572 2402 perinde
594 2370 667 2391 esse
687 2357 734 2390 ait
747 2383 757 2399 ‚
779 2358 808 2391 si

131 2408 220 2442 illud
250 2416 310 2442 aut
343 2408 494 2442 duorum
514 2436 525 2451 ‚
559 2418 618 2443 aut
651 2410 808 2456 plurium

131 2474 298 2495 versuum
312 2462 619 2508 epigrammatibus
632 2463 805 2497 conficiat.

132 2514 212 2548 Lib.
228 2515 282 2548 VI
293 2541 302 2557 ‚
323 2515 433 2561 epigr.
454 2528 532 2549 va.
549 2537 601 2542 —-—-
614 2515 778 2549 Sidonius
797 2541 806 2557 ,

132 2567 308 2606 lib.V111‚
323 2568 423 2614 epist.
435 2568 677 2614 Lampridium
690 2581 809 2614 quem-

867 2092 949 2126 dam
969 2099 1134 2125 oratmem
1154 2090 1274 2126 laudat
1296 2105 1314 2126 a
1336 2092 1528 2126 brevitate:

872 2163 885 2175 ιι
902 2153 1085 2191 praeterea²
1103 2145 1241 2191 inquit,
1260 2144 1360 2191 quod
1388 2144 1430 2178 ad
1456 2146 1530 2191 epi-

866 2206 1057 2244 grammata
1078 2206 1218 2240 smetat,
1237 2211 1312 2231 non
1331 2198 1430 2244 copia
1443 2224 1452 2240 ‚
1469 2198 1531 2232 sed

867 2251 1026 2285 acumine
1044 2251 1191 2296 plaeens,
1208 2263 1287 2297 quae
1304 2263 1368 2284 nec
1388 2252 1531 2285 brevius

867 2304 1040 2345 disticho,
1073 2317 1124 2338 n·c
1153 2304 1292 2349 longius
1325 2305 1530 2338 tetrasticho

866 2357 1112 2391 finiebantur.·
1141 2357 1188 2390 Et
1214 2357 1339 2390 merito
1363 2356 1528 2402 quidem,

866 2411 947 2456 quia
977 2422 1047 2457 quo
1077 2410 1226 2443 beviora
1258 2418 1340 2443 sunt
1367 2419 1401 2443 et
1427 2423 1530 2457 argu-

867 2465 978 2504 fiora,
1009 2475 1050 2496 eo
1086 2463 1272 2508 promptius
1303 2463 1468 2508 leguntur
1497 2473 1532 2497 et

865 2517 1075 2557 recitantur,
1099 2529 1130 2550 «o
1158 2517 1271 2550 acrius
1301 2525 1466 2563 pungunt
1492 2525 1526 2551 et

868 2570 1028 2603 lacerant.
1050 2569 1104 2602 En
