1978 3305
366 250 948 293 EPIGRAMMATUM
986 251 1108 292 LIB.
1148 250 1233 292 IX.

1478 278 1491 309 s*

666 428 943 483 XXVII.

653 587 719 614 DF.
759 587 958 614 NERVA.

172 712 332 754 AUDET
363 707 549 753 facundo
579 708 653 767 qui
683 708 877 750 carmina
905 708 1075 751 mittere
1107 709 1286 761 Nervae,

243 778 404 823 Pallida
428 778 609 822 donabit
637 776 829 837 glaucia,
856 778 1038 831 Cosme‚
1065 778 1154 822 tibi.

173 851 368 893 Paestano
393 847 553 900 violas,
579 857 622 891 et
646 863 754 890 cana
779 846 957 908 ligustra
983 847 1158 903 colono,

244 918 433 979 Hyblaeis
460 917 613 979 apibus
641 918 819 961 Corsica
844 916 973 961 mella
995 917 1128 962 dabit.

171 989 253 1033 Sed
276 998 422 1033 tamen
450 997 493 1032 et
517 1004 662 1049 parvae
691 987 899 1031 nonnulla
925 997 987 1033 est
1016 989 1154 1049 gratia
1179 990 1316 1033 Musae
1343 1006 1350 1031 ι

242 1060 474 1120 Appetitur
499 1058 643 1118 posito
674 1059 768 1102 vilis
794 1057 907 1102 oliva
931 1057 1046 1119 lupo.

172 1131 264 1173 Nec
292 1129 371 1172 tibi
397 1130 451 1172 sit
475 1129 633 1171 mirum
649 1164 660 1183 ‚
682 1128 841 1172 modici
866 1128 984 1189 quod
1010 1130 1182 1172 conscia
1208 1131 1315 1173 vatis

241 1198 459 1243 Iudicium
487 1207 654 1242 metuat
679 1208 826 1243 nostra
845 1198 996 1243 Thalia
1023 1209 1158 1242 tuum.

162 1360 191 1381 1.
209 1348 333 1381 Nervae.
349 1348 456 1393 Cujus
474 1360 592 1381 versus
605 1349 677 1392 jam
696 1348 772 1380 lau-

105 1400 201 1434 davit
221 1401 390 1441 lib.VIlI‚
412 1401 521 1446 epigr.
545 1413 628 1441 Lxx,
649 1409 683 1433 et
703 1401 773 1433 Pli-

107 1454 189 1486 nius
204 1453 323 1499 junior
344 1453 404 1486 lib.
417 1453 463 1494 V,
482 1453 581 1498 epist.
604 1453 637 1487 3.

159 1519 190 1539 2.
209 1506 358 1545 Pallida,
385 1514 450 1539 etc.
469 1506 534 1538 Ille
554 1517 627 1538 non
658 1505 774 1538 minus

104 1560 221 1605 inepte
243 1559 340 1600 facit,
361 1571 464 1603 quam
490 1559 549 1603 qui
569 1559 695 1592 Cosmo
723 1570 775 1591 se·

106 1611 266 1657 plasiario
293 1619 395 1657 atque
423 1611 615 1655 myropolae
640 1610 775 1656 optimo

105 1664 211 1697 mittit
222 1665 326 1697 vilem
338 1663 500 1709 pallentis
515 1663 722 1697 meminthes
736 1664 777 1696 si-

105 1729 146 1750 ve
170 1717 350 1763 papaveris
374 1715 583 1750 corniculati
608 1728 749 1749 succum
767 1743 776 1757 ‚

105 1769 166 1816 qui
186 1770 362 1816 glaucium
382 1777 540 1802 vocatur.
563 1769 697 1801 Pallida
719 1769 776 1801 do-

105 1823 194 1855 nabit
213 1823 362 1867 glaucina
395 1822 431 1854 in
471 1821 692 1867 quibusdam.
726 1843 777 1847 —

106 1876 214 1908 Pallia
229 1876 358 1908 donavit
369 1875 519 1919 glaucina
535 1875 571 1907 in
583 1873 662 1907 Ald.
678 1875 699 1906 J
702 1883 776 1907 unt.

107 1929 220 1962 Colin.
240 1928 378 1974 Gryph.
412 1927 571 1960 Pulman.
597 1926 775 1961 Calderin.

107 1982 219 2014 Plant.
233 1981 376 2014 Junian.
394 1981 501 2025 Lang.
516 1988 551 2013 et
563 1979 689 2025 Delph.
707 1979 778 2013 Sed

108 2034 236 2067 Pallida
261 2033 394 2066 donabit
415 2033 545 2078 glaucia
576 2032 612 2065 in
637 2033 778 2078 optimis

106 2086 304 2128 codicibus3
318 2086 366 2120 sic
380 2085 483 2119 Grut.
502 2085 612 2119 Scriv.
630 2085 776 2118 Famab.

108 2148 142 2173 et
171 2139 346 2173 Schrevel.
374 2137 469 2172 Illud
494 2147 608 2172 tamen
632 2138 660 2172 si
680 2150 778 2172 rece-

107 2201 207 2238 ptum
227 2192 353 2231 fuerit,
372 2191 430 2224 bic
452 2191 518 2224 erit
541 2203 663 2225 sensus
681 2203 688 2224 :
708 2191 780 2233 Qui

110 2245 293 2278 versiculos
306 2244 370 2278 tibi
383 2270 392 2285 ,
404 2244 520 2278 Nerva
530 2269 538 2284 ‚
555 2243 664 2277 mittit
675 2268 685 2283 ‚
704 2256 781 2289 per·

110 2296 191 2330 inde
210 2297 289 2330 facit
310 2308 348 2329 ac
363 2297 391 2330 si
408 2305 442 2330 te
461 2296 610 2330 donaret
627 2297 780 2330 vestibus

109 2349 235 2384 coloris
261 2349 392 2394 glauci,
411 2361 520 2394 quum
547 2349 611 2382 tibi
634 2350 678 2382 sit
695 2361 781 2395 pur-

110 2414 299 2448 purearum
319 2402 466 2435 vestium
485 2402 597 2447 copia.

165 2456 198 2488 3.
211 2455 360 2487 Paestano
378 2454 490 2487 violas.
512 2454 662 2487 Paestum
675 2479 684 2494 ,
705 2466 781 2499 quae

111 2517 143 2541 et
160 2507 334 2540 Posidonia
353 2507 435 2552 quia
457 2506 624 2551 Neptuno
646 2503 782 2545 (Graece

111 2557 301 2600 Ποσειδῶν)
319 2571 413 2593 sacra
432 2553 562 2602 <hodie
578 2557 761 2604 Agropilli)
774 2585 783 2600 ‚

112 2613 272 2646 Lucaniae
283 2611 468 2658 oppidum.
481 2614 571 2657 Ager
587 2619 700 2644 autem
714 2611 783 2644 Pae-

112 2674 226 2699 §tanus
250 2666 346 2698 omni
366 2664 490 2698 florum
518 2676 644 2709 genere
671 2665 781 2697 abun-

832 1347 948 1390 davit,
975 1356 1009 1381 at
1032 1360 1191 1382 rosarum
1217 1349 1403 1394 praecipue.
1427 1351 1505 1385 Lib,

833 1402 878 1441 V,
896 1402 1004 1446 epigr.
1027 1413 1148 1435 xxxvn
1160 1427 1170 1442 ‚
1184 1413 1232 1435 vs.
1252 1415 1286 1445 9.
1299 1402 1366 1436 En.

889 1458 920 1494 4.
949 1454 988 1486 H
990 1454 1108 1493 rbloeis,
1144 1462 1209 1487 etc.
1245 1455 1326 1500 Ipse
1361 1456 1481 1501 apibus
1496 1484 1504 1497 ,

833 1507 907 1546 vel,
929 1506 985 1546 iis,
1002 1506 1062 1551 qui
1077 1507 1207 1540 habent
1226 1519 1306 1553 apes
1325 1508 1484 1553 Hyblaeas
1496 1537 1504 1549 ‚

836 1559 949 1592 mittet
968 1559 1075 1592 amari
1093 1560 1224 1605 saporis
1241 1560 1343 1593 mella
1355 1561 1505 1596 Corsica.

837 1633 888 1638 —
903 1612 1031 1645 Corsica
1047 1613 1150 1646 mella.
1172 1613 1293 1655 Amari
1312 1626 1437 1660 nempe
1456 1627 1507 1648 sa-

834 1665 939 1709 poris.
966 1666 1018 1698 De
1048 1665 1161 1710 Hybla
1182 1667 1251 1710 jam
1275 1664 1411 1699 dictum
1441 1667 1504 1700 lib.

836 1718 926 1758 VII,
947 1718 1055 1763 epigr.
1070 1730 1249 1759 Lxxxvut‚
1267 1730 1317 1752 vs.
1341 1720 1374 1753 8.

890 1773 923 1804 6.
938 1771 1124 1815 Etpetitur‚
1135 1771 1191 1803 vel
1212 1771 1382 1816 Utpetitur
1396 1773 1506 1817 conji-

837 1823 883 1855 cit
898 1825 979 1856 Ant.
991 1823 1029 1855 de
1047 1824 1142 1870 Roas.
1163 1822 1284 1858 Codex
1300 1825 1483 1858 Pulmanni
1498 1852 1506 1859 .

832 1878 935 1920 posito
948 1877 1058 1919 fugin
1081 1885 1114 1909 et
1141 1877 1190 1910 sic
1215 1889 1257 1909 ex
1283 1877 1451 1910 Vaticano
1474 1887 1508 1911 et

837 1928 1011 1962 Puteaneo
1035 1929 1115 1974 legit
1133 1929 1296 1963 Heinsius
1319 1929 1361 1963 ad
1384 1930 1506 1964 Claud-

837 1980 880 2014 de
905 1981 1015 2026 Nupt.
1036 1982 1170 2015 Honor.
1190 1990 1224 2015 et
1240 1982 1329 2016 Mar.
1350 1995 1397 2016 vs.
1420 1985 1503 2028 267.

837 2034 998 2067 Nostram
1010 2034 1198 2068 lectionem
1210 2034 1373 2069 exhibent
1382 2034 1436 2069 ed.
1447 2047 1506 2069 an-

836 2087 898 2132 tiq.
922 2087 1057 2120 Ferrar.
1075 2100 1129 2121 an.
1146 2092 1239 2132 1471
1255 2096 1288 2121 et
1308 2087 1386 2121 Ald.
1409 2090 1507 2122 Junt.

837 2139 951 2173 Colin.
974 2139 1111 2185 Gryph.
1128 2141 1430 2185 eta—Appetitur,
1443 2149 1508 2174 etc.

837 2192 961 2237 Neque
974 2193 1067 2225 enim
1085 2192 1251 2238 appositis
1265 2192 1301 2225 in
1316 2193 1508 2227 lautissimo

838 2245 998 2278 convivio
1017 2244 1173 2278 delicatis
1190 2245 1360 2290 piscibus,
1378 2246 1507 2280 fastidi-

839 2310 915 2330 mus
927 2297 1011 2330 viles
1020 2298 1303 2331 olivas.-—·Posito
1319 2299 1402 2343 lupo.
1413 2299 1509 2333 Pisce

838 2349 994 2383 delicato.

897 2414 930 2446 7.
947 2401 1016 2435 Nec
1037 2402 1103 2435 tibi.
1129 2402 1281 2435 Nervam
1307 2403 1507 2450 alloquitur,

843 2456 940 2499 cujus
953 2467 1071 2488 aurem
1084 2455 1276 2488 censoriam
1286 2455 1427 2490 timebat
1436 2457 1509 2503 ipse

842 2508 948 2540 Nero.
971 2508 1047 2540 Lih.
1064 2508 1173 2549 VIII,
1193 2509 1304 2553 epigr.
1321 2522 1395 2555 sup.
1415 2511 1508 2544 citat.

897 2561 931 2593 8.
951 2560 1067 2592 Thalia
1093 2568 1188 2594 tuum.
1209 2561 1288 2595 Lib.
1313 2562 1377 2603 lV,
1398 2563 1506 2608 epigr.

843 2624 930 2652 vm,
955 2625 1004 2646 vs.
1040 2625 1081 2646 12
1098 2639 1107 2655 ‚
1131 2621 1166 2646 et
1196 2613 1259 2647 lib.
1281 2615 1369 2653 VII,
1399 2616 1508 2661 epigr.

844 2678 916 2699 xvn
929 2690 939 2705 ,
959 2678 1007 2699 vs.
1033 2670 1065 2705 4.
1082 2687 1133 2696 --
1151 2666 1309 2700 Iudicium
1326 2676 1441 2701 metuat
1460 2677 1509 2701 te-
