1978 3305
374 234 963 283 EPIGRAMMATUM
1002 236 1129 279 LIB.
1168 236 1222 279 V.

1437 235 1497 297 (37

648 389 952 446 XLVIII.

589 545 658 573 DE
708 522 1015 572 ENCOLPO.*

171 671 299 728 QUID
330 684 417 712 non
444 668 562 728 cogit
585 665 734 710 amor?
756 666 892 710 secuit
922 664 1096 709 nolente
1127 664 1304 726 capillos

240 738 464 799 Encolpus
493 736 696 792 domino,
720 752 801 780 nec
831 735 1091 796 prohibente
1116 745 1274 779 tamen.

172 810 394 864 Permisit,
421 808 627 868 flevitque
653 806 827 850 Pudens

857 823 865 848 :
894 807 953 850 sic
976 807 1106 850 cessit
1129 806 1308 849 habenis

241 879 409 924 Audaci
435 887 613 940 questus
638 876 692 920 de
716 876 990 921 Phaethonte
1014 885 1150 937 pater.

129 975 137 981 ·
169 949 285 995 Talis
312 959 460 1011 raptus
487 947 642 1009 Hylas,
669 946 764 991 talis
789 946 1028 1008 deprensus
1055 945 1243 991 Achilles

170 1086 254 1129 Καὶ
281 1084 323 1128 τί
350 1085 463 1155 ἔρως
470 1085 542 1127 οὐκ.
566 1085 722 1137 ἕπεισες
750 1085 876 1142 ndu-nv
903 1082 1091 1132 ἀέκοντος
1119 1079 1292 1133 ἄνακτος

241 1155 416 1216 Κείρατο
443 1156 679 1216 Εγκολπος,
705 1147 803 1214 μηδ’
829 1154 1037 1212 ἐρυκοντος
1063 1154 1184 1212 ὅμως.

171 1222 263 1277 Εἷξε
290 1220 452 1279 nde-ng,
480 1224 545 1268 καὶ
573 1226 641 1267 ἔκ)
646 1225 733 1266 αυσ’

785 1225 891 1266 οὕτω
922 1223 1160 1283 κατάφωρος
1185 1215 1381 1282 Ᾱχιλλεὺς

241 1296 417 1349 Ξανθῃν,
450 1295 670 1355 ἀχθομένης
700 1294 877 1354 μητρὸς,
906 1293 1057 1353 ἐθρισσε
1082 1293 1207 1352 κόνι-νη

172 1369 289 1418 Τοῒος
319 1354 426 1416 Ῠλας
451 1368 661 1425 ἥρπακτο·
693 1367 747 1408 τά
775 1363 809 1405 θ’
834 1364 926 1411 ἡνία
950 1368 1057 1413 τοῖος
1085 1364 1239 1422 ἀφῆκε,

156 1501 171 1516 ”
186 1504 280 1539 Vide
298 1505 358 1539 lib.
380 1506 418 1546 I,
438 1505 547 1551 epigr.
568 1516 679 1537 xxxn.
702 1503 780 1537 Illic

104 1567 248 1592 voverat
275 1558 472 1604 Encolpus‚
499 1557 581 1590 Auli
607 1556 778 1590 Pudentis

105 1610 320 1646 centurionis
350 1611 522 1653 amasius,
547 1610 660 1644 crines
697 1622 778 1643 suos

106 1666 258 1704 Phoebo,
279 1671 320 1697 ut
334 1665 489 1710 primum
506 1662 667 1696 dominus
685 1675 779 1703 suu5‚

106 1717 149 1751 ad
165 1717 420 1763 primipilatum
434 1713 523 1762 (quae
535 1716 694 1762 proxima
707 1723 779 1748 erat

105 1765 272 1816 dignitas)
294 1770 502 1803 eveheretur
523 1781 531 1802 :
553 1781 648 1802 nunc
671 1780 779 1814 quum

107 1832 242 1857 creatus
277 1831 364 1857 esset
401 1821 647 1869 priinipilari5‚
690 1833 781 1868 puer

107 1876 290 1910 damnatus
308 1876 402 1917 voti,
424 1874 547 1909 tondet
561 1875 673 1908 crines
690 1874 781 1907 Aulo

107 1942 180 1963 non
208 1929 441 1975 prohibente,
472 1927 532 1962 sed
564 1937 680 1961 tamen
716 1926 781 1961 do-

109 1983 217 2017 lente.

161 2047 189 2069 1.
203 2035 309 2079 Quid,
323 2043 388 2068 etc.
399 2034 554 2067 Imitatio
566 2033 780 2079 Virgiliana:

115 2087 233 2130 nQuid
244 2100 316 2120 non
328 2086 488 2120 mortalia
498 2094 638 2132 pectora
648 2086 754 2131 cogis.
764 2103 777 2115 r·

166 2154 199 2175 2.
211 2139 419 2174 Beverlandi
428 2139 503 2173 MS.
517 2153 578 2172 non
585 2138 782 2185 prohibente.

111 2217 163 2221 —
186 2194 254 2228 Nec
274 2193 456 2239 prohibente
483 2201 596 2226 tamen.
625 2192 718 2234 Quia
744 2204 785 2225 ex

112 2254 211 2289 voto;
232 2254 378 2293 propter
399 2245 603 2287 dominum,
625 2244 787 2292 primipi-

111 2301 216 2333 larem
231 2307 454 2345 assequutum
468 2297 684 2344 dignitatem.
695 2297 788 2332 Vide

112 2352 173 2386 lib.
188 2354 206 2385 I
217 2377 226 2394 ‚
245 2352 352 2397 epigr.
370 2364 469 2385 xxxix
481 2377 490 2392 ‚
506 2350 600 2385 unde
615 2351 698 2385 huic
714 2351 786 2385 lux.

169 2404 201 2438 3.
229 2404 283 2437 Sic
312 2407 413 2438 cessit.
443 2405 499 2438 Sic
528 2404 639 2438 invito
671 2404 787 2437 animo

113 2458 264 2491 Phoebus
275 2458 358 2490 olim
369 2457 526 2503 permisit
534 2457 790 2490 Phaethontem

114 2524 218 2545 suum
241 2523 382 2545 currum
403 2510 591 2544 moderari.
610 2511 701 2543 Nota
717 2510 790 2542 haec

115 2564 231 2597 fabula
255 2576 297 2597 ex
315 2563 460 2597 ovidio.

171 2619 204 2650 5.
227 2618 315 2650 Talis
335 2625 442 2662 raptus
464 2617 579 2663 Hylas.
602 2617 688 2649 Tres
709 2615 791 2648 afle-

116 2678 199 2703 runt
227 2670 551 2715 interpretationes,
580 2668 640 2703 sed
670 2680 791 2702 omnes

836 1503 948 1536 falsas.
966 1503 1053 1536 Tam
1073 1503 1246 1536 formosus
1258 1528 1267 1544 ‚
1288 1503 1423 1549 inquit,
1442 1514 1512 1539 tam

838 1554 1021 1589 delicatam
1040 1567 1175 1588 comam
1194 1555 1312 1601 posuit
1331 1557 1439 1602 Hylas
1456 1572 1512 1592 ra-

837 1617 930 1654 ptus.
944 1608 1084 1641 Etenim
1100 1621 1210 1654 quum
1226 1609 1392 1643 maritum
1409 1611 1514 1657 hujus

838 1661 1031 1708 Nymphae,
1050 1673 1125 1706 quae
1145 1661 1245 1694 illum
1258 1662 1393 1707 rapuit,
1414 1676 1513 1709 agere

838 1713 981 1747 deberet
992 1739 1001 1755 ,
1025 1726 1165 1759 aequum
1181 1723 1254 1747 erat
1271 1727 1352 1748 eum
1368 1728 1514 1753 exsuere

839 1767 962 1800 faciem
976 1767 1095 1812 pueri,
1109 1779 1281 1801 assumere
1295 1768 1378 1811 viri,
1393 1769 1430 1802 id
1444 1780 1515 1813 est,

839 1819 993 1853 tonderi.
1004 1820 1078 1853 Hoc
1086 1820 1343 1854 Gronoviusita
1353 1823 1513 1868 explicat.

840 1873 897 1907 Sic
910 1872 1129 1907 Theodamas
1141 1885 1236 1906 arma
1250 1873 1412 1909 adversus
1426 1877 1515 1911 Her-

840 1927 952 1960 culem
968 1939 1129 1968 movens,
1149 1926 1261 1960 fllium
1278 1927 1405 1972 Hylam
1419 1928 1514 1963 domi

841 1991 981 2013 manere
1003 1979 1136 2021 voluit;
1160 1979 1220 2012 sed
1246 1981 1380 2025 petenti
1404 1994 1515 2026 puero

841 2032 1010 2066 concessit
1023 2041 1062 2065 ut
1077 2045 1147 2066 una
1161 2032 1452 2077 proficisceretur,
1466 2045 1516 2069 at-

842 2098 911 2131 que
928 2086 975 2118 ita
994 2086 1037 2118 ab
1056 2085 1207 2118 Hercule
1226 2094 1345 2130 raptus
1365 2088 1495 2121 est.Vel
1508 2114 1518 2129 ‚

842 2139 890 2172 sic
915 2138 1022 2183 Hylas
1043 2138 1186 2172 Herculi
1209 2138 1362 2172 offensus
1384 2140 1430 2173 ob
1457 2154 1518 2187 pa-

843 2201 932 2226 trem
954 2191 1107 2225 occisum
1120 2217 1129 2232 ‚
1151 2203 1268 2224 amore
1289 2199 1404 2225 tamen
1428 2193 1518 2228 Her-

844 2245 931 2278 culis
957 2244 1069 2278 victus
1094 2257 1129 2278 se
1148 2243 1199 2276 illi
1221 2245 1386 2278 comitem
1408 2245 1518 2281 dedit.

845 2298 932 2339 Vel,
950 2297 999 2330 sic
1013 2297 1198 2342 impetrata
1213 2305 1246 2329 et
1256 2306 1389 2331 extorta
1408 2299 1519 2334 invito

846 2350 991 2384 Herculi
1010 2350 1109 2382 venia
1127 2348 1235 2382 eundi
1251 2359 1417 2396 aquatum
1431 2379 1439 2393 ‚
1457 2365 1520 2398 pe-

846 2404 906 2436 riit
926 2403 1033 2448 Hylas
1055 2415 1073 2435 a
1095 2402 1269 2448 Nymphis
1287 2412 1419 2449 raptus.
1441 2406 1517 2439 Lib.

848 2457 921 2495 III,
943 2455 1053 2500 epigr.
1074 2468 1145 2488 XIx.
1166 2475 1218 2480 -—-
1245 2456 1334 2489 Talis
1355 2458 1520 2502 deprensus

851 2509 1003 2542 Achilles.
1023 2510 1078 2541 Sic
1098 2509 1250 2542 Achilles
1275 2510 1333 2541 ubi
1363 2511 1521 2556 virgineo

850 2561 971 2595 habitu
987 2560 1078 2607 apud
1089 2561 1326 2607 Lycomedem
1338 2563 1440 2597 latuit
1453 2578 1522 2598 ma-

850 2615 912 2648 tris
921 2627 1036 2657 suasu,
1051 2613 1241 2660 deprensus
1251 2616 1293 2649 ab
1304 2616 1446 2661 Ulysse,
1465 2616 1522 2651 de-

851 2667 972 2714 positis
984 2668 1092 2701 comis
1104 2680 1145 2701 ex
1159 2668 1303 2713 ephebis
1316 2670 1478 2711 excessit,
1490 2680 1521 2705 ei

1229 2738 1281 2783 ¹32
