1978 3305
393 206 458 257 4ο

766 201 828 242 Μ.
853 201 993 244 VAL.
1028 199 1424 243 MARTIALIS

391 290 574 349 Ecquis,
602 290 666 341 io,
693 296 891 342 revocat,
915 286 1296 347 discedentemque
1326 286 1525 331 reducit?

460 360 643 419 Ecquis,
667 359 732 414 io,
754 357 895 418 largas
917 356 1070 418 pandit
1092 357 1257 400 amicus
1280 355 1414 417 opes?

392 430 537 486 Quem
558 428 720 472 chartis
741 427 953 487 famaeque
973 426 1148 483 damus,
1162 425 1422 487 populisque.
1443 426 1736 488 loquendum?
1789 443 1802 466 5

462 498 574 556 Quis
597 499 768 558 Stygios
792 513 882 541 non
908 495 1004 540 vult
1025 506 1143 541 totus
1166 496 1285 541 adire
1308 495 1458 541 lacus?

392 571 512 624 Hoc,
537 585 669 629 rogo,
692 584 781 611 non
803 567 978 624 melius,
999 583 1130 628 quam
1158 567 1293 611 rubro
1318 566 1486 628 pulpita
1512 568 1663 612 nimbo

460 640 697 699 Spargere,
722 647 766 681 et
789 637 932 681 effuso
954 637 1251 699 permaduisse
1273 636 1437 682 croco?

391 709 536 765 Quam
568 725 657 751 non
687 724 868 752 sensuro
892 707 997 752 dare
1018 708 1335 769 quadringenta
1358 707 1550 764 caballo,

392 834 542 881 gradum
554 848 627 869 non
644 835 856 882 occuparet?
868 835 949 870 vide
965 850 1068 883 supra

393 888 502 934 epigr.
525 901 596 922 xiv.
617 888 686 922 Sed
703 888 809 922 credo
831 889 923 923 intra
942 889 1070 935 gradus

392 953 459 974 nce
480 949 571 975 stare
594 941 738 988 quidem
759 942 918 984 licuisse,
940 943 1071 988 alioqui

392 1006 465 1026 non
483 993 628 1028 adderet
644 1003 746 1040 poeta
760 1021 768 1037 ‚
780 996 863 1040 fuge
875 1023 884 1036 ,
906 1009 1014 1035 curre‚·
1038 1003 1073 1029 et

395 1045 495 1080 addit
514 1047 578 1080 late
590 1075 599 1087 ,
619 1047 656 1081 id
672 1056 723 1082 est
735 1075 744 1091 ‚
765 1049 859 1082 inter
877 1049 1070 1094 populum,

394 1112 439 1133 ne
452 1100 591 1133 Lectius
601 1099 861 1147 deprehensum
871 1102 965 1135 inter
976 1102 1073 1148 equi-

395 1161 445 1186 tes
456 1178 466 1193 ‚
479 1153 645 1187 latentem
664 1155 857 1199 protrahat.
874 1155 991 1188 Rader.

453 1206 486 1239 3.
502 1207 632 1252 Ecquis.
650 1207 799 1253 Ecquis,
818 1207 936 1253 inquit
952 1215 1073 1253 poeta,

397 1267 467 1291 tam
483 1259 626 1293 honoris
645 1269 679 1293 et
697 1260 904 1294 immortalis
921 1260 1074 1294 nominis

397 1324 538 1353 amans,
564 1321 602 1346 ut
629 1313 764 1346 bonum
788 1313 904 1346 virum
932 1314 1073 1348 Chaere-

398 1372 545 1397 stratum
566 1365 773 1399 liberalitate
798 1379 859 1399 sua
879 1365 1050 1400 donatum
1066 1392 1077 1406 ,

399 1417 435 1449 in
455 1418 583 1463 equitis
601 1418 738 1452 honore
760 1427 935 1452 servatum
954 1419 1051 1452 malit
1064 1444 1075 1461 ‚

398 1481 504 1514 quain
531 1472 676 1515 majores
703 1480 862 1517 sumptus
891 1471 1076 1506 effundere

399 1523 435 1554 in
453 1535 508 1556 res
527 1523 672 1557 inanes?
687 1546 739 1551 —
755 1525 803 1558 Io.
824 1526 904 1558 Vox
921 1526 996 1558 haec
1017 1538 1075 1558 va-

398 1575 492 1608 rium
518 1576 624 1610 habet
648 1590 772 1618 usum,
798 1577 1076 1623 frequentissime

400 1629 576 1673 gestientis
597 1638 647 1663 est
660 1656 668 1670 ‚
687 1638 727 1663 ut
744 1631 782 1663 Io
801 1631 954 1676 triumphe
967 1644 978 1663 :
995 1631 1076 1663 alias

400 1680 601 1723 irridentis;
622 1683 704 1715 alias
725 1681 888 1717 dolentis.
907 1683 983 1717 Hoc
998 1683 1076 1717 loco

399 1735 556 1767 vocantis
578 1734 736 1776 videtur,
757 1736 812 1769 vel
830 1737 996 1781 plausum
1020 1748 1077 1769 ca-

399 1787 549 1831 ptantis,
565 1788 660 1833 quasi
675 1787 788 1822 dicat:
807 1789 977 1831 Quisnam
997 1802 1077 1822 cum

401 1838 503 1873 laude
539 1848 574 1873 et
606 1841 775 1887 applausu
809 1843 969 1875 omnium
1002 1843 1079 1876 vult

400 1892 498 1926 hunc
520 1893 790 1927 Chaerestratum
810 1895 1012 1929 servatum?

457 1946 489 1979 5.
524 1947 624 1990 Quem
661 1948 778 1979 chartis
805 1949 977 1993 sanaeque.
1009 1949 1077 1981 Eos

401 1998 497 2030 euim
524 2011 541 2031 a
570 2000 681 2044 poetis
709 2000 896 2034 immortali
926 2002 1078 2034 carmine

403 2051 614 2085 celebratum
638 2053 680 2085 iri
702 2052 800 2086 dicit.

457 2106 490 2137 6.
526 2105 607 2149 Quis
635 2105 776 2152 .5'{i'gios.
802 2107 888 2148 Quis
917 2107 1011 2139 ouini
1038 2119 1079 2140 ex

404 2165 500 2200 parte
519 2158 636 2203 perire
657 2171 729 2192 non
751 2160 846 2200 vult,
870 2160 929 2193 sed
953 2160 1078 2193 libera-

402 2209 499 2242 litate
531 2223 661 2245 nomen
693 2225 794 2245 suum
825 2213 1078 2246 immortalitati

406 2262 565 2296 mandari
585 2265 708 2309 cupit?

457 2328 489 2358 7.
506 2318 578 2348 Hoc
593 2344 600 2355 ,
616 2331 706 2361 rogo.
723 2319 851 2352 Sensus
864 2327 914 2351 est
930 2331 936 2351 :
954 2319 1079 2351 Nonne

403 2378 581 2412 praestaret
612 2372 762 2415 pecunia
792 2372 916 2404 famam
945 2384 1079 2413 emere,

403 2433 509 2465 quam
530 2423 694 2456 maximas
718 2425 890 2469 impensas
913 2425 1024 2459 facero
1044 2426 1078 2458 iu

403 2474 476 2507 haec
495 2476 605 2508 futilia
620 2477 635 2508 Ρ
653 2497 703 2502 --
719 2478 844 2515 liuhi-0,
870 2487 938 2511 cte.
961 2480 1082 2523 Asper-

403 2528 517 2560 siones
535 2527 695 2561 odoratas
714 2542 853 2563 croceas
873 2544 890 2564 e
910 2531 1002 2564 tubis
1021 2545 1078 2564 oc·

403 2580 505 2618 cultis
525 2581 632 2614 instar
655 2583 744 2615 roris
770 2585 986 2624 tenuissimi,
1009 2586 1079 2629 eja-

404 2635 531 2668 culatas
546 2635 579 2667 iu
594 2635 863 2680 amphitheatro.
879 2637 997 2682 Epigr.
1015 2650 1078 2679 ιιι,

1128 838 1189 870 lib.
1209 837 1325 882 Spect.
1355 849 1457 870 versu
1484 838 1519 870 8.
1539 836 1654 870 Gloss.
1679 836 1810 881 Spar-sio

1130 890 1239 936 κρόκος
1266 891 1281 922 ὁ
1303 890 1498 935 ῥαινόμενος.
1526 888 1594 923 Sed
1619 888 1664 923 de
1684 889 1751 922 hac
1772 901 1811 922 re

1130 942 1275 988 Lipsius
1289 942 1325 975 in
1343 942 1614 988 amphitheatro.
1628 942 1681 975 Ut
1693 950 1811 976 autem

1131 995 1268 1028 nimbum
1291 995 1418 1028 rubrum
1439 994 1526 1028 dicit
1547 994 1740 1036 Martialis,
1763 994 1812 1028 sic

1131 1047 1300 1094 Apuleius
1325 1056 1359 1081 et
1380 1047 1506 1080 imbrem
1525 1048 1691 1080 odoratum
1710 1046 1810 1081 dixit.

1133 1101 1305 1135 Martialis
1323 1101 1480 1146 Spectac.
1500 1100 1564 1134 lib.
1585 1117 1598 1130 α
1617 1101 1664 1134 Et
1687 1100 1814 1136 Cilices

1132 1154 1260 1188 nimbis
1269 1154 1327 1187 hic
1338 1152 1506 1187 maduere
1521 1153 1602 1187 suis-
1610 1152 1741 1195 fldem,
1750 1153 1811 1187 lib.

1135 1208 1186 1240 IX
1198 1207 1307 1253 epigr.
1324 1207 1496 1240 «Lubrica
1516 1207 1672 1252 Corycio
1687 1219 1810 1252 quam-

1133 1261 1187 1293 vis
1207 1260 1277 1293 sint
1294 1260 1433 1306 pulpita
1454 1260 1612 1293 nimbo.»
1629 1258 1736 1293 Ovid.
1751 1271 1813 1293 vo·

1133 1321 1197 1353 cat,
1216 1312 1418 1359 «liquidum
1433 1325 1596 1355 crocum;
1611 1330 1624 1342 n
1649 1313 1813 1358 Propert.

1143 1384 1156 1396 υ
1172 1367 1340 1400 Solennes
1359 1378 1482 1399 crocos
1496 1384 1509 1396 ›-
1524 1379 1533 1407 ;
1550 1365 1683 1399 Lucan.
1700 1376 1815 1411 «pres-

1135 1431 1251 1453 suram
1280 1419 1421 1452 croci».
1441 1419 1515 1452 Nec
1529 1431 1570 1452 ex
1592 1417 1811 1464 siphunculis

1135 1480 1271 1505 tantum
1283 1497 1293 1512 ‚
1309 1471 1370 1505 sed
1386 1484 1426 1504 ex
1442 1471 1565 1505 statuis
1578 1473 1681 1505 etiam
1696 1471 1815 1516 liquor

1135 1525 1278 1558 effusus.
1288 1525 1340 1557 Ex
1355 1524 1499 1558 theatris
1509 1549 1518 1564 ‚
1531 1523 1815 1569 amphitheatris,

1136 1577 1239 1610 circis
1265 1578 1461 1623 sparsiones
1483 1576 1624 1611 tandem
1644 1577 1680 1610 in
1704 1575 1816 1610 tricli-

1136 1631 1194 1663 nia
1211 1630 1395 1663 translatae.
1416 1631 1549 1663 Auctor
1567 1629 1757 1663 Suetonius
1778 1629 1815 1662 in

1136 1683 1220 1716 Ner.
1237 1694 1314 1728 cap.
1334 1684 1352 1716 3
1363 1694 1399 1723 13
1416 1682 1592 1716 Plutarch.
1612 1681 1656 1716 de
1672 1682 1816 1717 Othone

1136 1744 1255 1769 narrat
1280 1734 1389 1769 idem.
1419 1735 1509 1777 Quae
1534 1735 1670 1769 Plinius
1697 1736 1816 1768 omnia

1136 1787 1231 1833 apud
1258 1789 1354 1834 Lips.
1385 1788 1626 1833 Ainphitheat.
1652 1800 1730 1834 cap.
1757 1790 1816 1821 16.

1137 1841 1313 1875 Marsilius
1337 1854 1428 1887 aqua
1446 1852 1519 1874 non
1543 1841 1627 1874 vino
1654 1840 1811 1874 dilutum

1138 1896 1185 1928 ait
1201 1895 1557 1939 crocum—Pulpita.
1577 1894 1654 1928 Hoc
1671 1894 1817 1939 proprie

1138 1947 1182 1981 de
1195 1948 1339 1981 theatris
1349 1946 1483 1980 dictum
1496 1974 1505 1988 ‚
1517 1948 1551 1980 in
1564 1948 1692 1992 quibus
1705 1958 1818 1981 scenae

1140 2010 1173 2034 et
1193 2000 1341 2046 pulpita.

1194 2055 1226 2086 8.
1248 2053 1467 2086 Per-maduisse
1505 2066 1587 2085 mero
1621 2053 1656 2086 iu
1696 2051 1818 2086 codice

1142 2106 1296 2140 Florent.

1194 2174 1227 2203 9.
1240 2159 1314 2193 Non
1328 2172 1467 2198 sensuro,
1483 2167 1549 2192 etc.
1564 2159 1700 2192 Statuas
1714 2169 1821 2204 equo-

1140 2226 1220 2245 rum
1257 2221 1361 2257 atque
1399 2212 1599 2257 aurigarum
1621 2223 1629 2244 :
1656 2211 1717 2244 lib.
1753 2211 1819 2253 IV,

1139 2266 1250 2312 epigr.
1269 2277 1377 2299 wat.
1395 2265 1443 2298 Ut
1462 2265 1554 2298 enim
1573 2262 1665 2303 ἆθλος
1680 2272 1730 2298 est
1746 2276 1819 2298 cer-

1315 2322 1350 2351 τὸ
1379 2315 1468 2351 ἆθλον
1498 2318 1681 2363 praemium
1707 2325 1819 2351 certa·

1143 2372 1246 2405 iuiuis
1264 2384 1271 2404 ε
1286 2372 1333 2404 siv
1347 2371 1390 2404 ad
1402 2371 1467 2404 hoc
1481 2371 1696 2416 exemplum,
1709 2382 1818 2416 quum

1142 2425 1264 2458 missus
1291 2437 1461 2469 equorum
1491 2425 1534 2457 sit
1558 2433 1757 2463 certamen;
1784 2430 1818 2455 et

1143 2481 1264 2510 mismm
1277 2478 1329 2510 vel
1342 2479 1514 2510 'missar-ium
1526 2476 1570 2510 de
1584 2475 1728 2522 praemio
1740 2475 1820 2508 inis-

1142 2531 1237 2564 siluis
1253 2531 1436 2576 proposito
1456 2529 1601 2564 (lictum.
1619 2530 1647 2561 A
1665 2528 1819 2574 praemiis

1141 2585 1282 2617 milliarii
1300 2583 1383 2617 dicti
1402 2583 1605 2628 agitatores,
1625 2589 1663 2615 ut
1685 2589 1720 2614 et
1737 2581 1818 2627 equi

1140 2638 1302 2670 ducenarii
1319 2646 1352 2670 et
1375 2638 1562 2674 centrum-ii,
1586 2635 1644 2680 qui
1665 2633 1816 2668 (lucrum

1141 2328 1255 2351 taiucu
1277 2334 1284 2357 ;
