1978 3305
349 245 937 292 EPIGRAMMATUM
973 245 1099 289 LIB.
1122 247 1239 289 VII.

1402 262 1501 308 209

231 335 386 378 Amisit
409 333 527 379 lusus
550 332 810 395 deliciasque
832 349 929 378 suas
951 349 959 376 :

160 404 262 449 Non
285 403 434 465 quales
459 405 597 449 teneri
622 403 814 466 ploravit
834 404 974 448 amica
996 403 1157 448 Catulli

232 475 391 519 Lesbia
407 509 419 530 ‚
441 476 642 537 nequitiis
665 475 849 536 passeris
869 474 976 518 orba
997 475 1085 530 sui3

159 544 242 590 Vel
269 545 411 591 Stellae
434 555 606 591 cantata
633 562 754 601 meo,
777 560 883 606 quas
904 544 1023 588 flevit
1041 544 1208 588 Ianthis
1224 579 1236 600 ,

232 617 370 677 Cujus
396 617 441 660 in
466 616 612 677 Elysio
637 617 759 677 nigra
785 614 987 660 columba
1012 613 1143 659 volat.

162 689 260 731 Lux
284 703 382 731 mea
407 703 496 731 non
522 687 694 747 capitur
723 686 875 746 nugis,
900 701 980 729 nec
1006 685 1228 729 amoribus
1253 686 1366 740 istis,

230 758 326 801 Nec
348 757 536 802 dominae
557 766 711 818 pectus
736 755 839 800 talia
862 755 1022 800 damna
1044 765 1235 799 movent.

160 828 231 872 Bis
256 826 392 872 denos
413 844 598 889 puerum
620 835 923 871 numerantem
948 824 1138 887 perdidit
1157 841 1318 881 annos,

230 897 429 943 Mentula
452 899 523 942 cui
548 897 744 942 nondum
769 895 1076 958 sesquipedalis
1100 905 1205 940 erat.

90 1047 217 1082 nempe
238 1048 246 1070 :
270 1036 312 1070 ad
335 1036 443 1070 finem
466 1049 576 1082 usque
597 1036 769 1082 epigram-

90 1089 192 1122 matis
219 1098 372 1123 mentem
391 1089 531 1124 lectoris
553 1088 670 1135 lepide
695 1101 770 1122 sus·

90 1141 217 1187 pendit
247 1143 353 1176 Poeta
377 1154 386 1175 :
424 1143 471 1176 ait
496 1143 590 1176 enim
618 1142 770 1188 puellam

91 1207 187 1229 suam
209 1196 361 1229 amisisse
382 1196 478 1229 lusus
499 1204 533 1229 et
555 1194 716 1237 delicias;
737 1203 772 1228 et

90 1248 257 1294 quoniam
275 1249 401 1282 Lesbia
423 1260 596 1294 passerem
605 1274 615 1290 ‚
625 1248 771 1281 Violan-

91 1301 164 1334 tilla
188 1301 386 1334 columbam
411 1300 586 1347 perdidit,
608 1309 772 1346 putamus

90 1354 159 1387 tale
186 1353 321 1400 aliquid
344 1354 463 1387 amicae
488 1353 657 1387 Martialis
683 1353 772 1387 acci-

91 1405 271 1448 disse35ed
291 1406 390 1440 aliud
410 1415 478 1448 est,
498 1407 651 1440 obsceno
670 1419 773 1440 sensu

90 1459 285 1505 insignius,
309 1459 406 1505 quod
432 1460 557 1493 ultimo
584 1471 689 1493 versu
715 1458 774 1492 de-

92 1513 209 1546 clarat.
228 1512 304 1546 Hoc
323 1513 458 1547 lascivae
477 1513 644 1558 nequitiae
661 1524 770 1558 genus

91 1565 241 1598 nimium
260 1566 408 1599 feliciter
428 1566 608 1599 aemulatus
625 1573 677 1599 est
695 1565 769 1611 epi-

91 1619 341 1663 grammatibus
360 1619 429 1652 suis
453 1620 597 1652 Nostras
619 1618 652 1652 J.
667 1619 767 1664 Bapt.

93 1672 272 1712 Rousseau,
301 1684 446 1718 magnus
465 1671 585 1717 Lyrici
607 1671 769 1706 carminis

92 1724 226 1758 artifex.
248 1725 317 1758 ED-

147 1781 179 1818 4.
199 1778 323 1810 Lesbia.
339 1776 432 1811 Vide
452 1778 581 1811 Catulli
600 1778 714 1811 Carm.
736 1778 770 1809 II

94 1829 138 1862 de
158 1843 294 1875 passere
315 1839 454 1864 mortuo
474 1831 616 1864 Lesbiae.

886 1035 918 1068 5.
941 1035 983 1067 In
1005 1032 1086 1068 edd.
1104 1047 1182 1080 sup.
1205 1035 1298 1069 citat.
1314 1049 1406 1082 quam
1415 1037 1510 1082 flevit

829 1089 963 1121 Hianu‘s
973 1101 985 1121 .·
995 1086 1205 1121 Beverlandi
1215 1088 1291 1122 MS.
1305 1089 1398 1121 modo
1415 1102 1509 1135 quam

820 1142 915 1186 flevit
927 1140 1300 1174 Iantlzis.—-VelStelloe
1312 1149 1452 1175 cantata.
1466 1141 1510 1176 Id

830 1203 897 1233 est,
920 1193 1100 1234 columba,
1118 1191 1162 1227 de
1179 1206 1247 1240 qua
1260 1194 1321 1227 lib.
1341 1195 1376 1233 Ι,
1396 1195 1506 1241 epigr.

832 1259 913 1280 v111.
930 1247 982 1279 De
996 1246 1144 1280 Iantteide
1168 1259 1276 1280 uxore
1299 1247 1414 1281 Stellae
1429 1246 1510 1282 vide

832 1300 892 1333 lib.
914 1299 983 1340 VI,
1004 1299 1114 1345 epigr.
1133 1312 1206 1333 xm.

887 1354 921 1385 6.
944 1353 984 1385 ln
1003 1352 1129 1398 Elysio.
1149 1352 1226 1386 Hoc
1248 1361 1318 1394 est,
1336 1354 1436 1399 cujus
1454 1366 1511 1387 co·

832 1405 961 1438 lumbae
975 1404 1099 1438 umbra
1115 1412 1166 1438 est
1183 1405 1274 1451 apud
1292 1406 1447 1447 Inferos,
1462 1419 1512 1440 se-

833 1457 991 1492 cundum
1016 1457 1251 1503 Antiquorum
1280 1459 1486 1504 opinionem
1501 1485 1511 1501 ‚

829 1511 891 1556 qui
916 1510 1161 1544 existimabant
1183 1519 1408 1545 mortuorum
1436 1524 1512 1545 om-

828 1564 930 1597 nium
960 1563 1163 1597 animalium
1195 1564 1337 1598 umbras
1366 1577 1438 1598 esse
1470 1565 1508 1598 in

828 1617 967 1651 Inferis.

882 1682 914 1714 7.
927 1668 1047 1704 Codex
1058 1669 1283 1703 Florentinus
1292 1682 1300 1703 :
1309 1683 1406 1716 neque
1427 1683 1512 1703 amo-

830 1723 914 1755 ribus
941 1725 1030 1762 istis,-
1052 1721 1160 1757 codex
1177 1723 1370 1756 Vaticanus
1390 1735 1512 1770 :nequa

832 1776 966 1809 moribus
986 1777 1078 1815 istis‚·
1097 1785 1130 1808 et
1147 1775 1195 1809 sic
1217 1776 1394 1809 Gruterus
1413 1789 1432 1809 e
1452 1788 1511 1810 co-

836 1828 916 1861 dice
940 1828 1109 1861 Palatino.

751 1978 888 2033 XV.

264 2141 334 2169 An
378 2138 653 2169 ARGINUM
692 2138 930 2166 PUERUM
969 2116 1347 2166 IANTHIDOSf

169 2276 287 2330 QUIS
310 2289 419 2334 puer
442 2273 515 2316 hic
538 2271 684 2315 nitidis
705 2270 872 2314 absistit
895 2268 1120 2312 Ianthidos
1143 2267 1293 2321 undis,

151 2413 164 2425 ⁶
190 2417 250 2451 Ad
273 2418 433 2461 Arginum
457 2427 588 2459 puerum
614 2413 774 2447 inscribi-

99 2479 156 2504 tur
178 2470 214 2503 in
237 2468 319 2502 edd.
340 2477 425 2502 vett.

156 2538 185 2555 1.
201 2522 372 2556 Nonnulli
384 2522 505 2566 legunt
517 2532 524 2553 :
537 2520 663 2553 adsistit
674 2521 777 2553 Ht'an-

100 2576 205 2614 tid0s;
221 2576 318 2609 etsie
334 2583 384 2608 est
398 2575 433 2608 in
447 2572 566 2607 codice
578 2571 776 2606 Pulmanni.

99 2650 150 2654 ——
171 2630 258 2661 Puer
286 2629 334 2660 lzt'c
362 2627 481 2660 nitidis.
504 2626 654 2671 Argiuus
686 2624 779 2659 scili·

101 2690 167 2713 cet.
191 2703 242 2707 —-
265 2681 402 2714 Absistit
429 2679 604 2713 Ianthidos.
626 2679 696 2720 Qui
719 2678 778 2712 ab-

173 2755 231 2796 Il.

836 2413 957 2452 stinet,
981 2411 1042 2457 qui
1061 2410 1200 2455 refugit.
1224 2409 1292 2443 Alii
1311 2411 1448 2444 adsistit.
1466 2431 1518 2437 ——-

842 2465 954 2497 Undis.
978 2465 1029 2497 De
1051 2464 1119 2497 hoc
1140 2463 1238 2496 fonte
1260 2462 1339 2496 vide
1361 2463 1424 2497 lib.
1445 2464 1517 2505 VI,

838 2517 948 2563 epigr.
970 2529 1081 2550 vau.
1104 2517 1145 2549 In
1166 2514 1297 2549 aedibus
1315 2515 1427 2550 Stellae
1444 2526 1519 2550 erat

836 2570 936 2609 fons,
964 2571 1065 2616 cujus
1092 2568 1292 2615 Nympham
1327 2581 1344 2602 a
1370 2569 1517 2602 Violan-

841 2623 935 2663 tilla,
959 2634 1018 2656 seu
1040 2621 1224 2657 Ianthide‚
1253 2621 1366 2655 Stellae
1389 2634 1520 2663 uxore,

841 2674 1041 2709 Ianthidem
1072 2674 1306 2716 denominat,
1340 2673 1384 2708 ad
1413 2687 1518 2721 quam

1214 2747 1270 2799 14
