1978 3305
486 223 582 284 570

852 226 912 267 M.
949 226 1087 267 VAL.
1127 226 1516 270 MARTIALIS

693 311 849 355 Perdet
877 321 918 355 te
945 311 1088 372 pudor
1115 312 1185 356 hie
1208 330 1216 356 :
1248 312 1434 367 habere,
1460 314 1611 369 Publi,

689 383 836 425 Mores
867 398 955 426 non
985 392 1109 442 potes
1139 383 1242 436 hos,
1267 393 1311 427 et
1337 383 1418 428 hos
1448 385 1679 429 ministros.

540 526 551 546 1
565 526 577 546 1
590 538 596 545 .
616 513 736 546 Pudor.
755 514 824 546 Alii
842 514 958 553 d0l01·;
980 522 1091 555 recte,
1117 523 1154 548 ut

483 566 638 599 Schrevc’l.
652 567 727 599 vult
740 574 773 599 et
784 567 927 600 Barbou.
937 589 989 593 ——
998 567 1117 600 Perdet
1126 576 1155 600 te

475 619 590 663 pudor.
603 620 682 660 Quo
697 619 844 653 afficeris
856 619 940 653 dum
955 628 1155 665 spectantur

480 671 714 715 turministri.
752 672 827 705 Hoc
857 681 925 715 est,
951 673 1010 706 ille
1039 673 1156 719 pudor

480 724 619 758 nocebit
632 733 698 758 tuae
711 726 808 759 famae
820 738 828 759 :
840 725 957 771 pudor
968 726 1060 760 enim
1073 726 1156 760 dici·

1215 523 1271 548 tur
1280 516 1326 548 ob
1340 516 1489 561 aliquam
1500 529 1572 549 rein
1583 517 1759 550 sordidam
1773 518 1888 552 timor.

1271 580 1283 601 1
1295 582 1325 602 2.
1349 569 1467 602 Mores.
1487 570 1608 603 Castos
1628 582 1742 604 mores
1759 570 1889 605 hahere

1214 622 1338 667 nequis
1353 648 1362 663 ‚
1393 630 1425 655 et
1452 630 1521 655 tam
1553 622 1724 657 formosos
1749 635 1888 669 pueros.

1217 673 1334 708 «Adeo
1347 687 1424 709 rara
1439 684 1489 708 est
1502 675 1690 709 concordia
1703 676 1822 710 formae
1834 678 1891 710 Ai-

1216 740 1283 772 que
1308 726 1498 773 pudicitiae.
1519 745 1532 757 n
1547 728 1627 761 Juv.
1647 737 1710 762 sat.
1733 729 1784 770 X,
1802 729 1888 774 397.

1062 862 1295 919 XCIX.

854 1015 919 1041 DE
958 1013 1169 1042 FIGURA.
1209 1013 1477 1042 SOCRATIS.

1496 992 1514 1009 η.

546 1139 589 1180 S1
623 1139 823 1181 Romana
850 1137 992 1181 forent
1021 1138 1113 1181 haec
1139 1138 1330 1181 Socratis
1356 1153 1455 1191 ora,
1480 1137 1659 1181 fuissent

613 1207 751 1252 Julius
779 1208 823 1251 in
847 1209 1011 1268 Satyris
1036 1207 1178 1269 qualia
1203 1208 1345 1252 Rufus
1374 1207 1517 1251 habet.

529 1342 540 1355 ¹
562 1348 611 1379 De
629 1356 736 1379 statua
754 1347 789 1380 S.
811 1347 867 1381 ed.
889 1348 1030 1381 Bar-boa.

534 1412 562 1432 1.
588 1400 626 1433 Si
651 1401 806 1434 Romana.
838 1401 916 1434 Hoc
946 1409 1019 1434 est:
1037 1401 1071 1434 Si
1095 1401 1152 1434 hie

476 1453 625 1486 Socratis
639 1454 758 1487 vultus
775 1455 933 1487 Romano
951 1466 1048 1487 more
1065 1463 1151 1488 esset

478 1507 645 1539 formatus
654 1532 662 1546 ‚
675 1507 794 1540 similis
806 1507 895 1540 foret
905 1519 1033 1540 severae
1044 1507 1150 1540 fronti

475 1559 559 1591 Julii
580 1560 662 1592 Rufi
676 1586 684 1600 ‚
710 1560 769 1606 qui
791 1561 958 1606 gravitate
977 1560 1152 1594 Socratica

476 1613 510 1643 in
532 1613 603 1645 suis
622 1613 741 1646 Satiris
760 1613 844 1647 vitia
860 1614 985 1658 carpit.
1004 1612 1060 1646 Ad
1080 1615 1152 1646 Ru-

478 1665 550 1697 fum
565 1665 699 1699 Plinius
712 1666 786 1708 LV,
800 1667 900 1713 epist.
912 1675 1029 1708 xx1,et
1040 1666 1153 1707 LVII,

474 1719 574 1763 epist.
587 1732 663 1752 xxv.
676 1719 867 1753 Scriverius
879 1721 978 1753 aliter
989 1720 1150 1766 explicat.

480 1771 567 1804 «Hic
578 1780 647 1812 est,
660 1772 787 1818 inquit,
798 1786 935 1806 sensus:
949 1774 984 1807 Si
1000 1773 1073 1806 haec
1092 1774 1152 1807 So—

475 1825 576 1858 cratis
587 1825 701 1871 imago
721 1828 878 1859 Romano
895 1827 994 1860 cultu
1008 1827 1151 1872 effinge-

474 1887 591 1919 retur,
620 1887 712 1911 certe
734 1878 777 1912 ad
801 1880 919 1912 vivum
943 1880 1152 1926 exprimeret

473 1931 678 1975 gravitatem
697 1933 781 1965 Julii
806 1933 908 1974 Rufi,
928 1933 1038 1979 qualis
1055 1932 1151 1966 deri-

1212 1347 1316 1381 detur
1343 1360 1361 1380 a
1390 1347 1542 1381 Satiricis
1561 1374 1570 1388 ‚
1607 1348 1661 1380 vel
1693 1347 1752 1393 qui
1781 1348 1889 1380 refert

1212 1401 1387 1447 Satyrum.
1410 1402 1569 1446 Namque
1588 1409 1622 1434 et
1641 1400 1799 1434 Socrates
1822 1400 1889 1434 suit

1211 1467 1294 1487 naso
1311 1455 1399 1487 simo
1411 1480 1420 1495 ,
1441 1462 1474 1487 et
1490 1454 1602 1487 oculis
1622 1453 1794 1487 emissitiis
1806 1479 1814 1492 ,
1840 1453 1892 1487 Si-

1211 1507 1291 1540 leno
1312 1506 1407 1540 haud
1430 1507 1619 1547 absimilis,
1645 1505 1698 1539 uti
1720 1505 1889 1539 describi-

1212 1568 1269 1593 tur
1285 1573 1302 1593 a
1320 1560 1467 1593 Platone
1483 1568 1517 1593 et
1532 1559 1782 1605 Xenophonte.
1802 1559 1886 1592 Vel:

1213 1613 1247 1646 Si
1275 1614 1348 1647 haec
1375 1613 1528 1646 Socratis
1554 1613 1667 1658 imago
1692 1613 1790 1645 cultu
1819 1613 1888 1645 Ro-

1212 1679 1315 1700 mano
1326 1678 1484 1712 expressa
1496 1675 1583 1700 esset
1593 1692 1602 1707 ‚
1616 1674 1731 1711 posset
1743 1664 1887 1711 quidem
1931 1684 1935 1688 ·

1213 1720 1334 1753 haberi
1356 1732 1421 1765 pro
1443 1719 1558 1764 effigie
1577 1719 1662 1752 Julii
1681 1718 1781 1754 Rufi,
1812 1731 1889 1764 quae

1212 1774 1324 1819 posita
1344 1773 1445 1806 estin
1466 1772 1618 1817 Satyris,
1637 1773 1714 1805 loco
1735 1771 1887 1817 quodam

1214 1826 1248 1859 in
1271 1835 1390 1860 octava
1412 1826 1556 1871 regione
1583 1825 1702 1866 urbis,
1721 1825 1792 1858 Ubi
1812 1838 1888 1870 spe-

1212 1888 1351 1913 etantur
1369 1888 1523 1925 quatuor
1541 1878 1750 1925 Satyrorum
1770 1878 1890 1923 imagi-

1211 1946 1284 1966 nes.
1304 1950 1316 1962 »
1341 1931 1484 1966 Judicet
1502 1933 1625 1966 lector.

1146 2057 1208 2114 C.

600 2215 647 2242 ΙΝ
690 2214 1117 2244 COMMISCENTEM
1159 2213 1361 2242 VERSUS
1400 2213 1562 2241 OPERI
1604 2193 1747 2241 SU().*

611 2339 762 2392 Qun),
792 2335 944 2390 stulte,
968 2337 1125 2380 nostris
1149 2334 1346 2379 versibus
1373 2343 1471 2377 tuos
1499 2333 1655 2376 misces

1670 2332 1686 2374 Ρ

613 2410 725 2450 (Iuni
760 2406 953 2468 litigante
979 2406 1081 2468 quid
1106 2406 1208 2462 tibi,
1230 2407 1378 2458 miser,
1404 2402 1547 2448 libro?

526 2542 536 2551 ’
569 2542 626 2574 :ld
654 2543 783 2574 l’oetam
827 2545 998 2587 imperitum
1036 2541 1143 2574 codex

471 2595 618 2639 „rrimus
637 2596 767 2628 Reverl.
788 2604 821 2628 et
841 2595 954 2628 Pulm.
973 2596 1144 2639 laselagia-

472 2650 548 2680 riam
571 2647 669 2680 habet
695 2647 747 2681 od.
775 2649 910 2681 But-lum.

1267 2554 1293 2573 1.
1320 2539 1425 2583 (had,
1450 2539 1555 2570 stulte.
1576 2537 1666 2571 Vide
1691 2537 1733 2571 ud
1762 2538 1821 2570 lib.
1851 2538 1886 2574 Ι,

1206 2596 1317 2638 epigr.
1346 2605 1401 2625 mv
1426 2601 1459 2624 et
1487 2603 1614 2624 1.xx111.

1263 2661 1292 2679 ¹1.
1320 2646 1398 2678 Fam
1420 2646 1579 2685 liligsanlv.
1604 2643 1674 2684 Qui
1700 2642 1762 2675 tibi
1789 2642 1882 2675 litem
