1978 3305
384 223 963 267 EPIGRAMMATUM
1000 224 1123 267 LIB.
1164 225 1218 266 X.
1423 224 1510 281 541

291 311 478 354 Hirsutis
503 326 584 371 ego
612 308 811 354 eruribus
829 345 840 365 ‚
863 311 1080 371 genisque.

289 382 352 424 Os
377 380 553 425 blaesum
580 379 683 432 tibi,
713 379 946 441 debilisque
979 379 1123 442 lingua
1149 390 1235 425 est:

290 451 426 494 Nobis
450 449 536 494 filia
562 450 714 494 fortius
739 448 949 510 loquetur.

287 522 392 564 Tam
420 520 565 582 dispar
589 518 740 581 aquilae
764 519 966 563 columba
992 537 1078 564 non
1104 530 1190 576 est,

290 592 383 635 Nec
411 591 563 635 dorcas
590 589 732 651 rigido
756 589 886 650 fugax
911 589 1038 634 leoni.

289 661 437 718 Quare
461 660 607 704 desine
632 676 702 704 me
725 675 882 704 vocare
906 660 1085 704 fratrem
1102 695 1113 716 ‚

290 733 354 774 Ne
385 741 452 786 te,
483 731 773 784 Carmenion,
799 746 949 774 vocem
975 746 1181 775 sororem.

171 883 204 914 9.
216 869 357 902 Hirsutis
369 883 428 914 ego
444 869 594 903 cruribus.
609 868 706 902 Idem
723 870 786 903 Ju-

117 923 245 956 venalis
272 931 334 956 sat.
362 934 395 955 1x
418 934 426 955 ε
451 940 465 952 «
484 922 685 956 Fruticante
716 923 788 969 pilo

116 975 269 1021 neglecta
293 984 326 1009 et
348 974 504 1020 squalida
523 976 737 1009 crura.»En.

174 1040 231 1061 10.
246 1028 293 1061 Os
308 1028 538 1070 blaesum.Quo
554 1028 640 1062 vitio
656 1037 695 1062 ut
708 1029 788 1074 plu·

116 1081 246 1114 rimum
265 1081 423 1114 laborant
441 1081 634 1123 molliores,
655 1089 689 1114 et
706 1082 788 1127 pin-

115 1133 263 1178 guiores.
277 1156 329 1160 —
341 1134 417 1167 Imo
435 1142 575 1179 captant
596 1134 701 1179 vulgo
721 1135 789 1167 hoc

116 1186 241 1219 vitium
253 1195 286 1219 et
296 1186 362 1219 hoc
373 1187 541 1232 temporis
551 1195 788 1232 captaverunt.

116 1238 221 1272 Unde
237 1239 386 1281 Persius,
403 1239 536 1284 optime
553 1240 709 1272 omnium
732 1252 789 1273 ex-

116 1292 247 1336 plicans
271 1291 359 1337 quid
384 1292 427 1325 sit
451 1292 578 1325 bloesum
595 1304 606 1325 .·
631 1309 644 1321 «
661 1293 789 1325 Ranci-

115 1343 242 1377 dulum
261 1344 428 1390 quiddam
449 1345 551 1378 halba
572 1343 616 1378 de
639 1357 722 1378 nare
742 1345 790 1378 10-

115 1405 242 1438 cutus,
258 1397 457 1443 Phyllidas,
478 1397 708 1444 Hypsipylas,
731 1411 789 1431 va-

116 1458 189 1483 tum
204 1458 238 1483 et
252 1450 423 1495 plorabile
439 1451 465 1484 si
483 1449 567 1496 quid
583 1451 740 1497 Eliquat,
757 1459 790 1484 et

117 1510 236 1536 tenero
247 1504 446 1549 supplantat
457 1505 560 1537 verba
569 1504 696 1549 palato.
706 1508 789 1537 »Em

175 1567 187 1588 1
200 1568 211 1588 1
224 1582 230 1587 .
244 1556 361 1596 Nobis,
375 1565 441 1590 etc.
456 1557 488 1589 D
497 1557 643 1590 ’Orleans
652 1556 791 1602 legend.

847 878 964 903 censet
976 881 984 902 ξ
998 870 1035 904 N
1034 883 1073 902 on
1083 870 1170 903 nohis
1183 870 1231 903 lea
1233 872 1353 913 sot-tius
1368 872 1520 918 loquetur.

847 922 953 955 Ponit
969 922 1053 969 loqui
1066 935 1130 969 pro
1141 924 1279 969 rugire:
1291 936 1372 957 nam
1385 925 1521 970 rugitus

848 987 915 1008 vox
932 983 967 1008 et
978 975 1115 1021 loquela
1129 976 1251 1010 leonis.
1266 977 1520 1022 Anteponenda

849 1027 992 1061 omnino
1010 1037 1061 1061 est
1072 1029 1179 1074 vulgo
1191 1038 1329 1075 recepta
1341 1030 1458 1065 lectio.
1469 1053 1519 1057 ἡ

850 1081 949 1114 Nobis
956 1080 1042 1126 filia.
1060 1082 1297 1127 Quamquam,
1311 1084 1404 1116 velut
1420 1085 1520 1129 puel-

848 1134 889 1167 lae
916 1146 1035 1167 omnes
1048 1160 1056 1175 ‚
1083 1143 1187 1168 acuto
1213 1136 1319 1181 magis
1350 1145 1384 1169 et
1412 1136 1520 1170 debili

848 1186 943 1220 vocis
962 1199 1048 1220 sono
1061 1199 1132 1220 esse
1149 1187 1283 1222 debeat.

906 1252 919 1272 1
930 1240 963 1273 3.
980 1241 1114 1273 Dorcas.
1129 1241 1216 1282 Quae
1232 1241 1324 1275 inter
1337 1242 1519 1288 sylvestres

849 1304 968 1338 capras
984 1302 1199 1327 numeratur.

908 1349 964 1385 14.
988 1345 1042 1378 Me
1060 1359 1174 1379 vocare
1187 1348 1336 1389 fratrem.
1356 1347 1432 1381 Hoc
1451 1357 1519 1388 est,

851 1398 990 1431 mollem
1008 1407 1041 1431 et
1063 1398 1301 1432 effeminatum
1313 1411 1321 1432 :
1333 1412 1403 1445 quo
1416 1412 1519 1434 sensu

850 1463 939 1496 saepe
950 1451 1128 1496 reperitur
1141 1451 1237 1498 apud
1253 1453 1467 1486 Petronium.

908 1505 965 1537 15.
985 1504 1139 1538 Sororem.
1161 1506 1215 1538 Tu
1237 1506 1329 1538 euim
1348 1507 1453 1552 magis
1472 1507 1521 1539 fe-

851 1556 965 1598 mina,
983 1569 1086 1602 quam
1109 1558 1163 1592 vir
1180 1556 1320 1592 videris.

705 1704 928 1759 LXVI.

590 1862 653 1889 DE
691 1861 1048 1890 THEOPOMPO.

186 1975 331 2031 QUIS,
359 1990 465 2034 rogo
482 2008 492 2027 ‚
518 1982 606 2016 tam
630 1972 789 2029 durus,
812 1974 906 2033 quis
928 1983 1016 2017 tam
1046 1973 1127 2017 fuit
1151 1973 1219 2018 ille
1245 1977 1478 2036 superbus.

255 2045 343 2101 Qui
363 2044 490 2104 jussit
511 2043 604 2087 fieri
628 2053 693 2098 te,
718 2044 1025 2104 Theopompe,
1050 2045 1272 2105 coquum?

185 2117 308 2159 Hanc
336 2114 487 2175 aliquis
517 2113 671 2158 faciem
703 2115 827 2175 nigra
857 2114 1016 2158 violare
1041 2114 1183 2158 culina

254 2184 476 2229 Sustinet?
504 2185 581 2229 has
607 2194 738 2229 uncto
764 2183 919 2246 polluit
944 2186 1041 2245 igne
1064 2185 1241 2229 comas?

170 2343 202 2364 2.
226 2331 289 2370 Te,
314 2330 521 2375 Tleeopompe,
538 2334 693 2375 coquum?
709 2330 786 2362 Em-

111 2383 237 2429 phanee
252 2410 260 2423 ,
283 2391 316 2416 te
340 2391 408 2416 tam
430 2382 558 2415 eximie
580 2383 784 2415 formosum.

169 2436 203 2470 3.
233 2436 377 2482 Coqm‘na
401 2435 499 2469 MSS.
528 2434 623 2481 quod
650 2434 784 2481 legend.

114 2497 230 2523 censet
246 2487 451 2522 Beverland.
472 2509 526 2515 -—-
542 2488 578 2520 V
576 2488 684 2522 iolare.
705 2488 787 2521 Pro-

118 2542 192 2586 prie
209 2541 339 2576 dicitur
352 2540 397 2574 de
416 2541 519 2574 rebus
538 2541 651 2575 sacris.
675 2541 719 2574 Et
739 2541 786 2574 sic

117 2595 276 2640 iutelligit
287 2595 431 2635 Noster3
444 2606 557 2639 neque
567 2594 661 2627 enim
675 2594 786 2628 scelus

117 2656 183 2687 est,
203 2647 262 2681 sed
281 2647 377 2681 nefas
394 2656 428 2682 et
446 2647 620 2693 piaculum
640 2648 675 2680 iu
699 2647 786 2680 culi-

846 2341 889 2362 na
921 2329 1076 2362 exsulare
1103 2339 1207 2364 tantae
1247 2332 1518 2376 pulchritudinis

844 2394 1017 2426 juvenem.

902 2439 935 2474 4.
965 2435 1088 2468 Polluit
1115 2449 1218 2481 ungue
1243 2436 1279 2470 in
1306 2438 1386 2473 Ald.
1418 2441 1517 2475 Junt.

846 2487 960 2522 Colin.
976 2488 1123 2521 Farnab.
1138 2489 1279 2535 Langii,
1298 2492 1423 2538 Delph.
1438 2495 1516 2540 Igne

846 2541 1012 2574 exhibent
1027 2541 1290 2576 Maitt.Barh0u.
1303 2545 1398 2589 quod
1411 2547 1514 2580 etiam

846 2593 948 2628 Grut.
979 2594 1059 2640 legit
1088 2608 1128 2628 ex
1157 2596 1263 2630 Palat.
1296 2597 1398 2631 Uncto
1418 2601 1515 2645 polli-

844 2650 917 2689 ,ιξιήε
939 2647 1006 2681 alii.
1033 2648 1154 2681 Polluit
1179 2651 1260 2694 igne.
1289 2650 1422 2685 Culinae
1453 2654 1515 2687 sci—
