1978 3305
308 234 895 278 EPIGRAMMATUM
933 233 1058 277 LIB.
1083 232 1197 275 Vll.

1362 228 1458 274 265

604 386 904 442 LXXVI.

502 546 570 575 AD
608 522 1026 575 PHILOMUSURL*

269 669 411 726 QUOD
441 677 484 711 te
513 667 723 728 diripiunt
751 666 1020 727 potentiores

272 741 354 782 Per
377 737 575 782 convivia
591 773 603 793 ‚
626 737 845 798 porticus,
869 736 1038 786 theatra
1053 772 1064 791 ‚

272 810 329 852 Et
351 817 495 852 tecum
510 843 521 860 ‚
541 808 708 868 quoties
732 808 790 850 ita
812 806 1000 850 incidisti
1017 837 1029 858 .‚

269 878 441 922 Gestari
460 878 607 938 juvat,
638 887 681 921 et
702 877 826 938 juvat
848 876 1007 931 lavari3

267 947 416 993 Nolito
441 948 623 992 nimium
650 947 728 992 tibi
752 946 936 1009 placere.

272 1017 498 1074 Delectas‚
521 1017 774 1063 Philomuse
801 1035 810 1062 ε
841 1034 930 1062 non
958 1018 1126 1061 amaris.

272 1156 505 1222 Ᾱρποὶζουσι
525 1164 673 1223 πρόμοι
700 1180 742 1206 σε
771 1162 838 1206 καὶ
861 1157 1057 1209 δυνασταὶ

272 1231 364 1292 Πὰρ
391 1238 476 1284 τοῖς
505 1233 738 1293 συμποσίοις
753 1267 764 1287 ,
784 1238 944 1286 στοαῖς,
967 1230 1145 1293 θεάτροις
1164 1267 1174 1284 ,

270 1302 354 1345 Καὶ
382 1297 432 1351 δὴ
457 1304 523 1346 καὶ
548 1304 633 1363 ἅμα
655 1320 739 1354 σοι,
765 1306 861 1346 ὅταν
882 1304 972 1362 »πόχ’
991 1305 1117 1353 οὕτως
1133 1336 1143 1356 ,

273 1373 510 1433 Αίωρεῖσθαι
532 1367 640 1427 efflet,
662 1372 775 1432 φίλον
798 1373 999 1416 λούεσθαι·

272 1437 438 1491 Αὐθοίδη
459 1445 497 1505 γ’
513 1441 614 1505 ἄγαν
640 1444 805 1504 ἔμμεναι
827 1439 1015 1502 φύλαξον.

273 1513 525 1573 Εὐφραίνεις,
545 1514 777 1573 Φιλόμουσ’,
802 1516 845 1557 οὐ
868 1513 1019 1572 φίληαι.

118 1659 262 1709 *Neque
279 1663 338 1697 hic
351 1663 545 1710 quidquam
560 1662 739 1697 variantiae

64 1716 224 1763 produnt
245 1717 454 1763 exemplaria
476 1717 570 1763 typis
595 1729 738 1757 excusa,

65 1777 125 1804 aut
140 1781 248 1802 manu
263 1778 411 1803 exarata.

117 1821 343 1856 -Scomma
372 1822 408 1855 in
443 1835 598 1856 scurram
624 1822 741 1855 Philo-

66 1887 205 1908 musum
220 1901 230 1917 ‚
256 1876 317 1920 qui
335 1888 415 1908 cum
432 1875 476 1908 ab
495 1875 658 1909 omnibus
678 1888 740 1908 cu-

66 1927 202 1971 piatur,
228 1928 400 1973 rapiatur,
429 1929 476 1962 ob
509 1928 641 1974 ingenii
671 1929 740 1961 ele-

66 1980 216 2025 gantiam
236 1989 294 2014 aut
306 1979 434 2014 indolis
453 1981 687 2014 amoenitatem
704 1980 740 2014 id

65 2032 210 2066 honoris
237 2033 303 2067 sibi
333 2033 517 2079 contigisse
542 2033 739 2075 existimat;

65 2084 161 2119 haud
179 2086 326 2126 merito,
350 2099 459 2132 quum
481 2099 553 2120 non
571 2086 659 2129 viri,
679 2085 741 2120 sed

67 2138 237 2172 morionis
254 2139 371 2173 locum
389 2148 536 2185 occupet
550 2138 645 2185 apud
664 2152 743 2185 pro-

68 2202 161 2224 ceres
174 2192 361 2227 Romanos.
381 2192 470 2226 Satis
490 2200 605 2226 autem
620 2201 742 2226 notum

69 2242 316 2289 imperatorum
345 2245 560 2291 temporibus
583 2245 743 2280 habuisse

799 1664 905 1697 Urbis
925 1663 1114 1709 optimates
1133 1663 1170 1696 in
1193 1661 1345 1706 deliciis,
1366 1664 1473 1697 immo

800 1725 834 1750 et
852 1716 975 1762 saepius
997 1716 1164 1750 immensa
1183 1717 1331 1762 pecunia
1353 1717 1474 1751 emisse

800 1769 989 1803 moriones.

858 1835 887 1856 1.
913 1823 1089 1867 Diripiunt.
1114 1822 1282 1856 Certatim
1306 1822 1473 1863 invitant,

800 1883 839 1908 ut
854 1874 940 1908 alius
960 1875 1032 1908 huc
1044 1900 1053 1916 ‚
1072 1875 1158 1908 alius
1175 1875 1258 1908 illuc
1274 1884 1308 1908 tc
1333 1876 1448 1909 trahat
1465 1901 1473 1916 ‚

799 1927 894 1973 quod
914 1928 1036 1973 gallice
1054 1926 1188 1961 dictum
1208 1928 1396 1961 s’arraclwr.

855 1983 889 2015 6.
910 1982 1069 2014 Delectas.
1092 1980 1262 2014 Ridiculis
1284 1981 1353 2015 tuis
1372 1980 1473 2014 dictis

801 2045 917 2067 moves
933 2033 1001 2067 illis
1019 2034 1283 2067 risum.—-Pro
1303 2046 1421 2068 scurra
1441 2042 1472 2067 et

802 2086 961 2120 morione
981 2086 1120 2120 haberis
1135 2108 1144 2125 ‚
1169 2099 1240 2119 non
1260 2100 1326 2132 pro
1351 2087 1473 2119 amico.

804 2144 852 2173 Δι’
874 2136 993 2175 ἡδονὴν
1019 2141 1059 2178 ὡς
1089 2140 1302 2185 εὐτράπελον,
1330 2140 1363 2172 οὐ
1389 2140 1475 2172 κατὰ.

803 2195 938 2227 σεαυτὸν
978 2193 1033 2226 καὶ
1069 2194 1109 2231 ὡς
1138 2193 1222 2237 φίλον
1249 2197 1280 2225 σ’
1308 2193 1475 2237 ἀγαπῶσι.

802 2245 906 2279 Arist.
923 2246 1030 2283 VIII,
1050 2245 1189 2279 Nicom.
1205 2245 1284 2279 Eth.
1304 2257 1380 2290 cap.
1406 2244 1438 2279 3.
