1978 3305
363 222 938 267 EPIGRAMMATUM
978 221 1101 263 LIB.
1141 220 1224 262 IX.

1399 221 1493 280 447

230 310 362 367 Quod
391 310 579 371 Phrygia
605 312 797 370 Synnas,
822 308 926 353 Afra
952 307 1066 369 quod
1099 309 1261 350 Nomas
1291 307 1443 361 mittit,

230 382 285 424 Et
314 380 431 441 quod
461 381 617 424 virenti
643 379 762 424 fonte
788 379 892 423 lavit
916 381 1114 422 Eurotas.

228 450 311 495 Sed
342 450 457 512 ligna
487 450 674 494 desunt:
704 450 849 494 subice
881 448 1084 492 balneum
1110 447 1305 490 thermis.

143 590 176 623 8.
206 589 303 633 Quod
329 590 472 635 Plllj)gill
503 589 638 635 Syrmus.
678 588 761 621 Haec

89 641 211 674 ultima
235 654 300 674 vox
321 641 415 675 deest
431 642 467 674 in
488 641 604 674 multis
629 639 760 674 codici-

88 694 171 729 bus,
210 694 246 726 in
276 695 401 739 quibus
431 693 603 727 claudicat
631 705 759 726 versus.

88 747 245 792 Phrygia,
273 749 334 779 siue
357 747 443 786 Afra
465 746 533 779 alii.
553 746 666 779 Sumus
695 747 761 778 Be-

88 798 243 831 verlandi
258 799 332 832 MS.
348 799 451 844 Synas
469 797 523 832 ed.
539 798 669 831 Bar-bon
683 798 759 831 Par.

92 851 202 896 1754.
229 851 297 884 Pro
324 852 445 884 Nomas
463 852 542 884 Vat.
571 854 688 884 navias.
709 873 761 877 ——

87 903 234 948 Synnas‚
248 916 323 949 quae
340 912 373 937 et
390 903 552 949 Synnada
563 930 571 946 ‚
589 902 760 949 oppidum

87 956 154 989 fuit
180 957 341 1002 Phrygiae
364 970 473 1002 prope
495 957 677 990 Galatiam.
691 957 759 990 En.

84 1008 263 1042 —Straho
278 1009 337 1042 lib.
357 1010 446 1043 XII:
459 1007 609 1043 Σύνναδα
625 1007 658 1042 δ’
670 1010 755 1042 ἔστιν

85 1063 118 1094 οὐ
131 1062 255 1107 μεγάλη
273 1063 377 1100 πόλις,
395 1080 407 1092 u
417 1061 578 1108 Synnada
591 1063 673 1096 urbs
685 1075 756 1095 nou

85 1123 135 1147 est
150 1127 284 1160 magna.
302 1132 314 1144 ιι
337 1114 473 1148 Deinde
490 1115 586 1149 addit
608 1117 756 1149 ἐπέκεινα

83 1163 117 1198 δ’
131 1168 200 1201 ἐστὶ
214 1169 349 1213 Λοκιμίοι
360 1168 451 1213 κώμη
465 1193 474 1209 ‚
487 1169 541 1202 κε’-ἱ
555 1170 589 1201 τὸ
603 1170 754 1212 λατόμων

821 590 875 620 τοῦ
886 584 1079 619 Συνναὸικοῦ
1089 586 1170 618 λίθου
1181 597 1187 617 ;
1202 602 1215 613 «
1224 585 1276 617 Ah
1285 584 1391 617 altera
1400 593 1497 629 parte

821 647 872 672 est
901 639 1057 671 Docimia
1086 649 1193 682 pagus
1205 663 1213 677 ‚
1239 645 1273 670 et
1299 636 1496 682 lapidicinae

822 690 1013 736 Synnadici
1024 689 1159 735 lapidis.
1174 707 1187 719 »
1207 689 1282 722 Hoc
1295 690 1377 722 loco
1388 690 1497 735 Phry-

820 742 1093 789 giamsdescribit
1110 742 1247 774 Strabo.
1262 763 1313 767 ——-
1327 743 1414 784 Afra
1429 743 1496 776 No-

822 810 897 829 mas.
915 794 1083 829 Numidia
1102 795 1226 827 Africae
1245 795 1425 839 provincia
1438 803 1494 836 ‚ut

820 858 854 882 et
869 850 929 882 lib.
948 849 1054 887 VIII,
1078 848 1184 893 epigr.
1210 860 1264 880 ιν.

875 914 908 946 9.
924 903 1042 935 Fronte
1058 898 1260 933 Beverlandi
1274 899 1347 932 MS.
1359 921 1411 925 -—
1424 900 1492 932 Eu·

820 964 914 988 rotas.
932 955 1078 987 Fluvius
1090 952 1247 986 Laconiae
1266 951 1309 985 ad
1326 964 1428 997 quern
1445 961 1495 985 est

819 1020 974 1041 marmor
999 1005 1113 1040 viride
1124 1031 1133 1047 ,
1155 1004 1249 1051 quod
1277 1004 1494 1038 Lacedaemo-

818 1062 917 1094 nium
934 1069 968 1094 et
983 1059 1197 1093 Laconicum
1216 1057 1355 1091 dicitur.

874 1127 887 1147 1
897 1127 930 1147 ο.
944 1114 981 1147 Si
997 1113 1084 1157 ligna
1096 1110 1496 1145 Pulmannus.-Sabice

817 1166 1025 1200 balneum.Ut
1034 1178 1160 1211 nempe
1167 1164 1325 1199 calefiant
1335 1164 1478 1197 thermae
1486 1189 1495 1197 .

626 1312 952 1368 LXXVII.

491 1470 555 1497 DE
594 1470 817 1498 EFF1G1E
856 1468 1083 1498 CAMONI.

152 1596 262 1639 HAEC
287 1603 388 1638 sunt
411 1593 482 1637 illa
507 1595 616 1649 mei,
646 1611 740 1654 quae
766 1594 968 1649 cernitis,
993 1609 1070 1636 ora
1096 1592 1302 1645 Camoni3

221 1666 325 1708 Haec
349 1665 471 1725 pueri
502 1664 632 1708 facies
657 1665 884 1725 primaque
913 1663 1054 1707 forma
1082 1662 1173 1706 fuit.

151 1736 363 1779 Creverat
387 1735 459 1779 hic
489 1734 634 1778 vultus
660 1735 725 1779 bis
753 1735 872 1778 denis
899 1734 1054 1778 fortior
1079 1733 1224 1790 annis;

222 1805 535 1866 Gaudebatque
562 1822 659 1850 suas
688 1807 865 1867 pingere
892 1805 1027 1848 barba
1050 1819 1208 1865 genas;

150 1877 207 1921 Et
236 1875 365 1920 libata
393 1876 524 1920 semel
552 1893 744 1920 summos
772 1876 902 1919 modo
933 1891 1129 1936 purpura
1152 1872 1315 1918 cultros

219 1948 444 2007 Sparserat
466 1964 474 1990 :
500 1947 655 1990 invidit
676 1947 728 1990 de
754 1947 891 1990 tribus
916 1962 1002 1989 una
1028 1961 1176 2000 sor0r3

149 2018 206 2060 Et
234 2017 443 2062 festinatis
471 2017 622 2062 incidit
645 2020 828 2062 stamina
851 2018 1016 2078 pensis,

216 2087 538 2149 Absentemque
566 2090 681 2150 patri
706 2087 871 2133 rettulit
895 2103 1005 2131 urna
1029 2102 1198 2147 rogum.

132 2238 157 2259 1.
175 2226 258 2259 Haec
272 2227 443 2261 sunt.Vid.
459 2240 514 2273 ep.
530 2241 619 2261 Lxxv
631 2240 749 2274 supra.

133 2279 168 2312 3.
191 2280 249 2312 Bis
272 2279 359 2312 denis
381 2283 481 2314 annis.
510 2281 585 2314 Hoc
609 2290 678 2322 est,
700 2281 751 2314 vi-

78 2331 166 2377 ginti
182 2344 289 2365 annos
307 2341 411 2366 natus
430 2333 572 2367 interiit.

134 2389 167 2425 4.
187 2385 334 2430 Pingere.
353 2386 395 2418 In
412 2386 567 2431 margine
581 2385 636 2419 ed.
657 2386 747 2419 Scri-

77 2438 164 2470 verii
185 2438 258 2471 haec
284 2439 388 2471 verba
412 2451 519 2472 manu
545 2439 673 2482 scripta
691 2452 748 2472 ex·

78 2498 190 2531 stant,
214 2493 358 2536 «cingere
377 2492 413 2524 in
432 2491 657 2537 quibusdam,
676 2504 748 2524 ma-

78 2543 110 2576 le
126 2560 139 2572 »
159 2555 249 2577 :vox
267 2547 396 2588 pingere
416 2544 450 2577 in
478 2553 573 2578 textu
595 2543 748 2589 ejusdem

78 2594 132 2628 ed.
149 2597 353 2642 subscripta.

135 2649 165 2682 5.
191 2649 302 2683 Cultus
323 2650 400 2689 alii,
421 2651 475 2683 vel
501 2650 613 2683 vultus.
631 2672 683 2677 —
704 2651 750 2683 El

812 2227 921 2260 libata.
943 2226 1070 2260 Sensus
1089 2233 1159 2266 est,
1179 2223 1293 2269 inquit
1311 2222 1488 2265 Raderus,

812 2289 845 2320 et
858 2280 962 2313 semel
976 2279 1026 2312 illi
1044 2279 1149 2311 barba
1163 2285 1290 2310 resecta
1304 2284 1386 2309 erat.
1402 2277 1488 2309 Pur-

806 2346 890 2377 pura
903 2333 1007 2365 barba
1024 2332 1113 2364 forte
1127 2330 1288 2370 subrufa,
1304 2337 1362 2362 aut
1373 2330 1487 2375 prima

810 2386 937 2431 lanugo
950 2411 958 2426 ‚
976 2397 1054 2430 quae
1070 2383 1221 2417 flavescit
1236 2382 1364 2428 potius.
1380 2381 1488 2416 Vide-

809 2446 866 2471 tur
884 2446 999 2471 tamen
1023 2437 1136 2470 rufam
1157 2436 1346 2469 insinuare.

862 2492 894 2524 6.
925 2491 976 2523 De
1005 2490 1101 2522 trihus
1126 2502 1199 2522 ειηα.
1227 2488 1396 2522 Similiter
1418 2488 1479 2521 lib.

808 2544 872 2583 IV,
891 2543 999 2589 epigr.
1019 2555 1091 2584 Ltv,
1108 2555 1149 2576 10
1168 2554 1175 2575 :
1201 2542 1265 2575 «Et
1281 2553 1418 2587 semper
1438 2540 1482 2574 de

810 2596 921 2629 tribus
937 2608 1007 2629 una
1025 2603 1134 2629 necat.
1157 2612 1170 2625 υ

864 2651 898 2683 8.
927 2649 1163 2696 Absentemque.
1195 2648 1314 2692 Longe
1343 2646 1440 2681 enim
1471 2660 1486 2678 a
