<?xml version="1.0" encoding="UTF-8"?>
<!DOCTYPE html PUBLIC "-//W3C//DTD XHTML 1.0 Transitional//EN"
    "http://www.w3.org/TR/xhtml1/DTD/xhtml1-transitional.dtd">
<html xmlns="http://www.w3.org/1999/xhtml" xml:lang="en" lang="en">
 <head>
  <title>
</title>
<meta http-equiv="Content-Type" content="text/html;charset=utf-8" />
  <meta name='ocr-system' content='tesseract 3.04.00' />
  <meta name='ocr-capabilities' content='ocr_page ocr_carea ocr_par ocr_line ocrx_word'/>
</head>
<body>
  <div class='ocr_page' id='page_1' title='image "./epigrammata02martuoft/epigrammata02martuoft_0677.png"; bbox 0 0 1978 3305; ppageno 0'>
   <div class='ocr_carea' id='block_1_1' title="bbox 424 208 1266 252">
    <p class='ocr_par' dir='ltr' id='par_1_1' title="bbox 424 208 1266 252">
     <span class='ocr_line' id='line_1_1' title="bbox 424 208 1266 252; baseline 0.002 -2"><span class='ocrx_word' id='word_1_1' title='bbox 424 208 986 252; x_wconf 43' lang='lat' dir='ltr'>El’lGR-xMMATUM</span> <span class='ocrx_word' id='word_1_2' title='bbox 1027 210 1142 252; x_wconf 74' lang='lat' dir='ltr'>Llss.</span> <span class='ocrx_word' id='word_1_3' title='bbox 1184 211 1266 252; x_wconf 83' lang='grc' dir='ltr'>ΧΙ.</span> 
     </span>
    </p>
   </div>
   <div class='ocr_carea' id='block_1_2' title="bbox 1444 210 1530 254">
    <p class='ocr_par' dir='ltr' id='par_1_2' title="bbox 1444 210 1530 254">
     <span class='ocr_line' id='line_1_2' title="bbox 1444 210 1530 254; baseline 0.012 -1"><span class='ocrx_word' id='word_1_4' title='bbox 1444 210 1530 254; x_wconf 73' lang='grc' dir='ltr'>66ι</span> 
     </span>
    </p>
   </div>
   <div class='ocr_carea' id='block_1_3' title="bbox 764 373 923 430">
    <p class='ocr_par' dir='ltr' id='par_1_3' title="bbox 764 373 923 430">
     <span class='ocr_line' id='line_1_3' title="bbox 764 373 923 430; baseline -0.013 0"><span class='ocrx_word' id='word_1_5' title='bbox 764 373 923 430; x_wconf 75' lang='lat' dir='ltr'>CIV.</span> 
     </span>
    </p>
   </div>
   <div class='ocr_carea' id='block_1_4' title="bbox 676 547 1015 575">
    <p class='ocr_par' dir='ltr' id='par_1_4' title="bbox 676 547 1015 575">
     <span class='ocr_line' id='line_1_4' title="bbox 676 547 1015 575; baseline -0.003 -1"><span class='ocrx_word' id='word_1_6' title='bbox 676 548 727 574; x_wconf 84' lang='lat' dir='ltr'>IN</span> <span class='ocrx_word' id='word_1_7' title='bbox 768 547 1015 575; x_wconf 82' lang='lat' dir='ltr'>UXOREM.</span> 
     </span>
    </p>
   </div>
   <div class='ocr_carea' id='block_1_5' title="bbox 216 686 1418 1306">
    <p class='ocr_par' dir='ltr' id='par_1_5' title="bbox 217 686 1418 817">
     <span class='ocr_line' id='line_1_5' title="bbox 217 686 1347 748; baseline 0 -17"><span class='ocrx_word' id='word_1_8' title='bbox 217 689 377 742; x_wconf 77' lang='lat' dir='ltr'>Uxon,</span> <span class='ocrx_word' id='word_1_9' title='bbox 400 686 510 730; x_wconf 87' lang='lat' dir='ltr'>vade</span> <span class='ocrx_word' id='word_1_10' title='bbox 534 687 675 737; x_wconf 82' lang='lat' dir='ltr'>foras,</span> <span class='ocrx_word' id='word_1_11' title='bbox 699 697 775 730; x_wconf 88' lang='lat' dir='ltr'>aut</span> <span class='ocrx_word' id='word_1_12' title='bbox 799 688 992 748; x_wconf 81' lang='lat' dir='ltr'>moribus</span> <span class='ocrx_word' id='word_1_13' title='bbox 1017 697 1136 731; x_wconf 86' lang='lat' dir='ltr'>utere</span> <span class='ocrx_word' id='word_1_14' title='bbox 1163 690 1347 743; x_wconf 83' lang='lat' dir='ltr'>nostris;</span> 
     </span>
     <span class='ocr_line' id='line_1_6' title="bbox 286 757 1418 817; baseline 0.002 -16"><span class='ocrx_word' id='word_1_15' title='bbox 286 758 388 801; x_wconf 89' lang='lat' dir='ltr'>Non</span> <span class='ocrx_word' id='word_1_16' title='bbox 409 772 490 817; x_wconf 87' lang='lat' dir='ltr'>ego</span> <span class='ocrx_word' id='word_1_17' title='bbox 514 772 608 800; x_wconf 88' lang='lat' dir='ltr'>sum</span> <span class='ocrx_word' id='word_1_18' title='bbox 634 757 816 812; x_wconf 87' lang='lat' dir='ltr'>Curius,</span> <span class='ocrx_word' id='word_1_19' title='bbox 842 774 931 801; x_wconf 92' lang='lat' dir='ltr'>non</span> <span class='ocrx_word' id='word_1_20' title='bbox 955 757 1122 809; x_wconf 83' lang='lat' dir='ltr'>Numa,</span> <span class='ocrx_word' id='word_1_21' title='bbox 1147 773 1234 801; x_wconf 89' lang='lat' dir='ltr'>non</span> <span class='ocrx_word' id='word_1_22' title='bbox 1257 760 1418 803; x_wconf 84' lang='lat' dir='ltr'>Tatius.</span> 
     </span>
    </p>

    <p class='ocr_par' dir='ltr' id='par_1_6' title="bbox 218 826 1330 958">
     <span class='ocr_line' id='line_1_7' title="bbox 218 826 1330 889; baseline 0.001 -19"><span class='ocrx_word' id='word_1_23' title='bbox 218 828 292 870; x_wconf 86' lang='lat' dir='ltr'>Me</span> <span class='ocrx_word' id='word_1_24' title='bbox 309 826 501 886; x_wconf 85' lang='lat' dir='ltr'>jucunda</span> <span class='ocrx_word' id='word_1_25' title='bbox 523 826 679 886; x_wconf 84' lang='lat' dir='ltr'>juvant</span> <span class='ocrx_word' id='word_1_26' title='bbox 704 835 851 871; x_wconf 84' lang='lat' dir='ltr'>tractae</span> <span class='ocrx_word' id='word_1_27' title='bbox 875 843 954 889; x_wconf 91' lang='lat' dir='ltr'>per</span> <span class='ocrx_word' id='word_1_28' title='bbox 975 826 1132 887; x_wconf 86' lang='lat' dir='ltr'>pocula</span> <span class='ocrx_word' id='word_1_29' title='bbox 1156 837 1330 880; x_wconf 84' lang='lat' dir='ltr'>noctes;</span> 
     </span>
     <span class='ocr_line' id='line_1_8' title="bbox 286 897 1219 958; baseline 0.001 -19"><span class='ocrx_word' id='word_1_30' title='bbox 286 897 353 940; x_wconf 94' lang='lat' dir='ltr'>Tu</span> <span class='ocrx_word' id='word_1_31' title='bbox 379 912 587 957; x_wconf 86' lang='lat' dir='ltr'>properas</span> <span class='ocrx_word' id='word_1_32' title='bbox 613 906 716 957; x_wconf 87' lang='lat' dir='ltr'>pota</span> <span class='ocrx_word' id='word_1_33' title='bbox 740 913 917 958; x_wconf 83' lang='lat' dir='ltr'>surgere</span> <span class='ocrx_word' id='word_1_34' title='bbox 939 898 1071 941; x_wconf 88' lang='lat' dir='ltr'>tristis</span> <span class='ocrx_word' id='word_1_35' title='bbox 1097 913 1219 957; x_wconf 84' lang='lat' dir='ltr'>aqua.</span> 
     </span>
    </p>

    <p class='ocr_par' dir='ltr' id='par_1_7' title="bbox 216 966 1322 1098">
     <span class='ocr_line' id='line_1_9' title="bbox 216 966 1322 1027; baseline 0.001 -18"><span class='ocrx_word' id='word_1_36' title='bbox 216 968 283 1009; x_wconf 87' lang='lat' dir='ltr'>Tu</span> <span class='ocrx_word' id='word_1_37' title='bbox 313 966 500 1010; x_wconf 88' lang='lat' dir='ltr'>tenebris</span> <span class='ocrx_word' id='word_1_38' title='bbox 523 966 684 1027; x_wconf 83' lang='lat' dir='ltr'>gaudes</span> <span class='ocrx_word' id='word_1_39' title='bbox 705 983 713 1009; x_wconf 73' lang='grc' dir='ltr'>ε</span> <span class='ocrx_word' id='word_1_40' title='bbox 734 983 802 1010; x_wconf 89' lang='lat' dir='ltr'>me</span> <span class='ocrx_word' id='word_1_41' title='bbox 825 966 972 1011; x_wconf 89' lang='lat' dir='ltr'>ludere</span> <span class='ocrx_word' id='word_1_42' title='bbox 996 977 1103 1011; x_wconf 87' lang='lat' dir='ltr'>teste</span> <span class='ocrx_word' id='word_1_43' title='bbox 1126 966 1322 1023; x_wconf 79' lang='lat' dir='ltr'>lucerna,</span> 
     </span>
     <span class='ocr_line' id='line_1_10' title="bbox 287 1035 1196 1098; baseline 0 -19"><span class='ocrx_word' id='word_1_44' title='bbox 287 1037 344 1079; x_wconf 89' lang='lat' dir='ltr'>Et</span> <span class='ocrx_word' id='word_1_45' title='bbox 363 1037 488 1097; x_wconf 87' lang='lat' dir='ltr'>juvat</span> <span class='ocrx_word' id='word_1_46' title='bbox 513 1036 699 1081; x_wconf 86' lang='lat' dir='ltr'>admissa</span> <span class='ocrx_word' id='word_1_47' title='bbox 724 1054 927 1098; x_wconf 83' lang='lat' dir='ltr'>rumpere</span> <span class='ocrx_word' id='word_1_48' title='bbox 955 1037 1050 1097; x_wconf 87' lang='lat' dir='ltr'>luce</span> <span class='ocrx_word' id='word_1_49' title='bbox 1071 1035 1196 1081; x_wconf 87' lang='lat' dir='ltr'>latus.</span> 
     </span>
    </p>

    <p class='ocr_par' dir='ltr' id='par_1_8' title="bbox 219 1106 1394 1238">
     <span class='ocr_line' id='line_1_11' title="bbox 219 1106 1394 1167; baseline 0.001 -18"><span class='ocrx_word' id='word_1_50' title='bbox 219 1107 369 1149; x_wconf 86' lang='lat' dir='ltr'>Fascia</span> <span class='ocrx_word' id='word_1_51' title='bbox 390 1115 433 1149; x_wconf 88' lang='lat' dir='ltr'>te</span> <span class='ocrx_word' id='word_1_52' title='bbox 449 1141 462 1161; x_wconf 80' lang='lat'>‚</span> <span class='ocrx_word' id='word_1_53' title='bbox 487 1108 728 1167; x_wconf 84' lang='lat' dir='ltr'>tunicaeque</span> <span class='ocrx_word' id='word_1_54' title='bbox 743 1143 754 1161; x_wconf 81' lang='grc'><em>,</em></span> <span class='ocrx_word' id='word_1_55' title='bbox 779 1107 1051 1167; x_wconf 80' lang='lat' dir='ltr'>obscuraque</span> <span class='ocrx_word' id='word_1_56' title='bbox 1076 1106 1204 1167; x_wconf 83' lang='lat' dir='ltr'>pallia</span> <span class='ocrx_word' id='word_1_57' title='bbox 1226 1106 1366 1151; x_wconf 83' lang='lat' dir='ltr'>celant</span> <span class='ocrx_word' id='word_1_58' title='bbox 1384 1125 1394 1161; x_wconf 86' lang='lat'>;</span> 
     </span>
     <span class='ocr_line' id='line_1_12' title="bbox 289 1176 1192 1238; baseline 0.002 -19"><span class='ocrx_word' id='word_1_59' title='bbox 289 1178 346 1220; x_wconf 91' lang='lat' dir='ltr'>At</span> <span class='ocrx_word' id='word_1_60' title='bbox 369 1176 476 1220; x_wconf 85' lang='lat' dir='ltr'>mihi</span> <span class='ocrx_word' id='word_1_61' title='bbox 497 1176 616 1220; x_wconf 87' lang='lat' dir='ltr'>nulla</span> <span class='ocrx_word' id='word_1_62' title='bbox 640 1178 741 1221; x_wconf 86' lang='lat' dir='ltr'>satis</span> <span class='ocrx_word' id='word_1_63' title='bbox 763 1177 879 1221; x_wconf 83' lang='lat' dir='ltr'>nuda</span> <span class='ocrx_word' id='word_1_64' title='bbox 904 1176 1047 1238; x_wconf 84' lang='lat' dir='ltr'>puella</span> <span class='ocrx_word' id='word_1_65' title='bbox 1065 1177 1192 1236; x_wconf 84' lang='lat' dir='ltr'>jacet.</span> 
     </span>
    </p>

    <p class='ocr_par' dir='ltr' id='par_1_9' title="bbox 220 1246 1297 1306">
     <span class='ocr_line' id='line_1_13' title="bbox 220 1246 1297 1306; baseline 0.002 -17"><span class='ocrx_word' id='word_1_66' title='bbox 220 1246 341 1290; x_wconf 87' lang='lat' dir='ltr'>Basia</span> <span class='ocrx_word' id='word_1_67' title='bbox 366 1262 435 1290; x_wconf 91' lang='lat' dir='ltr'>me</span> <span class='ocrx_word' id='word_1_68' title='bbox 458 1247 636 1306; x_wconf 89' lang='lat' dir='ltr'>capiunt</span> <span class='ocrx_word' id='word_1_69' title='bbox 655 1247 835 1291; x_wconf 86' lang='lat' dir='ltr'>blandas</span> <span class='ocrx_word' id='word_1_70' title='bbox 858 1248 1023 1291; x_wconf 86' lang='lat' dir='ltr'>imitata</span> <span class='ocrx_word' id='word_1_71' title='bbox 1046 1246 1268 1292; x_wconf 86' lang='lat' dir='ltr'>columbas</span> <span class='ocrx_word' id='word_1_72' title='bbox 1287 1264 1297 1301; x_wconf 82' lang='lat'><em>3</em></span> 
     </span>
    </p>
   </div>
   <div class='ocr_carea' id='block_1_6' title="bbox 152 1400 835 2655">
    <p class='ocr_par' dir='ltr' id='par_1_10' title="bbox 152 1400 822 1604">
     <span class='ocr_line' id='line_1_14' title="bbox 210 1400 821 1442; baseline 0 -8"><span class='ocrx_word' id='word_1_73' title='bbox 210 1413 239 1434; x_wconf 94' lang='lat'>1.</span> <span class='ocrx_word' id='word_1_74' title='bbox 260 1401 331 1434; x_wconf 83' lang='lat' dir='ltr'>Aut</span> <span class='ocrx_word' id='word_1_75' title='bbox 351 1401 484 1433; x_wconf 74' lang='lat' dir='ltr'>moribus</span> <span class='ocrx_word' id='word_1_76' title='bbox 500 1427 509 1440; x_wconf 90' lang='lat'><em>‚</em></span> <span class='ocrx_word' id='word_1_77' title='bbox 539 1409 604 1434; x_wconf 87' lang='lat' dir='ltr'>etc.</span> <span class='ocrx_word' id='word_1_78' title='bbox 639 1401 746 1442; x_wconf 82' lang='lat' dir='ltr'>Quasi</span> <span class='ocrx_word' id='word_1_79' title='bbox 768 1400 821 1434; x_wconf 90' lang='lat' dir='ltr'>di-</span> 
     </span>
     <span class='ocr_line' id='line_1_15' title="bbox 152 1453 822 1498; baseline 0 -12"><span class='ocrx_word' id='word_1_80' title='bbox 152 1453 256 1487; x_wconf 88' lang='lat' dir='ltr'>vortii</span> <span class='ocrx_word' id='word_1_81' title='bbox 269 1465 369 1487; x_wconf 87' lang='lat' dir='ltr'>causa</span> <span class='ocrx_word' id='word_1_82' title='bbox 382 1454 426 1487; x_wconf 86' lang='lat' dir='ltr'>sit</span> <span class='ocrx_word' id='word_1_83' title='bbox 438 1453 653 1498; x_wconf 79' lang='lat' dir='ltr'>inaequalitas</span> <span class='ocrx_word' id='word_1_84' title='bbox 666 1466 803 1486; x_wconf 87' lang='lat' dir='ltr'>morum</span> <span class='ocrx_word' id='word_1_85' title='bbox 814 1480 822 1492; x_wconf 84' lang='grc'><em>,</em></span> 
     </span>
     <span class='ocr_line' id='line_1_16' title="bbox 152 1505 822 1551; baseline 0 -12"><span class='ocrx_word' id='word_1_86' title='bbox 152 1506 207 1539; x_wconf 89' lang='lat' dir='ltr'>vel</span> <span class='ocrx_word' id='word_1_87' title='bbox 243 1506 279 1539; x_wconf 89' lang='lat' dir='ltr'>in</span> <span class='ocrx_word' id='word_1_88' title='bbox 313 1518 420 1540; x_wconf 78' lang='lat' dir='ltr'>uxore</span> <span class='ocrx_word' id='word_1_89' title='bbox 452 1505 560 1551; x_wconf 81' lang='lat' dir='ltr'>tnagis</span> <span class='ocrx_word' id='word_1_90' title='bbox 594 1506 822 1551; x_wconf 87' lang='lat' dir='ltr'>probatorum</span> 
     </span>
     <span class='ocr_line' id='line_1_17' title="bbox 153 1558 421 1604; baseline 0 -12"><span class='ocrx_word' id='word_1_91' title='bbox 153 1571 256 1604; x_wconf 87' lang='lat' dir='ltr'>quam</span> <span class='ocrx_word' id='word_1_92' title='bbox 276 1558 312 1591; x_wconf 89' lang='lat' dir='ltr'>in</span> <span class='ocrx_word' id='word_1_93' title='bbox 333 1559 421 1592; x_wconf 85' lang='lat' dir='ltr'>viro.</span> 
     </span>
    </p>

    <p class='ocr_par' dir='ltr' id='par_1_11' title="bbox 153 1610 826 1908">
     <span class='ocr_line' id='line_1_18' title="bbox 209 1610 822 1656; baseline -0.002 -12"><span class='ocrx_word' id='word_1_94' title='bbox 209 1624 242 1644; x_wconf 84' lang='lat'>2.</span> <span class='ocrx_word' id='word_1_95' title='bbox 263 1612 338 1645; x_wconf 83' lang='lat' dir='ltr'>Non</span> <span class='ocrx_word' id='word_1_96' title='bbox 355 1624 414 1656; x_wconf 77' lang='lat' dir='ltr'>ego</span> <span class='ocrx_word' id='word_1_97' title='bbox 430 1624 497 1643; x_wconf 86' lang='lat' dir='ltr'>sum</span> <span class='ocrx_word' id='word_1_98' title='bbox 518 1610 557 1644; x_wconf 91' lang='lat' dir='ltr'>C.</span> <span class='ocrx_word' id='word_1_99' title='bbox 578 1624 632 1643; x_wconf 82' lang='lat' dir='ltr'>nec</span> <span class='ocrx_word' id='word_1_100' title='bbox 651 1611 695 1644; x_wconf 91' lang='lat' dir='ltr'>N.</span> <span class='ocrx_word' id='word_1_101' title='bbox 714 1623 768 1643; x_wconf 81' lang='lat' dir='ltr'>nec</span> <span class='ocrx_word' id='word_1_102' title='bbox 784 1612 822 1643; x_wconf 90' lang='lat' dir='ltr'>T.</span> 
     </span>
     <span class='ocr_line' id='line_1_19' title="bbox 153 1663 824 1709; baseline -0.003 -11"><span class='ocrx_word' id='word_1_103' title='bbox 153 1663 234 1698; x_wconf 90' lang='lat' dir='ltr'>edd.</span> <span class='ocrx_word' id='word_1_104' title='bbox 256 1671 340 1698; x_wconf 84' lang='lat' dir='ltr'>vett.</span> <span class='ocrx_word' id='word_1_105' title='bbox 359 1672 392 1697; x_wconf 88' lang='lat' dir='ltr'>et</span> <span class='ocrx_word' id='word_1_106' title='bbox 409 1664 538 1709; x_wconf 86' lang='lat' dir='ltr'>Delph.</span> <span class='ocrx_word' id='word_1_107' title='bbox 557 1672 590 1696; x_wconf 90' lang='lat' dir='ltr'>et</span> <span class='ocrx_word' id='word_1_108' title='bbox 609 1663 756 1697; x_wconf 84' lang='lat' dir='ltr'>Farnab.</span> <span class='ocrx_word' id='word_1_109' title='bbox 772 1685 824 1690; x_wconf 91' lang='lat'>——</span> 
     </span>
     <span class='ocr_line' id='line_1_20' title="bbox 153 1716 824 1762; baseline -0.001 -13"><span class='ocrx_word' id='word_1_110' title='bbox 153 1717 229 1750; x_wconf 85' lang='lat' dir='ltr'>Non</span> <span class='ocrx_word' id='word_1_111' title='bbox 247 1729 305 1762; x_wconf 78' lang='lat' dir='ltr'>ego</span> <span class='ocrx_word' id='word_1_112' title='bbox 317 1744 326 1757; x_wconf 95' lang='lat'><em>‚</em></span> <span class='ocrx_word' id='word_1_113' title='bbox 345 1725 412 1750; x_wconf 89' lang='lat' dir='ltr'>etc.</span> <span class='ocrx_word' id='word_1_114' title='bbox 433 1716 513 1750; x_wconf 89' lang='lat' dir='ltr'>Non</span> <span class='ocrx_word' id='word_1_115' title='bbox 532 1729 608 1749; x_wconf 90' lang='lat' dir='ltr'>sum</span> <span class='ocrx_word' id='word_1_116' title='bbox 624 1716 824 1757; x_wconf 84' lang='lat' dir='ltr'>continens,</span> 
     </span>
     <span class='ocr_line' id='line_1_21' title="bbox 155 1767 822 1814; baseline -0.003 -11"><span class='ocrx_word' id='word_1_117' title='bbox 155 1777 266 1803; x_wconf 83' lang='lat' dir='ltr'>castus</span> <span class='ocrx_word' id='word_1_118' title='bbox 282 1794 292 1811; x_wconf 93' lang='lat'>,</span> <span class='ocrx_word' id='word_1_119' title='bbox 322 1767 472 1814; x_wconf 90' lang='lat' dir='ltr'>pudicus</span> <span class='ocrx_word' id='word_1_120' title='bbox 489 1794 498 1810; x_wconf 93' lang='lat'><strong>‚</strong></span> <span class='ocrx_word' id='word_1_121' title='bbox 529 1769 646 1814; x_wconf 88' lang='lat' dir='ltr'>quales</span> <span class='ocrx_word' id='word_1_122' title='bbox 676 1769 822 1808; x_wconf 85' lang='lat' dir='ltr'>Curius,</span> 
     </span>
     <span class='ocr_line' id='line_1_22' title="bbox 154 1821 826 1866; baseline -0.001 -11"><span class='ocrx_word' id='word_1_123' title='bbox 154 1822 270 1855; x_wconf 88' lang='lat' dir='ltr'>Numa</span> <span class='ocrx_word' id='word_1_124' title='bbox 284 1847 293 1863; x_wconf 90' lang='lat'>,</span> <span class='ocrx_word' id='word_1_125' title='bbox 314 1829 350 1856; x_wconf 90' lang='lat' dir='ltr'>et</span> <span class='ocrx_word' id='word_1_126' title='bbox 361 1822 494 1855; x_wconf 83' lang='lat' dir='ltr'>Tatius.</span> <span class='ocrx_word' id='word_1_127' title='bbox 515 1822 567 1855; x_wconf 94' lang='lat' dir='ltr'>De</span> <span class='ocrx_word' id='word_1_128' title='bbox 589 1821 718 1866; x_wconf 91' lang='lat' dir='ltr'>quibus</span> <span class='ocrx_word' id='word_1_129' title='bbox 739 1833 826 1866; x_wconf 87' lang='lat' dir='ltr'>saepe</span> 
     </span>
     <span class='ocr_line' id='line_1_23' title="bbox 155 1873 370 1908; baseline 0.005 -1"><span class='ocrx_word' id='word_1_130' title='bbox 155 1873 287 1908; x_wconf 86' lang='lat' dir='ltr'>dictum</span> <span class='ocrx_word' id='word_1_131' title='bbox 309 1883 370 1908; x_wconf 90' lang='lat' dir='ltr'>est.</span> 
     </span>
    </p>

    <p class='ocr_par' dir='ltr' id='par_1_12' title="bbox 155 1927 829 2231">
     <span class='ocr_line' id='line_1_24' title="bbox 210 1927 826 1972; baseline -0.003 -11"><span class='ocrx_word' id='word_1_132' title='bbox 210 1928 244 1961; x_wconf 81' lang='grc'>3.</span> <span class='ocrx_word' id='word_1_133' title='bbox 260 1928 292 1960; x_wconf 94' lang='lat' dir='ltr'><em>T</em></span> <span class='ocrx_word' id='word_1_134' title='bbox 290 1935 386 1959; x_wconf 82' lang='lat' dir='ltr'>ractae</span> <span class='ocrx_word' id='word_1_135' title='bbox 394 1940 453 1972; x_wconf 83' lang='lat' dir='ltr'>per</span> <span class='ocrx_word' id='word_1_136' title='bbox 461 1927 576 1972; x_wconf 79' lang='lat' dir='ltr'>pocula</span> <span class='ocrx_word' id='word_1_137' title='bbox 589 1935 702 1960; x_wconf 78' lang='lat' dir='ltr'>noctes.</span> <span class='ocrx_word' id='word_1_138' title='bbox 715 1927 826 1960; x_wconf 87' lang='lat' dir='ltr'>Ducta</span> 
     </span>
     <span class='ocr_line' id='line_1_25' title="bbox 156 1979 829 2024; baseline 0 -12"><span class='ocrx_word' id='word_1_139' title='bbox 156 1980 192 2012; x_wconf 89' lang='lat' dir='ltr'>in</span> <span class='ocrx_word' id='word_1_140' title='bbox 220 1979 408 2024; x_wconf 83' lang='lat' dir='ltr'>plurimam</span> <span class='ocrx_word' id='word_1_141' title='bbox 429 1987 569 2013; x_wconf 88' lang='lat' dir='ltr'>noctem</span> <span class='ocrx_word' id='word_1_142' title='bbox 589 1979 747 2012; x_wconf 82' lang='lat' dir='ltr'>convivia</span> <span class='ocrx_word' id='word_1_143' title='bbox 765 2005 775 2021; x_wconf 85' lang='lat'>,</span> <span class='ocrx_word' id='word_1_144' title='bbox 795 1987 829 2012; x_wconf 89' lang='lat' dir='ltr'>et</span> 
     </span>
     <span class='ocr_line' id='line_1_26' title="bbox 155 2031 829 2077; baseline -0.001 -12"><span class='ocrx_word' id='word_1_145' title='bbox 155 2031 285 2077; x_wconf 82' lang='lat' dir='ltr'>lagenae</span> <span class='ocrx_word' id='word_1_146' title='bbox 301 2044 401 2077; x_wconf 84' lang='lat' dir='ltr'>quas,</span> <span class='ocrx_word' id='word_1_147' title='bbox 419 2040 459 2065; x_wconf 88' lang='lat' dir='ltr'>ut</span> <span class='ocrx_word' id='word_1_148' title='bbox 480 2031 618 2065; x_wconf 84' lang='lat' dir='ltr'>Horatii</span> <span class='ocrx_word' id='word_1_149' title='bbox 634 2032 829 2073; x_wconf 84' lang='lat' dir='ltr'>Manliana,</span> 
     </span>
     <span class='ocr_line' id='line_1_27' title="bbox 161 2083 829 2130; baseline -0.001 -12"><span class='ocrx_word' id='word_1_150' title='bbox 161 2102 175 2115; x_wconf 76' lang='grc' dir='ltr'>ι</span> <span class='ocrx_word' id='word_1_151' title='bbox 188 2084 318 2118; x_wconf 82' lang='lat' dir='ltr'>Gratiae</span> <span class='ocrx_word' id='word_1_152' title='bbox 326 2085 494 2130; x_wconf 86' lang='lat' dir='ltr'>Vivaeque</span> <span class='ocrx_word' id='word_1_153' title='bbox 506 2083 705 2130; x_wconf 88' lang='lat' dir='ltr'>producent</span> <span class='ocrx_word' id='word_1_154' title='bbox 719 2085 829 2118; x_wconf 87' lang='lat' dir='ltr'>lucer-</span> 
     </span>
     <span class='ocr_line' id='line_1_28' title="bbox 158 2136 829 2182; baseline 0 -12"><span class='ocrx_word' id='word_1_155' title='bbox 158 2149 229 2179; x_wconf 84' lang='lat' dir='ltr'>nae,</span> <span class='ocrx_word' id='word_1_156' title='bbox 245 2139 338 2171; x_wconf 89' lang='lat' dir='ltr'>Dum</span> <span class='ocrx_word' id='word_1_157' title='bbox 355 2136 493 2171; x_wconf 88' lang='lat' dir='ltr'>rediens</span> <span class='ocrx_word' id='word_1_158' title='bbox 511 2137 606 2182; x_wconf 86' lang='lat' dir='ltr'>fugat</span> <span class='ocrx_word' id='word_1_159' title='bbox 621 2145 709 2171; x_wconf 84' lang='lat' dir='ltr'>astra</span> <span class='ocrx_word' id='word_1_160' title='bbox 727 2138 829 2170; x_wconf 81' lang='lat' dir='ltr'><strong>Phoe-</strong></span> 
     </span>
     <span class='ocr_line' id='line_1_29' title="bbox 157 2189 828 2231; baseline 0 -8"><span class='ocrx_word' id='word_1_161' title='bbox 157 2190 223 2223; x_wconf 91' lang='lat' dir='ltr'>bus</span> <span class='ocrx_word' id='word_1_162' title='bbox 238 2207 252 2220; x_wconf 68' lang='lat' dir='ltr'>n</span> <span class='ocrx_word' id='word_1_163' title='bbox 268 2191 390 2224; x_wconf 86' lang='lat' dir='ltr'>Horat.</span> <span class='ocrx_word' id='word_1_164' title='bbox 410 2190 435 2222; x_wconf 94' lang='lat' dir='ltr'>l.</span> <span class='ocrx_word' id='word_1_165' title='bbox 451 2190 522 2231; x_wconf 89' lang='grc' dir='ltr'>ΙΠ,</span> <span class='ocrx_word' id='word_1_166' title='bbox 539 2189 597 2223; x_wconf 92' lang='lat' dir='ltr'>od.</span> <span class='ocrx_word' id='word_1_167' title='bbox 617 2201 690 2230; x_wconf 61' lang='grc' dir='ltr'>Χῖα,</span> <span class='ocrx_word' id='word_1_168' title='bbox 705 2202 755 2223; x_wconf 85' lang='lat' dir='ltr'>vs.</span> <span class='ocrx_word' id='word_1_169' title='bbox 773 2202 828 2223; x_wconf 79' lang='lat'>22.</span> 
     </span>
    </p>

    <p class='ocr_par' dir='ltr' id='par_1_13' title="bbox 160 2241 833 2546">
     <span class='ocr_line' id='line_1_30' title="bbox 215 2241 830 2282; baseline -0.003 -6"><span class='ocrx_word' id='word_1_170' title='bbox 215 2243 250 2276; x_wconf 86' lang='lat'>5.</span> <span class='ocrx_word' id='word_1_171' title='bbox 273 2243 324 2275; x_wconf 88' lang='lat' dir='ltr'>Tu</span> <span class='ocrx_word' id='word_1_172' title='bbox 355 2241 485 2275; x_wconf 78' lang='lat' dir='ltr'>tenebris</span> <span class='ocrx_word' id='word_1_173' title='bbox 504 2268 514 2282; x_wconf 91' lang='lat'>‚</span> <span class='ocrx_word' id='word_1_174' title='bbox 553 2250 619 2276; x_wconf 89' lang='lat' dir='ltr'>etc.</span> <span class='ocrx_word' id='word_1_175' title='bbox 650 2242 830 2275; x_wconf 85' lang='lat' dir='ltr'>Immerito</span> 
     </span>
     <span class='ocr_line' id='line_1_31' title="bbox 160 2293 832 2340; baseline -0.001 -12"><span class='ocrx_word' id='word_1_176' title='bbox 160 2303 353 2340; x_wconf 79' lang='lat' dir='ltr'>utrumque</span> <span class='ocrx_word' id='word_1_177' title='bbox 376 2293 507 2328; x_wconf 84' lang='lat' dir='ltr'>diceret</span> <span class='ocrx_word' id='word_1_178' title='bbox 524 2294 635 2335; x_wconf 89' lang='lat' dir='ltr'>Naso,</span> <span class='ocrx_word' id='word_1_179' title='bbox 655 2294 718 2339; x_wconf 91' lang='lat' dir='ltr'>qui</span> <span class='ocrx_word' id='word_1_180' title='bbox 739 2293 832 2327; x_wconf 90' lang='lat' dir='ltr'>diem</span> 
     </span>
     <span class='ocr_line' id='line_1_32' title="bbox 160 2346 831 2393; baseline -0.001 -13"><span class='ocrx_word' id='word_1_181' title='bbox 160 2348 258 2393; x_wconf 88' lang='lat' dir='ltr'>cupit</span> <span class='ocrx_word' id='word_1_182' title='bbox 271 2355 305 2381; x_wconf 88' lang='lat' dir='ltr'>et</span> <span class='ocrx_word' id='word_1_183' title='bbox 321 2347 468 2393; x_wconf 85' lang='lat' dir='ltr'>imperat</span> <span class='ocrx_word' id='word_1_184' title='bbox 482 2346 627 2380; x_wconf 88' lang='lat' dir='ltr'>dubium</span> <span class='ocrx_word' id='word_1_185' title='bbox 638 2372 647 2387; x_wconf 89' lang='lat'><strong><em>‚</em></strong></span> <span class='ocrx_word' id='word_1_186' title='bbox 662 2348 782 2380; x_wconf 90' lang='lat' dir='ltr'>Amor.</span> <span class='ocrx_word' id='word_1_187' title='bbox 796 2347 811 2378; x_wconf 93' lang='lat' dir='ltr'>I</span> <span class='ocrx_word' id='word_1_188' title='bbox 822 2372 831 2386; x_wconf 96' lang='lat'>,</span> 
     </span>
     <span class='ocr_line' id='line_1_33' title="bbox 160 2399 833 2444; baseline -0.001 -11"><span class='ocrx_word' id='word_1_189' title='bbox 160 2412 196 2440; x_wconf 87' lang='lat' dir='ltr'>v,</span> <span class='ocrx_word' id='word_1_190' title='bbox 222 2400 241 2434; x_wconf 85' lang='lat'>5</span> <span class='ocrx_word' id='word_1_191' title='bbox 260 2411 269 2433; x_wconf 91' lang='lat'>:</span> <span class='ocrx_word' id='word_1_192' title='bbox 285 2417 299 2430; x_wconf 73' lang='grc' dir='ltr'>ι</span> <span class='ocrx_word' id='word_1_193' title='bbox 320 2399 444 2441; x_wconf 88' lang='lat' dir='ltr'>Qualia</span> <span class='ocrx_word' id='word_1_194' title='bbox 471 2400 653 2434; x_wconf 89' lang='lat' dir='ltr'>sublucent</span> <span class='ocrx_word' id='word_1_195' title='bbox 678 2399 833 2444; x_wconf 77' lang='lat' dir='ltr'>fugiente</span> 
     </span>
     <span class='ocr_line' id='line_1_34' title="bbox 161 2452 833 2498; baseline -0.003 -12"><span class='ocrx_word' id='word_1_196' title='bbox 161 2453 366 2498; x_wconf 86' lang='lat' dir='ltr'>crepuscula</span> <span class='ocrx_word' id='word_1_197' title='bbox 395 2452 550 2493; x_wconf 90' lang='lat' dir='ltr'>Phoebo,</span> <span class='ocrx_word' id='word_1_198' title='bbox 578 2454 649 2485; x_wconf 86' lang='lat' dir='ltr'>Aut</span> <span class='ocrx_word' id='word_1_199' title='bbox 674 2453 734 2485; x_wconf 87' lang='lat' dir='ltr'>ubi</span> <span class='ocrx_word' id='word_1_200' title='bbox 763 2464 833 2485; x_wconf 88' lang='lat' dir='ltr'>nox</span> 
     </span>
     <span class='ocr_line' id='line_1_35' title="bbox 162 2503 715 2546; baseline 0 -8"><span class='ocrx_word' id='word_1_201' title='bbox 162 2504 267 2546; x_wconf 85' lang='lat' dir='ltr'>abiit,</span> <span class='ocrx_word' id='word_1_202' title='bbox 287 2517 350 2539; x_wconf 88' lang='lat' dir='ltr'>nec</span> <span class='ocrx_word' id='word_1_203' title='bbox 371 2513 486 2538; x_wconf 88' lang='lat' dir='ltr'>tamen</span> <span class='ocrx_word' id='word_1_204' title='bbox 506 2512 580 2538; x_wconf 88' lang='lat' dir='ltr'>orta</span> <span class='ocrx_word' id='word_1_205' title='bbox 600 2503 685 2538; x_wconf 87' lang='lat' dir='ltr'>dies.</span> <span class='ocrx_word' id='word_1_206' title='bbox 702 2522 715 2534; x_wconf 74' lang='lat' dir='ltr'>n</span> 
     </span>
    </p>

    <p class='ocr_par' dir='ltr' id='par_1_14' title="bbox 165 2551 835 2655">
     <span class='ocr_line' id='line_1_36' title="bbox 218 2551 834 2603; baseline -0.003 -12"><span class='ocrx_word' id='word_1_207' title='bbox 218 2560 252 2591; x_wconf 90' lang='lat'>6.</span> <span class='ocrx_word' id='word_1_208' title='bbox 270 2558 422 2603; x_wconf 79' lang='lat' dir='ltr'>Rumpere</span> <span class='ocrx_word' id='word_1_209' title='bbox 439 2558 530 2590; x_wconf 79' lang='lat' dir='ltr'>latus.</span> <span class='ocrx_word' id='word_1_210' title='bbox 548 2551 589 2591; x_wconf 62' lang='lat' dir='ltr'>siv</span> <span class='ocrx_word' id='word_1_211' title='bbox 609 2562 653 2602; x_wconf 80' lang='grc' dir='ltr'>τῴ</span> <span class='ocrx_word' id='word_1_212' title='bbox 669 2561 724 2595; x_wconf 81' lang='grc' dir='ltr'>τῆς</span> <span class='ocrx_word' id='word_1_213' title='bbox 743 2562 834 2589; x_wconf 57' lang='lat'>7:210-</span> 
     </span>
     <span class='ocr_line' id='line_1_37' title="bbox 165 2605 835 2655; baseline -0.001 -12"><span class='ocrx_word' id='word_1_214' title='bbox 165 2611 278 2653; x_wconf 69' lang='grc' dir='ltr'>χρὺσευ</span> <span class='ocrx_word' id='word_1_215' title='bbox 292 2605 469 2655; x_wconf 68' lang='grc' dir='ltr'>Ᾱφροὸίτης</span> <span class='ocrx_word' id='word_1_216' title='bbox 493 2611 585 2654; x_wconf 70' lang='grc' dir='ltr'>ἔργῳ.</span> <span class='ocrx_word' id='word_1_217' title='bbox 605 2608 732 2643; x_wconf 83' lang='lat' dir='ltr'>Eadem</span> <span class='ocrx_word' id='word_1_218' title='bbox 752 2621 835 2643; x_wconf 80' lang='lat' dir='ltr'>voce</span> 
     </span>
    </p>
   </div>
   <div class='ocr_carea' id='block_1_7' title="bbox 878 1401 1564 2654">
    <p class='ocr_par' dir='ltr' id='par_1_15' title="bbox 878 1401 1555 1550">
     <span class='ocr_line' id='line_1_38' title="bbox 880 1401 1552 1446; baseline 0 -13"><span class='ocrx_word' id='word_1_219' title='bbox 880 1401 1056 1434; x_wconf 79' lang='lat' dir='ltr'>Juvenalis</span> <span class='ocrx_word' id='word_1_220' title='bbox 1069 1413 1211 1446; x_wconf 86' lang='lat' dir='ltr'>quoque</span> <span class='ocrx_word' id='word_1_221' title='bbox 1224 1401 1336 1434; x_wconf 81' lang='lat' dir='ltr'>utitur</span> <span class='ocrx_word' id='word_1_222' title='bbox 1345 1401 1462 1434; x_wconf 82' lang='lat' dir='ltr'>sat.VI</span> <span class='ocrx_word' id='word_1_223' title='bbox 1472 1426 1480 1441; x_wconf 92' lang='lat'>‚</span> <span class='ocrx_word' id='word_1_224' title='bbox 1497 1401 1552 1445; x_wconf 68' lang='lat'>35:</span> 
     </span>
     <span class='ocr_line' id='line_1_39' title="bbox 882 1452 1555 1498; baseline -0.001 -12"><span class='ocrx_word' id='word_1_225' title='bbox 882 1454 1011 1498; x_wconf 86' lang='lat' dir='ltr'>Litigat</span> <span class='ocrx_word' id='word_1_226' title='bbox 1033 1462 1067 1486; x_wconf 88' lang='lat' dir='ltr'>et</span> <span class='ocrx_word' id='word_1_227' title='bbox 1091 1454 1250 1498; x_wconf 84' lang='lat' dir='ltr'>queritur</span> <span class='ocrx_word' id='word_1_228' title='bbox 1276 1452 1372 1498; x_wconf 83' lang='lat' dir='ltr'>quod</span> <span class='ocrx_word' id='word_1_229' title='bbox 1393 1453 1440 1486; x_wconf 88' lang='lat' dir='ltr'>Et</span> <span class='ocrx_word' id='word_1_230' title='bbox 1465 1454 1555 1487; x_wconf 59' lang='lat' dir='ltr'>lateii</span> 
     </span>
     <span class='ocr_line' id='line_1_40' title="bbox 878 1514 1096 1550; baseline 0.005 -12"><span class='ocrx_word' id='word_1_231' title='bbox 878 1519 994 1550; x_wconf 80' lang='lat' dir='ltr'>parcas</span> <span class='ocrx_word' id='word_1_232' title='bbox 1006 1533 1015 1546; x_wconf 92' lang='lat'><em>‚</em></span> <span class='ocrx_word' id='word_1_233' title='bbox 1031 1514 1096 1539; x_wconf 82' lang='lat' dir='ltr'>etc.</span> 
     </span>
    </p>

    <p class='ocr_par' dir='ltr' id='par_1_16' title="bbox 883 1559 1557 2075">
     <span class='ocr_line' id='line_1_41' title="bbox 938 1559 1554 1604; baseline -0.002 -12"><span class='ocrx_word' id='word_1_234' title='bbox 938 1571 971 1602; x_wconf 83' lang='lat'>7.</span> <span class='ocrx_word' id='word_1_235' title='bbox 993 1559 1110 1591; x_wconf 75' lang='lat' dir='ltr'>Fascia</span> <span class='ocrx_word' id='word_1_236' title='bbox 1130 1567 1158 1590; x_wconf 83' lang='lat' dir='ltr'>te</span> <span class='ocrx_word' id='word_1_237' title='bbox 1172 1586 1180 1598; x_wconf 91' lang='lat'>,</span> <span class='ocrx_word' id='word_1_238' title='bbox 1204 1562 1394 1604; x_wconf 72' lang='lat' dir='ltr'>tunt&#39;coeque,</span> <span class='ocrx_word' id='word_1_239' title='bbox 1414 1567 1478 1591; x_wconf 86' lang='lat' dir='ltr'>etc.</span> <span class='ocrx_word' id='word_1_240' title='bbox 1500 1559 1554 1591; x_wconf 75' lang='lat' dir='ltr'>Sic</span> 
     </span>
     <span class='ocr_line' id='line_1_42' title="bbox 884 1611 1557 1656; baseline -0.001 -12"><span class='ocrx_word' id='word_1_241' title='bbox 884 1611 1057 1644; x_wconf 82' lang='lat' dir='ltr'>Gruterus</span> <span class='ocrx_word' id='word_1_242' title='bbox 1075 1623 1092 1643; x_wconf 91' lang='lat' dir='ltr'>e</span> <span class='ocrx_word' id='word_1_243' title='bbox 1107 1611 1206 1644; x_wconf 87' lang='lat' dir='ltr'>MSS.</span> <span class='ocrx_word' id='word_1_244' title='bbox 1217 1611 1464 1656; x_wconf 83' lang='lat' dir='ltr'>pluribus.Cui</span> <span class='ocrx_word' id='word_1_245' title='bbox 1478 1623 1557 1644; x_wconf 81' lang='lat' dir='ltr'>con-</span> 
     </span>
     <span class='ocr_line' id='line_1_43' title="bbox 883 1662 1556 1707; baseline 0 -11"><span class='ocrx_word' id='word_1_246' title='bbox 883 1664 988 1696; x_wconf 88' lang='lat' dir='ltr'>sentit</span> <span class='ocrx_word' id='word_1_247' title='bbox 999 1662 1181 1697; x_wconf 82' lang='lat' dir='ltr'>Bodleian.</span> <span class='ocrx_word' id='word_1_248' title='bbox 1194 1663 1252 1696; x_wconf 84' lang='lat' dir='ltr'>Sic</span> <span class='ocrx_word' id='word_1_249' title='bbox 1261 1671 1295 1696; x_wconf 89' lang='lat' dir='ltr'>et</span> <span class='ocrx_word' id='word_1_250' title='bbox 1310 1662 1389 1696; x_wconf 93' lang='lat' dir='ltr'>cod.</span> <span class='ocrx_word' id='word_1_251' title='bbox 1401 1663 1436 1696; x_wconf 90' lang='lat' dir='ltr'>in</span> <span class='ocrx_word' id='word_1_252' title='bbox 1450 1675 1556 1707; x_wconf 82' lang='lat' dir='ltr'>marg.</span> 
     </span>
     <span class='ocr_line' id='line_1_44' title="bbox 883 1715 1554 1762; baseline -0.003 -13"><span class='ocrx_word' id='word_1_253' title='bbox 883 1715 938 1749; x_wconf 91' lang='lat' dir='ltr'>ed.</span> <span class='ocrx_word' id='word_1_254' title='bbox 951 1716 1029 1750; x_wconf 88' lang='lat' dir='ltr'>Par.</span> <span class='ocrx_word' id='word_1_255' title='bbox 1049 1719 1113 1750; x_wconf 86' lang='lat'>161</span> <span class='ocrx_word' id='word_1_256' title='bbox 1125 1729 1157 1761; x_wconf 89' lang='lat'>7.</span> <span class='ocrx_word' id='word_1_257' title='bbox 1176 1717 1363 1762; x_wconf 80' lang='lat' dir='ltr'>Tunicoeque</span> <span class='ocrx_word' id='word_1_258' title='bbox 1379 1724 1486 1760; x_wconf 75' lang='lat' dir='ltr'>tegunt</span> <span class='ocrx_word' id='word_1_259' title='bbox 1502 1717 1554 1748; x_wconf 66' lang='lat' dir='ltr'>olt-</span> 
     </span>
     <span class='ocr_line' id='line_1_45' title="bbox 883 1767 1554 1815; baseline -0.001 -14"><span class='ocrx_word' id='word_1_260' title='bbox 883 1782 1033 1815; x_wconf 81' lang='lat' dir='ltr'>scuraque</span> <span class='ocrx_word' id='word_1_261' title='bbox 1053 1769 1144 1813; x_wconf 83' lang='lat' dir='ltr'>palla</span> <span class='ocrx_word' id='word_1_262' title='bbox 1167 1767 1246 1802; x_wconf 87' lang='lat' dir='ltr'>edd.</span> <span class='ocrx_word' id='word_1_263' title='bbox 1267 1776 1350 1802; x_wconf 77' lang='lat' dir='ltr'>vett.</span> <span class='ocrx_word' id='word_1_264' title='bbox 1373 1776 1405 1802; x_wconf 89' lang='lat' dir='ltr'>et</span> <span class='ocrx_word' id='word_1_265' title='bbox 1430 1768 1554 1813; x_wconf 74' lang='lat' dir='ltr'>Delph.</span> 
     </span>
     <span class='ocr_line' id='line_1_46' title="bbox 885 1819 1555 1861; baseline -0.003 -7"><span class='ocrx_word' id='word_1_266' title='bbox 885 1829 918 1854; x_wconf 90' lang='lat' dir='ltr'>et</span> <span class='ocrx_word' id='word_1_267' title='bbox 940 1821 1088 1855; x_wconf 86' lang='lat' dir='ltr'>Farnah.</span> <span class='ocrx_word' id='word_1_268' title='bbox 1105 1843 1157 1847; x_wconf 93' lang='lat'><strong>—</strong></span> <span class='ocrx_word' id='word_1_269' title='bbox 1175 1821 1290 1854; x_wconf 66' lang='lat' dir='ltr'>Fascia</span> <span class='ocrx_word' id='word_1_270' title='bbox 1310 1829 1338 1853; x_wconf 84' lang='lat' dir='ltr'>te</span> <span class='ocrx_word' id='word_1_271' title='bbox 1353 1848 1362 1861; x_wconf 96' lang='lat'><em>,</em></span> <span class='ocrx_word' id='word_1_272' title='bbox 1381 1828 1445 1854; x_wconf 89' lang='lat' dir='ltr'>etc.</span> <span class='ocrx_word' id='word_1_273' title='bbox 1471 1838 1482 1850; x_wconf 70' lang='grc' dir='ltr'>ιι</span> <span class='ocrx_word' id='word_1_274' title='bbox 1501 1819 1555 1852; x_wconf 78' lang='lat' dir='ltr'>Ad</span> 
     </span>
     <span class='ocr_line' id='line_1_47' title="bbox 885 1872 1555 1913; baseline -0.003 -6"><span class='ocrx_word' id='word_1_275' title='bbox 885 1874 970 1908; x_wconf 88' lang='lat' dir='ltr'>talos</span> <span class='ocrx_word' id='word_1_276' title='bbox 994 1874 1075 1906; x_wconf 79' lang='lat' dir='ltr'>stola</span> <span class='ocrx_word' id='word_1_277' title='bbox 1104 1873 1268 1913; x_wconf 85' lang='lat' dir='ltr'>demissa,</span> <span class='ocrx_word' id='word_1_278' title='bbox 1291 1881 1323 1906; x_wconf 83' lang='lat' dir='ltr'>et</span> <span class='ocrx_word' id='word_1_279' title='bbox 1345 1872 1555 1906; x_wconf 68' lang='lat' dir='ltr'>circumdata</span> 
     </span>
     <span class='ocr_line' id='line_1_48' title="bbox 885 1924 1556 1971; baseline -0.001 -12"><span class='ocrx_word' id='word_1_280' title='bbox 885 1926 974 1971; x_wconf 78' lang='lat' dir='ltr'>palla</span> <span class='ocrx_word' id='word_1_281' title='bbox 992 1925 1164 1967; x_wconf 85' lang='lat' dir='ltr'>Plurima,</span> <span class='ocrx_word' id='word_1_282' title='bbox 1180 1938 1254 1971; x_wconf 84' lang='lat' dir='ltr'>quae</span> <span class='ocrx_word' id='word_1_283' title='bbox 1270 1924 1450 1959; x_wconf 75' lang='lat' dir='ltr'>invideant</span> <span class='ocrx_word' id='word_1_284' title='bbox 1470 1937 1556 1970; x_wconf 85' lang='lat' dir='ltr'>pure</span> 
     </span>
     <span class='ocr_line' id='line_1_49' title="bbox 885 1977 1556 2025; baseline -0.004 -12"><span class='ocrx_word' id='word_1_285' title='bbox 885 1991 1051 2025; x_wconf 83' lang='lat' dir='ltr'>apparere</span> <span class='ocrx_word' id='word_1_286' title='bbox 1072 1979 1136 2011; x_wconf 85' lang='lat' dir='ltr'>tibi</span> <span class='ocrx_word' id='word_1_287' title='bbox 1155 1991 1241 2012; x_wconf 82' lang='lat' dir='ltr'>rem.</span> <span class='ocrx_word' id='word_1_288' title='bbox 1265 1995 1277 2008; x_wconf 67' lang='grc' dir='ltr'>ι</span> <span class='ocrx_word' id='word_1_289' title='bbox 1298 1978 1418 2012; x_wconf 83' lang='lat' dir='ltr'>Horat.</span> <span class='ocrx_word' id='word_1_290' title='bbox 1439 1977 1501 2011; x_wconf 86' lang='lat' dir='ltr'>lib.</span> <span class='ocrx_word' id='word_1_291' title='bbox 1523 1979 1556 2017; x_wconf 85' lang='lat' dir='ltr'>l,</span> 
     </span>
     <span class='ocr_line' id='line_1_50' title="bbox 886 2032 1182 2075; baseline -0.003 -10"><span class='ocrx_word' id='word_1_292' title='bbox 886 2032 954 2065; x_wconf 85' lang='lat' dir='ltr'>Sat.</span> <span class='ocrx_word' id='word_1_293' title='bbox 979 2044 1031 2072; x_wconf 89' lang='lat'>11,</span> <span class='ocrx_word' id='word_1_294' title='bbox 1052 2044 1099 2064; x_wconf 88' lang='lat' dir='ltr'>vs.</span> <span class='ocrx_word' id='word_1_295' title='bbox 1123 2044 1182 2075; x_wconf 86' lang='lat'>99.</span> 
     </span>
    </p>

    <p class='ocr_par' dir='ltr' id='par_1_17' title="bbox 887 2081 1560 2443">
     <span class='ocr_line' id='line_1_51' title="bbox 942 2081 1555 2127; baseline -0.005 -9"><span class='ocrx_word' id='word_1_296' title='bbox 942 2086 975 2118; x_wconf 91' lang='lat'>8.</span> <span class='ocrx_word' id='word_1_297' title='bbox 991 2084 1094 2117; x_wconf 74' lang='lat' dir='ltr'>Jacet.</span> <span class='ocrx_word' id='word_1_298' title='bbox 1121 2084 1176 2117; x_wconf 88' lang='lat' dir='ltr'>Sic</span> <span class='ocrx_word' id='word_1_299' title='bbox 1203 2082 1277 2117; x_wconf 86' lang='lat' dir='ltr'>MS.</span> <span class='ocrx_word' id='word_1_300' title='bbox 1306 2083 1341 2116; x_wconf 85' lang='lat' dir='ltr'>in</span> <span class='ocrx_word' id='word_1_301' title='bbox 1368 2095 1476 2127; x_wconf 83' lang='lat' dir='ltr'>marg.</span> <span class='ocrx_word' id='word_1_302' title='bbox 1501 2081 1555 2115; x_wconf 85' lang='lat' dir='ltr'>ed.</span> 
     </span>
     <span class='ocr_line' id='line_1_52' title="bbox 887 2136 1555 2181; baseline -0.004 -12"><span class='ocrx_word' id='word_1_303' title='bbox 887 2137 987 2170; x_wconf 88' lang='lat' dir='ltr'>Par.1</span> <span class='ocrx_word' id='word_1_304' title='bbox 997 2139 1017 2170; x_wconf 87' lang='lat'>6</span> <span class='ocrx_word' id='word_1_305' title='bbox 1028 2148 1040 2168; x_wconf 90' lang='lat'>1</span> <span class='ocrx_word' id='word_1_306' title='bbox 1051 2149 1069 2181; x_wconf 87' lang='lat'><strong><em>7</em></strong></span> <span class='ocrx_word' id='word_1_307' title='bbox 1082 2136 1142 2169; x_wconf 87' lang='lat' dir='ltr'>ubi</span> <span class='ocrx_word' id='word_1_308' title='bbox 1152 2144 1304 2169; x_wconf 85' lang='lat' dir='ltr'>notatur.</span> <span class='ocrx_word' id='word_1_309' title='bbox 1323 2147 1331 2168; x_wconf 91' lang='lat'>:</span> <span class='ocrx_word' id='word_1_310' title='bbox 1347 2152 1359 2164; x_wconf 67' lang='grc' dir='ltr'><em>α</em></span> <span class='ocrx_word' id='word_1_311' title='bbox 1369 2136 1463 2168; x_wconf 80' lang='lat' dir='ltr'>Patet</span> <span class='ocrx_word' id='word_1_312' title='bbox 1475 2161 1483 2175; x_wconf 92' lang='lat'>,</span> <span class='ocrx_word' id='word_1_313' title='bbox 1495 2147 1555 2167; x_wconf 85' lang='lat' dir='ltr'>an·</span> 
     </span>
     <span class='ocr_line' id='line_1_53' title="bbox 888 2187 1552 2234; baseline -0.003 -12"><span class='ocrx_word' id='word_1_314' title='bbox 888 2189 1037 2223; x_wconf 80' lang='lat' dir='ltr'>titheton</span> <span class='ocrx_word' id='word_1_315' title='bbox 1053 2187 1205 2230; x_wconf 87' lang='lat' dir='ltr'>celandi,</span> <span class='ocrx_word' id='word_1_316' title='bbox 1223 2189 1392 2234; x_wconf 85' lang='lat' dir='ltr'>probatur</span> <span class='ocrx_word' id='word_1_317' title='bbox 1405 2187 1523 2232; x_wconf 84' lang='lat' dir='ltr'>magis.</span> <span class='ocrx_word' id='word_1_318' title='bbox 1541 2205 1552 2216; x_wconf 84' lang='grc' dir='ltr'>ι-</span> 
     </span>
     <span class='ocr_line' id='line_1_54' title="bbox 889 2239 1557 2286; baseline -0.004 -12"><span class='ocrx_word' id='word_1_319' title='bbox 889 2241 1055 2274; x_wconf 81' lang='lat' dir='ltr'>—Jacet.</span> <span class='ocrx_word' id='word_1_320' title='bbox 1082 2242 1162 2274; x_wconf 80' lang='lat' dir='ltr'>Vox</span> <span class='ocrx_word' id='word_1_321' title='bbox 1191 2240 1336 2286; x_wconf 87' lang='lat' dir='ltr'>propria</span> <span class='ocrx_word' id='word_1_322' title='bbox 1367 2239 1410 2273; x_wconf 90' lang='lat' dir='ltr'>de</span> <span class='ocrx_word' id='word_1_323' title='bbox 1433 2240 1473 2272; x_wconf 87' lang='lat' dir='ltr'>iis</span> <span class='ocrx_word' id='word_1_324' title='bbox 1497 2240 1557 2285; x_wconf 90' lang='lat' dir='ltr'>qui</span> 
     </span>
     <span class='ocr_line' id='line_1_55' title="bbox 888 2291 1559 2339; baseline -0.004 -12"><span class='ocrx_word' id='word_1_325' title='bbox 888 2295 958 2339; x_wconf 83' lang='lat' dir='ltr'>jam</span> <span class='ocrx_word' id='word_1_326' title='bbox 991 2294 1026 2326; x_wconf 91' lang='lat' dir='ltr'>iu</span> <span class='ocrx_word' id='word_1_327' title='bbox 1062 2293 1162 2327; x_wconf 83' lang='lat' dir='ltr'>lecto.</span> <span class='ocrx_word' id='word_1_328' title='bbox 1191 2293 1298 2335; x_wconf 88' lang='lat' dir='ltr'>Quasi</span> <span class='ocrx_word' id='word_1_329' title='bbox 1328 2291 1419 2326; x_wconf 87' lang='lat' dir='ltr'>dicat</span> <span class='ocrx_word' id='word_1_330' title='bbox 1440 2304 1447 2325; x_wconf 73' lang='grc' dir='ltr'>ε</span> <span class='ocrx_word' id='word_1_331' title='bbox 1469 2304 1559 2325; x_wconf 91' lang='lat' dir='ltr'>nun-</span> 
     </span>
     <span class='ocr_line' id='line_1_56' title="bbox 890 2344 1560 2391; baseline -0.004 -12"><span class='ocrx_word' id='word_1_332' title='bbox 890 2358 993 2391; x_wconf 85' lang='lat' dir='ltr'>quam</span> <span class='ocrx_word' id='word_1_333' title='bbox 1020 2354 1090 2379; x_wconf 88' lang='lat' dir='ltr'>tam</span> <span class='ocrx_word' id='word_1_334' title='bbox 1117 2344 1213 2379; x_wconf 86' lang='lat' dir='ltr'>nuda</span> <span class='ocrx_word' id='word_1_335' title='bbox 1240 2353 1311 2383; x_wconf 90' lang='lat' dir='ltr'>est,</span> <span class='ocrx_word' id='word_1_336' title='bbox 1339 2344 1426 2390; x_wconf 88' lang='lat' dir='ltr'>quin</span> <span class='ocrx_word' id='word_1_337' title='bbox 1452 2344 1560 2390; x_wconf 81' lang='lat' dir='ltr'>magis</span> 
     </span>
     <span class='ocr_line' id='line_1_57' title="bbox 890 2397 1256 2443; baseline 0 -12"><span class='ocrx_word' id='word_1_338' title='bbox 890 2397 1022 2431; x_wconf 85' lang='lat' dir='ltr'>nudam</span> <span class='ocrx_word' id='word_1_339' title='bbox 1038 2410 1109 2431; x_wconf 87' lang='lat' dir='ltr'>esse</span> <span class='ocrx_word' id='word_1_340' title='bbox 1127 2406 1256 2443; x_wconf 88' lang='lat' dir='ltr'>optem.</span> 
     </span>
    </p>

    <p class='ocr_par' dir='ltr' id='par_1_18' title="bbox 890 2449 1564 2654">
     <span class='ocr_line' id='line_1_58' title="bbox 946 2449 1558 2495; baseline -0.005 -11"><span class='ocrx_word' id='word_1_341' title='bbox 946 2465 978 2495; x_wconf 84' lang='lat'>9.</span> <span class='ocrx_word' id='word_1_342' title='bbox 993 2452 1122 2484; x_wconf 81' lang='lat' dir='ltr'>Imitata</span> <span class='ocrx_word' id='word_1_343' title='bbox 1133 2450 1301 2483; x_wconf 84' lang='lat' dir='ltr'>columbas.</span> <span class='ocrx_word' id='word_1_344' title='bbox 1313 2449 1467 2489; x_wconf 77' lang='lat' dir='ltr'>Lasciva,</span> <span class='ocrx_word' id='word_1_345' title='bbox 1479 2460 1558 2493; x_wconf 85' lang='lat' dir='ltr'>qua-</span> 
     </span>
     <span class='ocr_line' id='line_1_59' title="bbox 890 2502 1559 2548; baseline -0.006 -11"><span class='ocrx_word' id='word_1_346' title='bbox 890 2504 934 2537; x_wconf 87' lang='lat' dir='ltr'>lia</span> <span class='ocrx_word' id='word_1_347' title='bbox 950 2503 1016 2536; x_wconf 90' lang='lat' dir='ltr'>sibi</span> <span class='ocrx_word' id='word_1_348' title='bbox 1029 2503 1244 2548; x_wconf 81' lang='lat' dir='ltr'>ingeminant</span> <span class='ocrx_word' id='word_1_349' title='bbox 1259 2502 1428 2536; x_wconf 88' lang='lat' dir='ltr'>columbae</span> <span class='ocrx_word' id='word_1_350' title='bbox 1442 2509 1476 2534; x_wconf 87' lang='lat' dir='ltr'>et</span> <span class='ocrx_word' id='word_1_351' title='bbox 1488 2513 1559 2545; x_wconf 86' lang='lat' dir='ltr'>pas—</span> 
     </span>
     <span class='ocr_line' id='line_1_60' title="bbox 892 2554 1561 2599; baseline -0.007 -10"><span class='ocrx_word' id='word_1_352' title='bbox 892 2556 1018 2590; x_wconf 84' lang='lat' dir='ltr'>serculi</span> <span class='ocrx_word' id='word_1_353' title='bbox 1034 2557 1168 2589; x_wconf 81' lang='lat' dir='ltr'>salaces.</span> <span class='ocrx_word' id='word_1_354' title='bbox 1184 2555 1261 2588; x_wconf 87' lang='lat' dir='ltr'>Lib.</span> <span class='ocrx_word' id='word_1_355' title='bbox 1278 2555 1364 2595; x_wconf 80' lang='lat' dir='ltr'>Xll,</span> <span class='ocrx_word' id='word_1_356' title='bbox 1380 2554 1469 2599; x_wconf 86' lang='lat' dir='ltr'>epig.</span> <span class='ocrx_word' id='word_1_357' title='bbox 1484 2565 1561 2591; x_wconf 72' lang='lat' dir='ltr'>mcv,</span> 
     </span>
     <span class='ocr_line' id='line_1_61' title="bbox 894 2604 1564 2654; baseline -0.009 -12"><span class='ocrx_word' id='word_1_358' title='bbox 894 2610 982 2642; x_wconf 82' lang='lat' dir='ltr'>iufra</span> <span class='ocrx_word' id='word_1_359' title='bbox 994 2621 1000 2641; x_wconf 72' lang='grc' dir='ltr'><em>ι</em></span> <span class='ocrx_word' id='word_1_360' title='bbox 1013 2624 1023 2634; x_wconf 76' lang='grc'>·«</span> <span class='ocrx_word' id='word_1_361' title='bbox 1035 2609 1199 2654; x_wconf 85' lang='lat' dir='ltr'>basioque</span> <span class='ocrx_word' id='word_1_362' title='bbox 1210 2617 1277 2641; x_wconf 83' lang='lat' dir='ltr'>tam</span> <span class='ocrx_word' id='word_1_363' title='bbox 1289 2608 1394 2651; x_wconf 84' lang='lat' dir='ltr'>longo</span> <span class='ocrx_word' id='word_1_364' title='bbox 1406 2604 1564 2638; x_wconf 62' lang='lat' dir='ltr'>Blandita</span> 
     </span>
    </p>
   </div>
   <div class='ocr_carea' id='block_1_8' title="bbox 1270 2669 1358 2732">
    <p class='ocr_par' dir='ltr' id='par_1_19' title="bbox 1270 2669 1358 2732">
     <span class='ocr_line' id='line_1_62' title="bbox 1270 2669 1358 2732; baseline 0.034 -14"><span class='ocrx_word' id='word_1_365' title='bbox 1270 2669 1358 2732; x_wconf 65' lang='lat'>,42⁵</span> 
     </span>
    </p>
   </div>
  </div>
 </body>
</html>
