1978 3305
470 257 563 319 {96
838 256 897 298 Μ.
925 254 1064 296 VAL.

1105 253 1496 296 MARTIALIS

529 348 648 389 Dum
676 353 802 387 vacat
824 343 915 385 liaec
930 374 942 393 ,
967 342 1134 393 Caesar,
1156 340 1315 400 poterit
1339 338 1471 384 lorica
1495 342 1667 389 vocari3

600 417 778 458 Pectore
804 428 938 472 quum
963 426 1085 453 sacro
1113 409 1292 461 sederit,
1314 410 1429 470 AEgis
1457 411 1548 453 erit.

461 537 574 581 capite
598 536 687 568 irato
713 543 746 567 et
772 531 953 578 anguineis
977 530 1131 563 crinibus

463 587 692 622 formidabilis
703 612 712 627 ,
727 586 857 619 timeat.
869 604 921 610 —
931 585 1001 616 Dea
1018 583 1131 616 Medu—

461 656 525 675 ›aeu
553 640 682 674 dicitur
704 639 834 678 Pallas,
864 636 957 682 quod
985 635 1133 669 Palladis

462 707 528 740 ope
542 694 686 727 Perseus
703 690 885 725 Medusam
907 688 1132 723 interfecerit.

462 745 607 780 Medusa
634 757 702 778 una
728 757 770 777 ex
797 742 1037 788 Gorgonibus‚
1063 741 1135 774 filia

463 799 593 832 Pliorbi
617 798 691 831 fuit.
711 796 855 830 Comam
876 796 948 840 ejus
970 794 1074 827 vertit
1098 793 1132 826 in

462 859 640 897 serpentes
659 850 785 887 Pallas,
803 858 836 881 et
857 849 909 881 ori
929 846 1024 881 dedit
1044 847 1135 879 hanc

462 905 531 937 vim
546 929 555 943 ,
582 913 621 937 ut
642 904 702 948 qui
724 901 812 935 illud
829 900 1069 947 adspicerent,
1098 899 1134 931 iu

463 956 596 1002 lapides
613 963 842 990 verterentur.
864 953 982 986 Rader.
995 973 1047 979 --
1063 953 1137 997 Ipsa

466 1010 635 1043 Medusoeae
647 1022 734 1055 quem
755 1010 839 1040 timet
861 1009 907 1039 ira
928 1019 1022 1038 comae
1039 1017 1049 1038 :
1068 1005 1139 1037 hoc

466 1071 537 1104 est,
558 1074 665 1108 quem
682 1061 821 1094 thoraca
837 1058 914 1092 vel
905 1071 978 1104 ipsa
992 1056 1139 1090 Medusa

467 1115 703 1161 serpentibus,
722 1125 808 1159 quos
834 1124 898 1158 pro
918 1110 1052 1157 capillis
1082 1122 1138 1154 ge·

464 1169 588 1209 rebat,
607 1167 740 1200 munita
767 1166 916 1198 timeret.

521 1221 554 1254 3.
579 1221 663 1252 Dum
686 1227 781 1251 vacat
806 1218 890 1257 lioec,
915 1224 980 1249 etc.
1008 1215 1140 1256 Quam,

468 1274 528 1306 ubi
545 1286 616 1305 non
637 1280 788 1317 gestatur
808 1282 826 1303 a
845 1268 1068 1310 Domitiano,
1088 1268 1141 1301 lo·

467 1326 572 1359 ricam
592 1336 710 1366 voces;
726 1336 833 1369 quum
851 1331 968 1356 autem
988 1320 1144 1354 induerit

468 1391 542 1411 eam
557 1378 669 1411 Caesar
681 1403 690 1418 ‚
704 1378 775 1422 jam
791 1376 871 1420 aegis
886 1375 964 1408 erit.
978 1373 1036 1407 Dii
1051 1373 1144 1406 enim

470 1429 591 1476 aegidas
613 1438 765 1475 gestant3
789 1428 950 1461 mortales
975 1427 1145 1466 vero,lo-

471 1485 566 1516 ricas.
593 1482 687 1527 AEgis
715 1481 859 1527 proprie
884 1479 1147 1512 munimentum

1192 537 1241 564 est
1266 530 1417 575 pectoris
1441 542 1567 563 aereum
1593 542 1610 562 a
1633 531 1790 564 Vulcano
1816 531 1863 563 sa-

1191 583 1381 623 bricatum‚
1400 583 1531 616 habens
1547 583 1583 615 in
1603 582 1718 617 medio
1733 583 1865 629 Gorgo-

1193 636 1244 669 nis
1269 645 1388 680 caput.
1416 635 1484 668 Alii
1514 634 1638 669 dicunt
1662 636 1865 669 fabricatum

1193 701 1236 722 ex
1253 689 1350 722 corio
1368 687 1558 721 Amaltheae
1574 700 1694 734 caprae.

1250 745 1283 781 4.
1300 741 1400 774 Sacro
1417 740 1531 774 sederit
1541 749 1667 785 pectore
1681 768 1689 780 ,
1709 749 1775 774 etc.
1796 741 1865 774 Do-

1196 793 1349 834 mitiani,
1371 806 1469 839 aeque
1488 794 1571 832 Dei,
1591 806 1629 827 ac
1649 794 1817 826 Minervae
1835 802 1867 827 et

1194 847 1214 879 J
1217 846 1290 880 ovis
1299 873 1308 888 ‚
1319 859 1467 892 quorum
1479 846 1667 891 peculiaris
1676 846 1868 880 celebratur

1198 899 1298 944 aegis,
1321 911 1425 945 supra
1444 911 1492 933 vs.
1518 910 1549 932 1.

1250 952 1411 997 Sequens
1450 952 1662 998 epig-ramma
1691 963 1771 985 cum
1802 951 1869 984 hoc

1199 1004 1316 1049 primo
1361 1005 1544 1050 conjunxit
1587 1005 1762 1038 Domitius
1782 1029 1791 1044 ,
1835 1011 1870 1037 et

1199 1065 1392 1102 utrumque
1417 1057 1465 1090 sic
1497 1058 1725 1102 conjunctum
1749 1056 1871 1090 inscri-

1199 1109 1267 1155 psit
1286 1123 1292 1141 :
1337 1110 1397 1144 Ad
1425 1109 1554 1142 loricam
1595 1110 1772 1142 Domitiani
1791 1122 1802 1142 :
1839 1118 1872 1142 at

1200 1174 1271 1195 esse
1291 1161 1578 1208 distinguendum
1603 1161 1783 1196 contendit
1805 1163 1873 1195 Ra-

1200 1213 1304 1248 derus
1323 1228 1331 1248 :
1350 1215 1408 1249 hic
1424 1215 1536 1257 enim,
1552 1216 1687 1261 inquit,
1704 1216 1873 1249 Caesarem

1201 1268 1315 1313 ipsum
1336 1268 1544 1313 alloquitur,
1561 1268 1704 1302 loricam
1722 1280 1806 1301 vero
1820 1279 1874 1301 se-

1202 1321 1391 1366 quentibus
1413 1320 1581 1354 distichis.
1606 1321 1681 1366 Ego
1702 1333 1782 1354 cum
1807 1321 1872 1353 Ra-

1203 1372 1290 1407 dero
1318 1373 1480 1407 existimo
1508 1386 1580 1407 esse
1603 1372 1769 1407 distincta
1802 1372 1874 1406 duo

1205 1426 1519 1471 epigrammata3et
1539 1425 1619 1460 ideo
1633 1425 1797 1472 quodque
1816 1438 1874 1471 po·

1207 1479 1259 1512 sui
1271 1479 1417 1524 proprio
1432 1479 1552 1512 Titulo
1568 1479 1785 1524 inscriptum.

1127 1634 1205 1688 Il.

854 1784 929 1812 Λι)
969 1783 1145 1812 ιΡεΑΜ
1185 1783 1457 1812 LonchM.
1477 1764 1493 1779 ⁸

547 1899 685 1940 ΙΝνιΑ
711 1894 963 1954 Sarmaticis
983 1892 1146 1936 domini
1172 1891 1303 1937 lorica
1329 1893 1516 1953 sagittis,

532 2028 545 2040 ¹
558 2026 1026 2072 E(l.antiquiss.Ferratu'an.
1044 2038 1055 2058 1
1067 2031 1108 2069 47
1120 2038 1132 2058 1
1143 2051 1150 2058 .

480 2081 558 2115 Md.
587 2082 684 2114 Junt.
714 2078 828 2114 Colin.
857 2078 1016 2111 Pulman.
1042 2077 1148 2123 Laug.

478 2137 573 2175 alim,
602 2134 671 2167 hoc
702 2132 914 2178 epigramma
936 2129 1150 2176 praecedenti

478 2189 704 2232 conjunctum
730 2184 909 2218 exhibent.
939 2183 1150 2216 Distinctuni

476 2241 616 2284 prcefert
633 2237 816 2272 Calderina
832 2235 940 2270 editio
952 2263 961 2277 ‚
980 2249 1082 2282 quam
1099 2248 1149 2269 se-

478 2301 597 2339 quutae
614 2299 694 2325 sunt
711 2291 821 2323 Plant.
841 2289 984 2322 Juniau.
1005 2289 1150 2323 Farnab.

477 2345 649 2379 Scin-evel.
666 2352 700 2377 et
714 2351 859 2377 recentt.
883 2342 947 2375 Hic
967 2354 1049 2387 ergo
1068 2341 1152 2374 lori·

477 2412 550 2431 «aui
587 2398 693 2442 ipsam
731 2395 951 2441 alloquitur:
980 2394 1151 2440 superiori

478 2450 679 2484 tetrasticho
719 2449 889 2482 Caesarem
928 2456 977 2481 est
1016 2448 1150 2481 affatus.

477 2504 623 2537 Felicem
657 2502 748 2535 enim
782 2500 949 2547 praedicat
984 2500 1147 2541 loricam,

476 2556 569 2602 quod
590 2563 709 2601 pectus
730 2554 816 2595 Dei,
838 2554 860 2587 i.
883 2566 912 2586 e.
934 2553 1076 2587 Caesaris
1098 2563 1150 2587 at-

476 2612 604 2654 tingat,
620 2616 653 2641 et
674 2619 790 2641 comes
810 2615 861 2639 eat
884 2606 918 2639 in
943 2606 1068 2640 hostes.
1090 2608 1149 2640 In-

474 2662 616 2708 wriptio
638 2661 673 2694 in
697 2658 904 2705 quibusdam
924 2668 970 2691 est
995 2672 1001 2691 τ
1027 2660 1082 2692 Ad
1102 2660 1147 2691 ln—

1212 2028 1307 2057 ricnm
1319 2024 1513 2064 Domitiani,
1535 2033 1572 2057 ut
1587 2027 1657 2070 jam
1677 2025 1785 2070 priori
1809 2026 1882 2071 epi·

1211 2085 1410 2122 grammate.

1271 2143 1300 2163 1.
1332 2131 1422 2163 Invia
1447 2129 1631 2164 Sarmaticis
1659 2131 1785 2163 domini.
1818 2129 1884 2164 Hic

1211 2183 1326 2216 loricae
1346 2183 1578 2228 praestantiam
1594 2191 1627 2216 et
1641 2182 1809 2216 duritiem
1826 2181 1886 2216 de·

1211 2236 1341 2269 scribit.
1365 2254 1378 2265 «
1398 2236 1510 2268 Lot-ica
1531 2249 1548 2268 a
1576 2237 1651 2269 loris
1673 2235 1820 2274 dicitur.
1838 2236 1885 2269 ait

1213 2290 1324 2321 Varro
1336 2314 1346 2329 ,
1362 2288 1457 2334 quod
1474 2287 1516 2322 ‹le
1530 2289 1626 2322 corio
1645 2288 1756 2322 crudo
1769 2297 1887 2334 pecto·

1211 2342 1293 2374 ralia
1318 2341 1525 2375 faciebant.»
1541 2342 1642 2375 Ιηι-ιά.
1666 2342 1886 2376 Domitianus

1212 2393 1253 2427 ad
1267 2393 1406 2427 modum
1419 2394 1688 2429 Sarmaticarum
1700 2395 1887 2429 loricarum

1212 2448 1274 2481 sibi
1293 2447 1472 2481 thoracem
1495 2447 1569 2481 fieri
1587 2455 1735 2481 curarat.
1756 2447 1890 2481 Sarma·

1211 2501 1286 2534 ticae
1302 2509 1415 2534 autem
1427 2500 1542 2534 loricae
1555 2509 1622 2534 tam
1632 2499 1728 2534 durae
1737 2508 1770 2533 et
1780 2500 1888 2533 {irmae

1211 2562 1307 2587 crant
1324 2579 1332 2593 ‚
1354 2562 1391 2587 ut
1411 2554 1499 2586 ictus
1519 2565 1638 2586 omnes
1657 2552 1888 2592 sustinerent,

1210 2605 1307 2652 quod
1327 2614 1472 2640 testatur
1492 2606 1636 2640 Pausan.
1655 2605 1714 2638 lib.
1735 2606 1763 2639 1.
1784 2605 1887 2638 Varia

1210 2672 1291 2691 xero
1323 2671 1446 2703 genera
1479 2658 1665 2691 loricarum
1702 2658 1887 2692 celebravit
