1978 3305
487 248 584 293 366

853 250 915 291 M.
942 250 1084 292 VAL.
1125 249 1516 293 MARTIALIS

553 338 672 382 Fecit
702 335 974 397 Hyperborei
1004 333 1248 379 celebrator
1273 334 1403 379 Stella
1429 336 1663 397 triumphi;

625 408 666 449 O
692 403 858 467 pudor!
891 423 918 449 o
948 403 1108 466 pietas!
1135 415 1179 449 et
1202 415 1328 467 putat
1355 422 1448 450 esse
1476 422 1644 467 parurn.

554 479 655 520 Non
683 476 741 520 illi
769 478 868 520 satis
892 485 957 520 est
978 476 1154 520 turbato
1177 475 1377 520 sordidus
1401 492 1508 520 auro

626 549 840 602 Hermus,
861 556 904 590 et
930 547 1143 607 Hesperio
1167 548 1239 606 qui
1266 556 1392 590 sonat
1418 547 1524 591 orbe
1550 548 1710 608 Tagus.

557 617 711 661 Omnis
739 617 875 660 habet
902 633 979 661 sua
1007 617 1121 661 dona
1152 616 1240 660 dies
1257 652 1268 671 ‚
1297 633 1378 661 nec
1407 616 1517 662 linea
1548 617 1666 661 dives

626 690 800 743 Cessat3
826 697 869 730 et
899 689 940 730 in
972 687 1182 749 populum

542 814 576 853 3.
605 820 698 853 Fecit
723 819 940 864 Hyperborei,
968 827 1032 852 etc.
1063 819 1159 852 Fecit

486 871 586 906 ludos
604 872 786 906 Sarmatici
801 871 994 918 triumphi,
1008 884 1110 917 quem
1127 880 1161 904 et

487 926 639 959 carmine
660 924 841 970 descripsit
862 925 976 958 Stella.

543 979 576 1012 5.
598 979 673 1012 Non
689 979 747 1011 illi.
761 979 876 1023 Tagus
891 977 1018 1010 fluvius
1035 976 1160 1021 Hispa-

488 1032 554 1064 niae
573 1058 581 1073 ,
601 1031 754 1064 Hermus
780 1032 883 1064 etiam
901 1029 1023 1077 Lydiae
1042 1041 1161 1063 arenas

488 1097 607 1118 aureas
629 1084 783 1125 vehunt,
806 1096 903 1128 quae,
925 1083 1044 1116 multae
1064 1082 1162 1123 licet,

487 1137 602 1171 Stellae
635 1136 833 1170 liberalitati
865 1149 938 1169 non
969 1135 1161 1169 sufficiunt.

488 1192 575 1224 Item
590 1190 717 1235 virgil.
741 1189 869 1233 Georg.
883 1189 944 1222 lib.
964 1189 999 1221 II
1022 1200 1030 1221 2
1051 1205 1063 1217 α
1091 1188 1163 1221 Nec

487 1243 634 1289 pulcher
651 1243 788 1287 Ganges
803 1250 907 1287 atque
922 1254 1006 1274 auro
1019 1241 1164 1274 sordidus

489 1297 639 1329 Haemus.
656 1313 669 1324 a
692 1294 761 1328 Sed
788 1295 904 1340 aptius
937 1295 994 1328 hic
1019 1294 1163 1327 sordidus

489 1350 535 1382 ob
551 1348 745 1395 appositam
763 1360 883 1381 vocem
905 1347 1040 1381 turbato.
1058 1347 1126 1380 En.

544 1415 577 1446 7.
607 1402 718 1433 Omnis
746 1401 849 1434 habet.
883 1400 974 1433 Ludi
1009 1400 1164 1434 celebra-

490 1456 617 1488 bantur
630 1467 694 1500 per
711 1454 831 1499 plures
848 1453 938 1494 dies,
953 1454 1084 1499 quibus
1098 1453 1166 1486 sin-

489 1509 578 1553 gulis
599 1508 633 1541 in
658 1507 830 1552 populum
858 1519 1003 1541 munera
1027 1518 1165 1552 sparge-

489 1562 627 1594 bantur.
643 1560 828 1593 Suetonius
841 1572 870 1592 c.
890 1572 901 1592 1
915 1573 927 1593 1
947 1560 982 1592 in
997 1560 1139 1592 Nerone
1155 1571 1163 1591 ε

494 1631 507 1644 «
521 1614 643 1659 Sparsa
655 1621 689 1646 et
702 1613 837 1658 populo
849 1612 992 1646 missilia
1005 1612 1163 1645 omnium

490 1680 607 1700 rerum
637 1679 702 1712 per
733 1678 852 1699 omnes
883 1665 958 1699 dies
989 1677 996 1699 :
1029 1666 1166 1711 singula

489 1719 649 1765 quotidie
668 1719 776 1752 millia
795 1719 909 1752 avium
927 1720 1093 1764 cujusque
1108 1731 1166 1764 ge-

491 1773 583 1806 neris
599 1798 608 1812 ‚
642 1772 823 1818 multiplex
857 1784 971 1817 penus
987 1797 997 1813 ‚
1032 1781 1166 1805 tesserae

491 1825 876 1866 frumentariae,vestis‚
892 1837 1015 1858 aurum
1026 1850 1034 1865 ‚
1050 1837 1168 1870 argen-

491 1888 565 1912 tum
579 1904 588 1920 ‚
611 1891 772 1923 gemmae,
799 1878 992 1923 margaritae
1007 1905 1016 1920 ‚
1038 1878 1167 1912 tabulae

490 1933 608 1978 pictae,
638 1931 826 1977 mancipia,
855 1931 1034 1976 jumenta,
1062 1939 1166 1977 atque

489 1985 592 2019 etiam
624 1992 813 2017 mansuetae
843 1984 948 2026 ferae3
981 1984 1167 2017 novissime

490 2051 593 2071 naves
610 2063 619 2077 ‚
649 2037 771 2070 insulae
788 2061 797 2076 ‚
827 2037 912 2082 agri.
939 2054 951 2066 a
985 2037 1061 2070 Hoc
1087 2037 1166 2070 loco

490 2092 603 2125 utitur
620 2090 808 2123 Turnebus
829 2090 890 2123 lib.
913 2090 1053 2130 XXIX,
1073 2101 1102 2123 c.
1127 2102 1166 2133 9,

490 2153 530 2178 ut
555 2152 738 2189 sequentes
771 2155 891 2176 versus
921 2143 1088 2188 explicet,
1112 2156 1168 2175 nec

490 2199 573 2231 linea
597 2197 692 2229 dives.
720 2197 812 2241 Ego,
835 2195 968 2241 inquit,
991 2196 1167 2241 interpre-

490 2260 546 2285 tm·
566 2262 719 2295 gemmas
740 2258 774 2283 et
794 2249 998 2294 margaritas
1011 2275 1018 2288 ,
1044 2261 1166 2294 resque

491 2304 658 2349 pretiosas
682 2303 716 2335 in
741 2303 830 2335 linea
846 2328 855 2344 ,
877 2301 973 2347 quod
997 2315 1061 2347 ego
1082 2302 1167 2336 Gal-

490 2358 556 2390 lice
570 2355 810 2402 explico‚filet
825 2355 864 2387 de
875 2356 986 2400 perles.
1006 2356 1059 2388 De
1077 2355 1167 2389 linea

492 2410 758 2455 margaritarum
785 2408 899 2454 agitur
925 2409 998 2453 lege
1026 2409 1166 2449 XXVI,

493 2463 530 2496 ff.
555 2480 567 2492 .-
584 2461 628 2495 ad
649 2462 759 2507 legem
781 2460 986 2503 Falcidiam,
1004 2479 1015 2491 ι
1041 2470 1074 2495 et
1094 2462 1167 2507 lege

495 2516 615 2549 ultima
627 2515 665 2548 ff.
686 2533 698 2544 ι
712 2513 756 2548 de
770 2527 873 2555 auro,
888 2523 1049 2559 argento,
1064 2526 1168 2548 mun-

493 2568 563 2610 do,
584 2586 597 2598 ι-
623 2577 686 2601 etc.
714 2568 770 2600 Sic
794 2568 897 2601 etiam
923 2568 1069 2614 explicat
1094 2568 1166 2600 Sal-

494 2622 631 2655 masius,
655 2621 721 2653 Alii
743 2621 854 2653 lineam
876 2621 1000 2653 die-ilem
1023 2629 1169 2655 sumunt

496 2687 559 2719 pro
590 2672 713 2706 ordine
741 2673 1011 2712 subselliorum,
1041 2682 1073 2705 et
1105 2686 1170 2718 pro

1215 686 1351 730 multa
1381 689 1531 748 rapina
1563 687 1688 731 cadit.

1217 819 1394 852 orchestra
1423 819 1459 852 in
1485 831 1555 865 qua
1583 819 1763 864 spectabat
1789 817 1895 851 Sena-

1221 879 1287 904 tus.
1309 871 1448 917 Lipsius
1469 872 1507 904 in
1530 873 1623 905 notis
1650 871 1693 905 ad
1717 870 1895 904 Raderum

1219 924 1332 957 missis
1358 925 1407 958 sic
1435 925 1598 970 explicat,
1622 933 1662 958 ut
1689 923 1796 958 refert
1823 924 1895 969 ipse

1218 975 1374 1010 Raderus
1392 988 1399 1009 :
1421 994 1434 1006 α
1451 977 1540 1010 Mihi
1559 995 1572 1006 n
1587 1003 1596 1018 ‚
1612 977 1744 1023 inquit,
1768 995 1782 1007 «
1798 976 1895 1009 vide-

1219 1029 1323 1062 batur
1351 1030 1435 1063 linea
1461 1042 1527 1075 pro
1555 1028 1680 1063 ordine
1713 1029 1896 1063 subsellio-

1219 1095 1299 1115 rum
1313 1081 1481 1129 capienda
1492 1109 1501 1124 ,
1515 1091 1548 1115 et
1559 1082 1813 1129 interpretabar
1823 1094 1894 1115 non

1219 1135 1332 1168 solum
1348 1135 1519 1181 populum
1538 1135 1666 1169 habere
1685 1134 1781 1181 quod
1796 1147 1897 1181 cape-

1220 1196 1275 1221 ret
1295 1188 1330 1221 in
1352 1188 1557 1228 missilibus,
1578 1187 1639 1222 sed
1661 1197 1694 1221 et
1716 1188 1894 1221 Senatum.

1222 1242 1318 1273 Dives
1352 1241 1460 1285 igitur
1491 1242 1573 1274 linea
1603 1242 1790 1275 orchestra.
1814 1258 1827 1270 n
1851 1241 1897 1274 Et

1221 1294 1293 1328 haec
1307 1294 1477 1328 sententia
1490 1295 1601 1340 placet
1620 1293 1757 1327 Radero
1770 1309 1778 1333 ;
1790 1294 1895 1326 Poeta

1223 1347 1316 1380 enim
1330 1372 1339 1387 ‚
1361 1347 1498 1392 inquit,
1517 1347 1656 1380 videtur
1677 1347 1823 1381 consilio
1843 1345 1897 1379 di-

1222 1400 1382 1433 stinxisse
1412 1400 1594 1446 popularia
1626 1401 1669 1433 ab
1698 1400 1873 1433 orchestra
1885 1425 1893 1436 ,

1222 1465 1334 1499 quum
1353 1453 1499 1498 subjecit
1515 1465 1523 1486 :
1541 1461 1573 1485 et
1590 1457 1621 1485 in
1634 1453 1783 1497 populum
1799 1452 1896 1484 multa

1223 1509 1334 1551 rapina
1350 1506 1448 1539 cadit.
1460 1505 1516 1539 Sic
1526 1505 1630 1538 Ovid.
1646 1506 1681 1538 iu
1694 1507 1815 1538 Amor.
1826 1505 1878 1538 III
1888 1530 1897 1545 ‚

1225 1570 1276 1600 11,
1301 1571 1366 1602 19,
1389 1559 1515 1592 lineam
1538 1558 1663 1604 accipit
1682 1571 1748 1604 pro
1772 1556 1899 1591 ordine

1223 1610 1422 1645 sedentium
1439 1623 1447 1644 :
1468 1629 1480 1641 ιι
1493 1610 1589 1653 Quid
1605 1611 1733 1645 frustra
1748 1610 1899 1656 refugis?

1224 1664 1315 1710 cogit
1337 1677 1400 1698 nos
1419 1665 1510 1698 linea
1525 1664 1636 1711 jungi.
1655 1681 1668 1694 »
1685 1665 1829 1697 Lineam
1848 1663 1898 1695 di-

1225 1721 1315 1751 vitem
1338 1718 1490 1751 libenter
1514 1717 1723 1763 explicarem
1748 1715 1899 1750 schedu-

1224 1772 1293 1804 lam
1311 1797 1320 1810 ,
1345 1771 1381 1804 in
1409 1783 1475 1816 qua
1500 1771 1670 1816 scriptum
1698 1778 1785 1803 esset
1814 1768 1898 1814 quid

1224 1825 1418 1870 pretiosum
1429 1849 1438 1865 ‚
1454 1823 1549 1869 quod
1569 1823 1734 1857 referenti
1751 1821 1899 1856 schedu-

1224 1878 1292 1910 lam
1307 1876 1499 1911 donaretur
1512 1889 1520 1910 ε
1535 1878 1571 1910 in
1586 1877 1723 1910 tesseris
1737 1887 1822 1909 vero
1839 1887 1899 1908 seu

1224 1930 1375 1975 globulis
1395 1930 1517 1976 ligneis
1538 1930 1670 1975 scripta
1692 1937 1791 1962 erant
1812 1929 1900 1962 fera-

1224 1996 1303 2016 rum
1323 1984 1466 2017 nomina
1478 2008 1488 2024 ,
1504 1995 1581 2028 quae
1599 1982 1902 2016 distribuebantur

1225 2036 1440 2082 rapientibus
1459 2033 1779 2076 tesseras.—Quid
1800 2034 1828 2067 si
1847 2034 1900 2066 in·

1227 2089 1372 2135 telligas,
1392 2101 1464 2122 uno
1489 2089 1524 2121 in
1543 2089 1620 2122 loco
1635 2113 1644 2129 ‚
1664 2096 1698 2121 et
1713 2087 1810 2133 quasi
1831 2099 1900 2119 una

1227 2142 1262 2174 in
1291 2142 1382 2175 linea
1407 2142 1615 2175 collocatum
1641 2138 1815 2186 quidquid
1837 2151 1898 2186 pa-

1225 2203 1278 2227 rat
1297 2194 1355 2228 ille
1377 2193 1595 2228 multitudini
1612 2193 1769 2239 elargiri;
1788 2203 1903 2238 neque

1227 2260 1380 2293 unquam
1401 2248 1465 2281 hac
1487 2247 1523 2280 in
1545 2247 1636 2280 linea
1649 2272 1658 2287 ‚
1675 2247 1756 2280 licet
1776 2257 1900 2292 perpe-

1227 2309 1326 2334 tuum
1347 2301 1456 2333 multa
1473 2312 1512 2334 ex
1529 2312 1566 2333 ea
1588 2299 1742 2345 jacienda
1759 2307 1793 2332 et
1808 2310 1904 2344 spar-

1225 2353 1336 2399 genda
1352 2354 1543 2400 rapiantur,
1567 2365 1716 2386 vacuum
1734 2351 1821 2399 quid
1842 2349 1902 2384 ad·

1226 2407 1334 2453 spici,
1356 2419 1467 2452 quum
1490 2408 1524 2440 in
1546 2406 1687 2439 illorum
1706 2417 1783 2451 quae
1804 2412 1901 2450 rapta

1228 2468 1308 2493 sunt
1345 2460 1459 2493 locum
1498 2460 1560 2492 alia
1593 2457 1744 2492 subinde
1775 2465 1809 2490 et
1838 2457 1902 2490 alia

1227 2514 1441 2546 collocentur
1457 2512 1471 2545 Ρ
1493 2513 1560 2545 En.

1283 2569 1318 2601 8.
1343 2566 1448 2599 inulla
1476 2568 1567 2598 ruina
1592 2563 1678 2597 cadit
1701 2562 1736 2595 in
1759 2562 1903 2607 quibus·

1230 2619 1310 2652 dam
1326 2617 1406 2652 edd.
1421 2626 1505 2651 vett.
1522 2618 1557 2651 in
1571 2617 1665 2656 aliis,
1679 2616 1775 2648 multa
1786 2617 1902 2660 pruina

1230 2673 1333 2710 cadim·
1351 2671 1537 2704 lectionem
1557 2677 1709 2702 nostram
1726 2667 1850 2713 optimi
1869 2675 1902 2699 ct
