1978 3305
349 255 925 299 EPIGRAMMATUM
964 254 1085 296 LIB.
1126 255 1178 295 X.
1363 251 1449 297 531

705 405 822 459 LV.

554 559 609 587 IN
654 559 974 586 MARULLAM.

208 671 466 710 ARRECTUM
493 667 662 726 quoties
687 664 872 707 Marulla
896 681 1049 724 penem

208 737 410 780 Pensavit
434 735 595 797 digitis,
617 735 775 795 diuque
799 751 948 795 mensa
974 745 1059 788 est:,

208 807 386 861 Libras,
412 805 638 866 scriptula,
665 804 935 864 sextulasque
960 805 1075 849 dicit.

209 875 331 920 Idem
363 885 463 937 post
493 892 626 936 opus,
652 885 696 919 et
723 892 820 919 suas
850 874 1089 935 palaestras,

207 948 326 990 Loro
351 963 486 1007 quum
513 945 662 990 similis
683 946 801 1005 jacet
823 946 1023 1001 remisso,

209 1017 388 1074 Quanto
418 1018 471 1061 sit
497 1016 634 1060 levior
663 1014 851 1059 Marulla
878 1015 991 1060 dicit.

209 1087 312 1131 Non
339 1104 444 1148 ergo
473 1097 538 1131 est
566 1103 720 1130 manus
750 1087 850 1140 ista,
881 1086 955 1130 sed
983 1096 1153 1130 statera.

127 1213 160 1248 3.
185 1214 343 1260 Scrupula
367 1213 449 1247 edd.
474 1221 558 1247 vett.
585 1213 748 1247 Nostram

72 1268 152 1301 lect.
175 1266 234 1301 dat
255 1267 332 1301 MS.
356 1267 542 1300 Pulmann.
563 1288 616 1292 —
633 1266 748 1300 Sextu-

73 1321 133 1354 las.
160 1320 301 1354 sextula
327 1328 379 1353 est
400 1328 491 1353 sexta
516 1331 596 1365 pars
623 1319 746 1352 unciae.

75 1373 198 1407 Facete
218 1373 324 1406 Poeta
345 1381 508 1406 stateram
529 1371 615 1405 dicit
631 1371 749 1405 libidi-

74 1438 167 1460 nosae
195 1426 356 1460 Marullae
379 1438 543 1465 manum,
572 1437 650 1470 quae
678 1433 750 1459 tam

75 1487 234 1514 accurate
247 1479 314 1512 tale
333 1478 419 1524 quid
436 1486 618 1525 pensaret,
630 1486 665 1511 et
682 1490 752 1511 me·

76 1532 202 1566 tiretur
217 1553 226 1569 ,
251 1540 316 1566 etc.

132 1589 166 1625 4.
192 1584 294 1630 Opus,
316 1593 381 1618 etc.
402 1583 535 1617 Eadem
554 1595 640 1617 voce
659 1582 752 1617 idem

77 1638 248 1684 significat
275 1638 389 1679 Nam,
421 1639 544 1670 Amor.
573 1637 637 1669 lib.
667 1636 720 1669 ΠΙ
744 1648 751 1669 :

83 1709 97 1720 «ι
113 1691 216 1724 Nunc
241 1703 318 1736 opus
355 1697 547 1736 exposcunt
577 1689 754 1723 militiam-

79 1755 147 1789 que
159 1756 268 1778 suam.
282 1760 296 1774 a
310 1743 357 1777 Et
369 1743 427 1777 hic
443 1743 586 1776 militiam
599 1740 736 1775 addidit
746 1768 755 1783 ,

807 1214 896 1247 sicut
907 1213 1034 1247 Noster
1042 1214 1222 1259 palaestras.
1235 1237 1286 1242 ——-
1294 1217 1485 1252 Palaestras.

808 1267 871 1302 Τὴν
894 1267 1098 1302 >elevandum

865 1321 897 1352 5.
915 1319 998 1351 Loro
1014 1333 1104 1366 quum
1119 1321 1228 1353 similis
1239 1348 1249 1362 ,
1271 1329 1336 1355 etc.
1350 1321 1480 1356 Iisdem

809 1372 882 1405 fere
903 1372 1018 1406 verbis
1039 1385 1162 1418 supra:
1181 1373 1420 1420 «Madidoque
1438 1376 1483 1409 si-

811 1424 954 1457 millima
973 1425 1050 1458 loro
1067 1443 1080 1455 n
1098 1452 1108 1467 ‚
1129 1435 1193 1459 etc.
1389 1442 1391 1444 ’

865 1480 898 1511 6.
925 1478 1026 1510 Dicit.
1050 1478 1187 1525 Nempe
1218 1492 1337 1513 rursus
1369 1479 1485 1526 digitis

812 1531 956 1564 metiens
973 1556 982 1573 ,
999 1539 1033 1564 et
1050 1543 1154 1564 manu
1174 1545 1323 1578 pensans
1338 1560 1347 1574 ,
1371 1542 1424 1573 et,
1446 1542 1487 1566 ut

811 1582 910 1629 prius
922 1609 930 1624 ,
953 1593 1040 1629 quot
1058 1583 1156 1618 librae
1168 1607 1178 1622 ‚
1200 1585 1366 1630 scriptula
1379 1611 1388 1627 ‚
1410 1599 1486 1620 sex:

814 1637 894 1669 tulae
910 1649 1098 1671 numerans
1116 1636 1315 1682 diligenter.

868 1702 904 1734 7.
917 1689 1044 1722 statera
1063 1702 1080 1722 a
1102 1691 1215 1723 stando
1232 1689 1342 1733 dicta3
1361 1691 1490 1725 instru-

814 1751 970 1775 mentum
991 1755 1060 1787 quo
1078 1756 1132 1776 res
1146 1742 1398 1788 ponderantur.
1420 1745 1487 1778 En.

711 1890 809 1945 LV
823 1891 864 1946 Ι.

605 2046 657 2074 IN
696 2046 937 2074 GALLUM.
960 2026 978 2042 ⁴*

155 2165 318 2216 ToTls,
343 2159 494 2215 Galle,
515 2160 642 2220 jubes
670 2159 748 2202 tibi
774 2176 843 2203 me
868 2161 1029 2203 servire
1055 2159 1226 2215 diebus,

227 2233 284 2276 Et
309 2247 386 2292 per
411 2232 679 2275 Aventinum
703 2239 769 2274 ter
793 2240 946 2291 quater
975 2231 1038 2273 ire
1065 2239 1202 2274 tuum.

144 2356 158 2371 ¹*
178 2360 231 2393 De
252 2366 484 2405 patronorum
507 2357 651 2391 avaritia
676 2370 760 2403 que-

88 2414 194 2452 ritur,
218 2412 280 2458 qui
301 2410 415 2445 officia
441 2418 475 2444 et
497 2410 634 2444 labores
655 2410 762 2444 clien-

877 2370 909 2391 2.
925 2359 1115 2390 Aventinum
1126 2365 1221 2390 tuum.
1238 2374 1251 2386 e«
1261 2358 1312 2390 Ita
1323 2358 1497 2404 scripsisse

821 2410 1017 2444 Martialem
1045 2409 1183 2451 credat,
1202 2410 1415 2457 quicumque
1432 2424 1495 2445 vo-

90 2476 166 2501 tum
185 2478 230 2499 ne
249 2464 402 2498 minimis
423 2462 567 2510 quidem
585 2462 764 2496 beneficiis
822 2463 889 2504 let;
913 2475 985 2496 non
1010 2475 1072 2508 ego
1093 2475 1101 2495 :
1124 2462 1185 2496 sed
1215 2464 1257 2496 ab
1287 2464 1361 2509 ejus
1387 2477 1496 2498 manu

91 2525 317 2565 compensent
322 2542 329 2549 .

824 2515 927 2549 fuisse
957 2516 1014 2549 vix
1042 2514 1166 2550 dubito
1202 2518 1246 2549 ire
1277 2517 1384 2551 lutum.
1407 2534 1420 2547 ›·
1445 2518 1496 2550 De

150 2584 179 2605 1.
211 2571 267 2605 Me
297 2573 410 2603 servire
439 2569 555 2602 diebus.
592 2569 765 2602 Punctum
825 2569 1035 2613 Boos—At
1053 2577 1248 2615 repugnant
1268 2569 1370 2603 codd.
1392 2583 1495 2603 manu

92 2636 239 2659 munere
260 2623 415 2664 clientis,
433 2620 635 2663 salutando,
654 2620 765 2655 dedu-

93 2676 226 2717 cendo,
247 2674 465 2717 comitando,
488 2673 675 2720 sequendo,
700 2682 764 2708 etc.

825 2622 954 2655 exarati
988 2634 1117 2656 omnes.
1154 2622 1313 2663 Dehinc,
1346 2622 1430 2668 quid
1458 2624 1494 2656 in

829 2675 893 2708 hac
913 2675 1079 2713 lectione,
1105 2676 1294 2709 Aventinum
1320 2684 1422 2714 mum,
1452 2677 1496 2709 si-

1165 2745 1255 2800 34²
