1978 3305
410 262 992 306 EPIGRAMMATUM
1030 263 1153 305 LIB.
1196 264 1246 304 V.

1448 261 1510 321 (ᾖ)

321 352 432 393 Sunt
457 348 569 394 illinc
598 350 694 405 tihi,
717 360 817 394 sunt
838 359 881 394 et
904 350 1004 394 hinc
1025 349 1191 411 capilli⁷

261 454 264 455 γ
320 419 482 476 Quales
507 436 586 464 nec
611 437 794 481 puerum
822 420 975 464 decere
1001 422 1176 481 possint.

318 490 493 534 Nudum
521 500 583 534 est
610 492 653 534 in
683 490 825 534 medio
854 500 1008 551 caput,
1040 508 1118 536 nec
1149 490 1260 534 ullus

320 561 372 603 In
396 559 525 621 longa
550 559 661 620 pilus
684 576 783 604 area
807 570 997 604 notatur.

318 631 401 674 Hic
426 647 548 674 error
568 630 642 673 tibi
667 629 830 690 profuit
850 631 1109 685 Decembri,

316 701 464 754 Tunc,
487 716 621 760 quum
648 699 830 760 prandia
860 701 974 744 misit
999 703 1265 761 Imperat0r;

319 771 430 814 Cum
457 769 690 830 panariolis
711 770 849 814 tribus
873 770 1032 814 redisti.
1482 797 1513 812 10

317 839 465 884 Talem
489 842 738 901 Geryonem
768 840 896 884 fuisse
921 839 1062 884 credo.

163 1002 195 1038 4.
219 996 348 1043 Capilli.
369 998 533 1032 Promissi
552 1000 640 1033 forte
660 1007 694 1033 et
715 1000 778 1033 cir-

108 1051 197 1092 rati,
213 1051 329 1096 quales
349 1052 445 1085 alunt
463 1052 576 1097 pueri.

163 1103 181 1137 5
188 1104 320 1148 ‚Quales
328 1105 382 1137 vel
384 1117 515 1149 puerum
526 1104 618 1138 codd
626 1132 632 1138 .
639 1105 777 1138 Thuan.

107 1164 140 1189 et
152 1156 484 1202 Florent.—Quales
497 1171 562 1192 nec.
575 1157 720 1201 Etiamsi
735 1157 779 1191 ad

107 1209 306 1243 ornandum
330 1210 431 1255 pueri
455 1219 559 1256 caput
581 1209 780 1256 paucissimi

106 1263 340 1307 requirantur.
364 1263 504 1308 Duplex
522 1263 579 1297 hic
602 1271 652 1297 est
664 1256 779 1297 'inter-

106 1316 268 1359 pretatio.
290 1315 359 1348 Alii
377 1317 499 1349 volunt
511 1342 521 1359 ‚
538 1317 583 1349 ita
603 1317 726 1350 breves
746 1325 780 1350 et

105 1379 201 1401 raros
227 1380 298 1401 esse
329 1369 470 1414 capillos
496 1369 531 1402 in
559 1369 779 1414 temporibus

105 1420 271 1462 Labieni,
297 1429 336 1454 ut
357 1422 546 1456 infantium
571 1434 685 1468 neque
710 1422 778 1455 sint

105 1473 282 1508 breviores
295 1483 328 1507 et
343 1474 501 1508 rariores.
516 1475 649 1509 Verum
667 1487 778 1521 quum

105 1526 272 1561 Martialis
293 1539 379 1561 voce
392 1540 522 1572 puerum
541 1540 606 1561 nec
628 1529 777 1571 infantem

105 1591 186 1613 usus
204 1579 264 1621 sit,
289 1588 409 1625 putem
428 1580 562 1626 potius,
583 1581 777 1614 Labienum

105 1644 177 1666 esse
194 1633 336 1666 mollem
355 1641 389 1666 et
403 1632 588 1668 delicatum
600 1660 607 1672 ‚
630 1635 691 1679 qui
709 1634 776 1667 ale-

105 1693 158 1719 ret
178 1693 213 1719 et
237 1686 452 1720 cincinnaret
480 1698 587 1720 comae
614 1687 776 1733 reliquias

105 1749 204 1772 more
222 1751 412 1784 puerorum
430 1739 650 1785 elegantium.
667 1741 733 1773 En.

159 1803 193 1835 7.
223 1792 312 1825 Area
333 1800 470 1825 notatur.
498 1792 640 1826 Summa
669 1793 775 1826 calva.

105 1843 161 1877 Sic
180 1844 321 1879 Petron.
345 1857 458 1878 aream
488 1844 575 1879 dicit
603 1845 776 1891 eleganter

105 1897 255 1942 spatium
268 1898 389 1944 capitis
404 1897 595 1944 depilatum
612 1911 620 1932 :
640 1915 653 1928 u
673 1899 775 1933 Nunc

105 1950 229 1984 umbra
262 1950 390 1984 nudata
427 1963 490 1985 sua
517 1953 587 1998 jam
619 1960 776 1997 tempora

106 2012 271 2046 moerent;
284 2005 441 2049 Areaque
451 2004 576 2038 attritis
586 2003 679 2038 ridet
695 2004 776 2038 adu-

106 2063 157 2089 sta
171 2055 285 2101 pilis.»
307 2059 427 2090 Aream
456 2065 556 2091 vocat
588 2057 671 2103 quia
698 2070 774 2091 area

106 2107 274 2142 domuum
290 2110 371 2143 trita
387 2118 437 2143 est
456 2118 490 2143 et
510 2110 667 2156 levigata.

160 2163 194 2196 8.
210 2163 385 2196 Decembri.
406 2162 482 2196 Hoc
497 2171 547 2196 est
559 2189 568 2204 ‚
587 2163 776 2197 Saturnali-

105 2214 186 2256 bus,
214 2214 343 2260 quibus
376 2216 468 2249 ultro
499 2216 657 2261 citroque
685 2214 776 2250 dona

106 2266 347 2302 mittebantur.

160 2333 194 2364 9.
204 2321 291 2353 Tunc
304 2335 395 2367 quum
407 2348 416 2362 ,
436 2330 501 2355 etc.
514 2322 586 2355 Ubi
601 2335 641 2356 ex
653 2335 775 2356 nume-

106 2384 146 2405 ro
165 2373 270 2406 calvae
289 2381 355 2408 tuae
368 2387 433 2420 pro
449 2375 561 2408 tribus
577 2385 777 2410 numeratus

106 2426 268 2471 accepisti
290 2427 357 2460 tria
383 2427 524 2472 panaria
553 2424 646 2467 (sive
673 2441 778 2473 panes

105 2478 178 2520 illi,
205 2479 276 2512 sive
300 2480 421 2513 corbes
445 2479 587 2513 vimiuei
611 2493 702 2525 pane
725 2494 778 2515 re-

106 2531 186 2564 ferti
204 2530 354 2572 fuerint)
377 2545 454 2578 quae
472 2533 507 2565 in
528 2533 757 2567 Saturnalitiis
769 2560 778 2576 ,

107 2584 162 2616 vel
181 2592 220 2617 ut
239 2585 347 2618 refert
367 2585 554 2619 Suetonius
576 2598 653 2631 cap.
679 2591 697 2627 ,4
712 2613 720 2628 ,
743 2587 777 2620 in

108 2636 363 2681 Septimontiali
401 2651 494 2672 sacro
514 2666 521 2679 ‚
556 2639 776 2673 Domitianus

106 2691 238 2723 senatui
255 2691 432 2736 equitique
455 2690 643 2725 distribui&

895 1012 951 1032 10.
981 999 1060 1033 Cum
1085 1000 1271 1043 panariolis.
1302 998 1443 1033 Sueton.
1473 1000 1509 1033 in

838 1051 969 1086 Domit.
985 1050 1029 1085 de
1048 1052 1112 1085 hac
1132 1051 1325 1097 largitione.
1339 1070 1352 1081 ι·
1367 1053 1511 1086 panaria

837 1117 951 1150 sparsa
967 1122 996 1145 n,
1013 1113 1078 1139 etc.
1094 1112 1127 1137 et
1144 1105 1180 1138 in
1200 1104 1373 1151 Caligula:
1390 1105 1514 1151 «Spar-

838 1157 882 1190 sit
903 1166 937 1191 et
958 1157 1097 1192 missilia
1121 1157 1297 1192 variarum
1318 1171 1454 1199 rerum,
1476 1167 1511 1192 et

837 1211 979 1255 panaria
1001 1224 1080 1245 cum
1102 1211 1249 1244 obsonio
1269 1211 1401 1245 viritim
1423 1210 1511 1244 divi-

838 1263 902 1296 sit»
913 1290 920 1298 .
930 1263 972 1297 Id
986 1273 1099 1297 autem
1110 1271 1160 1297 est
1169 1289 1178 1306 ,
1189 1276 1265 1297 mea
1279 1263 1422 1310 quidem
1432 1276 1510 1298 sen-

837 1317 945 1350 tentia
957 1343 966 1358 ‚
982 1316 1079 1362 quod
1101 1317 1238 1351 Persius
1259 1318 1409 1364 appellat
1427 1325 1509 1350 arto-

838 1382 944 1411 creas,
969 1379 1029 1403 sat.
1056 1382 1093 1403 vt
1114 1382 1122 1403 :
1148 1387 1237 1404 .....
1242 1370 1369 1404 Oleum
1385 1396 1394 1411 ‚
1417 1378 1509 1403 arto-

838 1434 1002 1468 creasque
1021 1423 1161 1468 popello
1183 1423 1347 1468 Largior3
1367 1436 1408 1456 an
1425 1436 1508 1469 pro-

836 1474 1013 1510 hibes?...
1034 1492 1047 1505 ²>
1074 1475 1268 1509 Visceratio
1307 1477 1377 1510 sola
1406 1488 1508 1509 carne

836 1529 1040 1562 constabat:
1064 1541 1185 1561 verum
1206 1528 1305 1574 panis
1324 1529 1507 1575 postremis

836 1581 1053 1626 temporibus
1064 1580 1214 1624 additus,
1223 1581 1395 1616 etidcirco
1403 1581 1509 1615 visce-

834 1634 1007 1667 rationem
1027 1634 1301 1680 interpretantur
1324 1635 1507 1680 ἀρτόκρεας.

835 1686 927 1719 Cum
943 1688 1170 1721 visceratione
1186 1688 1330 1733 epulum
1349 1687 1507 1733 quando·

835 1751 901 1784 que.
925 1738 1053 1773 dabant
1081 1741 1107 1773 οἱ
1130 1742 1396 1785 μεγαλοπρεπεῖς.
1422 1740 1507 1774 Sue-

834 1793 955 1826 tonius
964 1793 1000 1826 in
1009 1793 1082 1826 Jul.
1094 1793 1201 1827 Caes.‹=
1217 1792 1353 1839 Adjecit
1364 1795 1507 1839 epulum

835 1857 873 1877 ac
900 1846 1187 1885 viscerationem,
1215 1853 1250 1879 et
1275 1855 1354 1892 post
1382 1846 1507 1892 Hispa-

834 1898 989 1932 niensem
1003 1899 1183 1932 victoriam
1195 1922 1204 1938 ‚
1225 1898 1298 1932 duo
1315 1898 1473 1945 prandia.
1489 1918 1502 1929 υ

835 1950 880 1983 Et
903 1951 982 1985 alibi
1003 1951 1047 1984 de
1070 1951 1191 1985 eodem
1213 1952 1370 1985 Caesare:
1398 1970 1410 1981 α
1427 1953 1506 1986 Mu-

834 2016 901 2038 nus
928 2006 1081 2050 populo,
1110 2005 1325 2051 epulumque
1346 2018 1506 2050 pronun-

835 2056 938 2091 ciavit
973 2058 1010 2091 in
1042 2057 1122 2091 filiae
1155 2059 1358 2091 memoriam
1371 2083 1380 2099 ‚
1409 2057 1508 2103 quod

836 2118 914 2144 ante
934 2122 1013 2144 eum
1036 2123 1152 2144 nemo.
1172 2128 1184 2139 ι»
1207 2111 1297 2143 Sane
1319 2111 1353 2144 in
1374 2111 1508 2144 funeri-

835 2163 900 2196 bus
924 2163 1076 2209 populus
1110 2163 1222 2208 aliqua
1256 2163 1440 2209 largitione
1465 2164 1507 2197 ab

835 2216 1039 2250 hominibus
1070 2216 1298 2262 popularibus
1329 2225 1506 2263 exceptus.

837 2269 973 2302 Herald.
986 2268 1071 2302 Vid.
1092 2269 1176 2302 Stat.
1198 2268 1258 2301 lib.
1274 2269 1290 2301 I
1303 2294 1312 2309 ‚
1335 2268 1419 2302 Silv.
1440 2270 1505 2303 ult.

837 2321 880 2354 de
903 2322 1092 2367 panariolis
1114 2329 1148 2354 et
1174 2321 1248 2354 aliis
1269 2320 1370 2355 donis
1392 2323 1509 2367 Impe-

836 2383 994 2408 ratorum
1013 2386 1249 2407 romanorum.

896 2440 909 2461 1
922 2439 935 2460 1
946 2453 953 2460 .
976 2428 1084 2460 Talem
1102 2426 1278 2472 Geryonem
1291 2453 1299 2467 ,
1318 2435 1382 2460 etc.
1399 2427 1512 2461 Trici-

839 2480 947 2524 pitem
959 2505 968 2520 ,
987 2492 1136 2525 namque
1155 2480 1255 2512 illum
1276 2480 1508 2525 tricorporem

837 2532 977 2577 fingunt
1004 2541 1133 2577 poetae,
1161 2545 1264 2578 quem
1287 2532 1453 2566 Hercules
1475 2533 1509 2565 in

840 2585 1003 2630 Hispania
1024 2585 1217 2628 interfecit,
1237 2586 1365 2619 abactis
1384 2586 1418 2618 iu
1441 2587 1511 2618 Ita-

837 2639 919 2672 liam
946 2639 1080 2681 bubus,
1103 2638 1146 2672 (le
1167 2652 1235 2683 quo
1264 2639 1373 2676 infra.
1401 2640 1508 2685 epigr

843 2704 917 2729 LXV,
936 2705 982 2724 κε.
1013 2706 1061 2724 12³..

1257 2762 1272 2770 ›-
1294 2754 1303 2771 “.
