1978 3305
350 225 934 268 EPIGRAMMATUM
974 227 1098 269 LIB.
1131 228 1246 271 VII.

1403 230 1497 292 275

168 314 313 369 Quam
340 329 460 356 meus
489 313 683 373 Hispano
709 313 743 355 si
769 329 838 355 me
859 314 1000 373 Tagus
1029 313 1207 374 impleat
1231 331 1360 372 auro,

237 384 390 427 Pascat
419 393 462 426 et
487 381 628 444 Hybla
655 398 794 436 meas,
818 393 968 443 pascat
994 385 1222 444 Hymettos
1247 402 1361 447 apes.

167 454 269 498 Non
298 452 405 496 nihil
431 470 536 514 ergo
560 469 709 496 sumus
724 488 735 509 ‚
757 469 837 497 nec
860 452 1030 498 blandae
1055 471 1235 499 munere
1261 456 1416 517 linguae

236 524 522 584 Decipimur:
548 522 722 567 credam
744 523 832 582 jam
848 558 860 578 ,
886 533 1019 583 puto,
1046 526 1209 582 Lause,
1237 527 1326 570 tibi.

98 663 230 696 dictum
247 663 307 697 lib.
330 662 445 707 Spect.
469 662 577 708 epigr.
598 673 643 694 111
662 673 670 695 ε
695 678 708 690 «
726 661 772 694 Et

98 716 159 761 qui
183 716 298 762 prima
325 716 414 749 bibit
438 714 600 760 deprensi
622 714 771 747 flumina

99 769 180 802 Nili.
195 787 208 799 »

152 834 186 866 7.
217 822 320 865 Quam
338 834 429 853 (meus
454 821 618 865 Hispanus
645 819 770 852 Bever-

97 873 192 907 landi
213 874 455 908 MS.—-Meus.
473 872 516 906 Id
534 882 601 915 est,
620 872 770 919 popula-

96 927 162 969 ris,
179 927 242 973 qui
259 926 466 972 Hispaniam
491 926 640 972 patriam
659 938 772 959 meam

95 987 314 1025 pervagatur.
333 979 398 1013 En.

150 1035 185 1068 8.
214 1034 335 1066 Pascat
363 1040 394 1064 et
417 1032 562 1078 Hybleas
589 1040 705 1077 pascat
733 1032 769 1064 in

96 1085 303 1120 Beverlandi
322 1084 453 1119 codice.
473 1085 685 1130 —Hyblam
697 1085 770 1131 Hy-

96 1147 217 1172 mettos.
234 1139 350 1183 Hybla
364 1151 465 1171 mons
483 1147 534 1171 est
556 1138 680 1171 Siciliae
697 1138 771 1183 api-

97 1191 161 1224 bus
194 1199 228 1225 et
251 1191 355 1224 melle
382 1190 628 1225 delicatissimo
659 1191 772 1225 abun-

831 659 936 703 dans,
952 670 991 694 ut
1005 670 1038 695 et
1054 662 1240 708 Hymettos
1253 677 1354 699 mons
1370 667 1503 702 Atticae.

883 726 918 757 9.
929 715 1055 747 Blande
1064 728 1218 749 murmure
1227 717 1329 751 Junt.
1342 731 1397 751 an.
1408 721 1505 755 1512.

830 767 872 799 In
894 767 967 803 aliis
977 776 1061 801 vett.
1077 768 1203 802 blandae
1216 783 1387 814 murmure;
1408 781 1442 806 et
1457 774 1506 807 sic

831 820 958 865 Delph.
983 821 1122 854 Blandae
1145 835 1267 855 munere
1289 823 1398 858 codex
1422 826 1505 859 Pul-

830 873 967 915 manni;
991 887 1116 918 magnae
1145 888 1268 908 munere
1296 877 1503 912 Beverlandi

831 926 906 959 MS.
920 947 972 952 —-
985 927 1124 959 Blandoe
1142 941 1275 961 munere.
1292 929 1419 963 Sensus
1434 941 1484 965 est
1498 945 1506 965 :

829 979 949 1020 Quum
971 980 1118 1014 Viennae
1135 981 1294 1026 legantur
1312 984 1382 1016 mei
1401 983 1482 1017 libri
1498 1012 1507 1026 ‚

829 1031 969 1065 credam
995 1041 1047 1066 tot
1072 1033 1107 1066 in
1132 1034 1200 1067 illis
1222 1035 1313 1068 bona
1337 1048 1408 1069 esse
1434 1039 1510 1082 epi-

830 1094 1020 1130 grammata
1032 1112 1041 1127 ‚
1059 1095 1144 1131 quot
1165 1088 1253 1121 mala
1267 1114 1275 1129 ,
1299 1096 1402 1134 atque
1421 1089 1507 1123 adeo

830 1139 944 1172 bonos
971 1150 1062 1180 esse,
1086 1139 1168 1173 licet
1183 1166 1192 1181 ‚
1212 1154 1233 1174 o
1257 1141 1388 1183 Lause,
1411 1143 1509 1176 aliter

831 1191 969 1225 sentias.
991 1191 1084 1226 Vide
1104 1193 1213 1238 epigr.
1240 1207 1344 1228 Lxxxt
1365 1208 1483 1241 supra.

613 1327 996 1384 LXXXIX.

206 1482 546 1514 APOLLINARI
589 1482 783 1511 MITTIT
822 1482 1089 1518 CORONAM
1129 1485 1357 1515 ROSEAM.
1387 1466 1404 1484 a

310 1611 353 1660 Ι,
386 1607 486 1652 felix
512 1623 633 1661 rosa,
661 1606 948 1667 mollibusque
975 1609 1097 1651 sertis

309 1679 456 1722 Nostri
478 1679 603 1738 cinge
627 1693 774 1721 comas
796 1676 1069 1737 Apollinaris.

308 1751 430 1806 Quas
459 1758 505 1792 tu
537 1757 711 1791 nectere
737 1747 966 1804 candidas,
991 1748 1195 1792 sedssolim
1212 1787 1222 1805 ,

310 1821 379 1863 Sic
411 1828 453 1863 te
483 1835 654 1879 semper
682 1828 798 1861 amet
823 1819 865 1861 V
867 1835 996 1875 enus,
1021 1830 1258 1866 memento.

152 1957 165 1971 '¹
187 1960 245 1993 Ad
268 1960 383 1992 Rosam
411 1958 612 1992 inscribitur
636 1957 672 1990 in
700 1957 774 1990 edi-

101 2014 186 2047 tion.
210 2013 359 2047 veterib.
379 2010 497 2045 Aldin.
521 2010 660 2044 Juntin.
680 2010 775 2043 Coli-

99 2079 211 2100 naean.
239 2065 437 2111 Gryphian.
470 2064 632 2097 Pulman.
661 2063 773 2097 Plant.

99 2120 238 2152 Junian.
260 2120 367 2164 Lang.
391 2126 455 2151 etc.

151 2194 203 2198 —
226 2170 444 2217 Apollinari,
471 2169 684 2203 amicissimo
712 2182 774 2203 suo

100 2225 368 2270 carminumque
378 2235 524 2258 suorum
538 2221 774 2263 emendatori,

101 2278 209 2311 mittit
231 2285 360 2311 sertum
383 2289 583 2317 rosaceum,
611 2283 776 2321 optatque

101 2339 139 2364 ut
158 2331 188 2363 ei
208 2342 308 2364 coma
325 2328 451 2362 florida
469 2330 534 2362 hac
557 2329 688 2362 corolla
702 2329 773 2362 cin-

101 2392 202 2429 gatur
231 2382 276 2416 ad
303 2383 449 2416 multam
480 2394 591 2427 usque
614 2390 775 2416 senectu-

101 2445 172 2470 tem
190 2444 225 2470 et
245 2436 460 2469 Nestoream.

158 2504 190 2524 2.
216 2489 426 2535 Apollinaris.
452 2490 503 2521 De
528 2500 598 2533 quo
623 2488 685 2520 lib.
710 2487 776 2527 IV,

103 2543 212 2589 epigr.
234 2554 394 2583 Lxxxvu,
410 2550 443 2575 et
460 2541 522 2575 lib.
539 2541 683 2586 hujusce
705 2539 777 2585 epi-

102 2604 292 2641 grammate
306 2608 402 2629 xxvr.
418 2594 569 2628 Felicem
587 2606 700 2627 rosam
725 2592 778 2625 ‹li-

834 1957 906 1997 xit,
936 1957 1032 2003 quod
1061 1959 1274 2004 Apollinaris
1302 1973 1418 1995 comas
1443 1963 1509 1996 cir-

835 2010 1042 2044 cumdatura
1059 2021 1155 2046 esset.

890 2064 921 2097 3.
947 2063 1129 2105 Candidas,
1153 2066 1209 2097 sed
1230 2066 1312 2099 olim.
1341 2067 1417 2100 Hoc
1444 2077 1512 2110 est,

836 2129 937 2150 canas
950 2142 959 2157 ‚
973 2117 1034 2150 sed
1047 2118 1166 2151 multis
1185 2118 1312 2152 abhinc
1331 2121 1442 2153 annis.
1458 2122 1513 2155 Sic

835 2178 933 2215 optat
943 2170 1050 2204 Poeta
1061 2170 1123 2204 diu
1133 2171 1249 2205 vivere
1260 2173 1511 2217 Apollinarem.

892 2227 924 2261 ά.
945 2224 1044 2256 Amet
1064 2224 1180 2257 Venus.
1201 2224 1270 2257 Cui
1290 2224 1448 2259 dedicata
1466 2240 1513 2261 es.

836 2277 1059 2310 RosaVeneri
1069 2277 1414 2322 peculim-iterdicata
1426 2288 1513 2323 erat3

836 2329 1036 2373 fingebatur
1065 2329 1129 2363 flos
1153 2330 1210 2363 ille
1241 2330 1411 2365 candidus
1439 2334 1512 2378 pri-

836 2394 933 2414 mum
942 2408 951 2424 ‚
962 2382 1161 2428 concepisse
1170 2384 1285 2417 subito
1295 2397 1513 2430 purpureum

837 2434 935 2467 hunc
966 2436 1132 2468 ruborem
1161 2449 1200 2469 ex
1229 2436 1401 2471 Adonidis
1435 2451 1513 2472 san-

837 2487 942 2532 guine
964 2501 1067 2533 quem
1091 2501 1175 2534 aper
1198 2490 1435 2533 interfecerat,
1455 2502 1513 2525 aut

838 2540 941 2574 etiam
970 2553 1011 2574 ex
1043 2542 1190 2576 Veneris
1221 2556 1345 2578 cruore
1366 2571 1375 2586 ,
1409 2557 1510 2590 quam

839 2593 937 2638 spina
961 2607 1046 2628 rosae
1065 2595 1315 2631 vulneraverat.
1338 2598 1404 2631 En.

1258 2726 1338 2770 18²
