1978 3305
418 234 996 278 EPIGRAMMATUM
1034 234 1157 276 LIB.
1197 233 1251 276 X.

1429 230 1523 276 503

264 323 355 366 Nec
382 321 554 382 languet
576 338 722 382 aequor
745 338 751 363 ε
776 322 870 364 viva
901 319 974 364 sed
1003 321 1121 380 quies
1148 321 1270 363 Ponti

264 394 427 436 Pictam
454 390 661 452 phaselon
687 390 918 451 adjuvante
949 390 1029 434 fert
1058 406 1185 443 aura3

264 463 386 506 Sicut
413 461 565 523 puellae
597 478 684 505 non
713 462 896 504 amantis
927 469 1116 504 aestatem

264 533 385 576 Mota
412 531 581 576 salubre
608 547 800 592 purpura
826 532 941 574 venit
965 530 1110 590 frigus.

263 604 356 647 Nec
383 612 472 646 seta
499 601 629 662 longo
654 602 804 661 quaerit
832 603 872 643 in
900 601 1007 643 mari
1033 600 1246 660 praedam,

263 673 346 716 Sed
370 688 393 715 a
421 671 548 717 cubili
571 670 816 731 lectuloque
835 671 1039 730 jactatam

265 743 493 803 Spectatus
518 741 601 785 alte.
623 740 777 784 lineam
805 740 936 783 trahit
960 741 1100 800 piscis.

266 813 309 855 Si
333 812 505 873 quando
529 811 694 855 Nereus
721 811 847 855 sentit
874 809 984 853 AEoli
1009 826 1189 870 regnum
1209 844 1218 857 ,

266 881 394 926 Ridet
420 880 631 943 procellas
654 890 746 924 tuta
767 881 820 924 de
844 897 921 923 suo
947 896 1092 923 mensa
1118 897 1126 922 r

266 953 431 996 Piscina
463 951 694 995 rhombum
724 952 882 1012 pascit,
912 961 953 994 et
984 950 1106 1011 lupos
1139 965 1316 1002 verna53

262 1024 395 1066 Natat
423 1022 475 1066 ad
504 1023 753 1083 magistrum
780 1020 959 1065 delicata
988 1037 1204 1072 inuraena3

265 1092 609 1137 Nomenculator
637 1091 840 1153 mugilem
869 1093 970 1134 citat
995 1101 1172 1140 notum,

266 1165 320 1206 Et
350 1163 497 1207 adesse
525 1163 625 1221 jussi
658 1162 873 1223 prodeunt
903 1178 1024 1205 senes
1053 1159 1184 1204 mulli.

185 1302 238 1323 12.
259 1291 326 1324 Nec
344 1292 473 1335 languet
493 1303 610 1336 (equor,
634 1298 697 1324 etc.
723 1290 795 1323 Nec

125 1344 283 1387 quamvis
305 1342 481 1388 placidum
500 1351 533 1376 et
555 1347 728 1388 γαληνιῶν,
749 1352 796 1376 ta-

127 1408 204 1428 men
232 1404 381 1440 stagnat,
405 1395 464 1430 sed
489 1396 558 1429 leui
579 1408 660 1429 aura
679 1404 795 1441 portat

127 1449 310 1482 naviculas.

182 1500 238 1535 13.
263 1502 420 1534 Phaselon
439 1504 568 1546 pictam.
591 1499 766 1547 Gyraldus
785 1527 793 1540 ‚

125 1552 271 1587 doctore
291 1555 407 1587 Nonio
418 1554 617 1600 ‚phaselum
635 1554 681 1587 ait
696 1553 793 1586 navi·

125 1606 220 1651 gium
235 1618 306 1640 esse
317 1607 547 1652 Campanum.
560 1606 648 1640 Sunt
658 1606 718 1652 qui
729 1618 792 1650 pu-

125 1666 200 1692 tent
208 1659 257 1693 sic
267 1658 336 1692 dici
347 1672 366 1692 a
376 1660 559 1705 leguminis
569 1659 693 1704 specie.
705 1659 795 1691 Sunt

125 1711 184 1757 qui
203 1724 222 1744 a
240 1712 376 1746 Phaseli
392 1713 479 1745 urbe
501 1711 627 1745 deduci
644 1712 793 1756 opinen-

123 1765 293 1810 tur.Virg.
314 1765 358 1798 G·
378 1766 444 1803 lv,
469 1766 556 1808 289.
576 1780 587 1791 α
603 1765 648 1797 Et
663 1765 794 1797 circum

125 1817 224 1862 pictis
245 1817 389 1852 vehitur
409 1830 469 1850 sua
491 1829 570 1850 rura
593 1817 752 1862 phaselis.
776 1835 788 1845 »

181 1883 195 1903 1
206 1870 240 1903 5.
256 1870 360 1903 Multa
378 1883 443 1915 pro
457 1870 550 1903 Muta
566 1870 697 1903 Beverl.
714 1868 792 1902 cod.

125 1921 205 1956 edd.
226 1930 309 1956 vett.
334 1924 422 1956 Sunt
444 1922 505 1968 qui
524 1924 640 1967 legant
664 1922 789 1960 Multa,

124 1973 185 2008 sed
202 1975 332 2020 inepte·
354 1975 509 2008 Sclaerevel-
529 1997 564 2001 —
595 1975 698 2008 Mota.
718 1975 793 2008 Hoc

125 2035 193 2068 est,
207 2040 306 2074 aeque
320 2036 415 2073 grata
434 2036 481 2061 est
492 2027 666 2060 Formiani
683 2027 794 2061 litoris

125 2092 227 2121 aura,
239 2093 277 2115 ac
295 2080 352 2115 illa
373 2093 475 2126 quam
495 2081 619 2126 puellae
644 2080 794 2113 excitant

125 2143 218 2167 mota
235 2141 329 2166 veste
346 2145 522 2179 purpurea
532 2158 542 2174 ,
556 2134 610 2166 vel
623 2132 771 2166 flabello.

183 2188 238 2219 16.
254 2186 380 2219 Suetam
400 2187 481 2219 Bev.
497 2185 697 2219 cod-Nec
715 2194 792 2219 seta.

125 2238 268 2272 Lineam
285 2239 505 2283 piscatoriam
525 2239 766 2284 interpretare.

185 2293 241 2325 18.
270 2291 450 2336 Spectatus,
480 2299 548 2325 etc.
577 2292 645 2324 Per
670 2304 793 2336 aquam

125 2342 347 2388 pellucidam.
365 2366 415 2370 —-
429 2344 516 2377 Alte.
542 2344 619 2376 Alte
639 2344 794 2377 sublatus

126 2397 252 2429 lineam
269 2398 434 2430 curvabat
451 2395 624 2441 pondere,
641 2408 710 2441 quo
728 2408 795 2429 ina·

124 2448 270 2494 gnitudo
299 2449 402 2494 piscis
426 2448 633 2482 ostenditur.
648 2469 698 2475 —-
716 2449 793 2493 Spe-

125 2510 226 2534 ctatus
249 2503 321 2534 alte.
347 2501 421 2535 Hoc
449 2510 498 2535 est
526 2502 559 2534 in
586 2500 764 2546 profundo
786 2527 794 2541 ,

126 2555 206 2600 quia
228 2567 312 2600 aqua
334 2555 436 2587 maris
454 2555 524 2587 illic
548 2552 729 2600 pellucida.

184 2620 240 2652 19.
259 2608 295 2641 Si
313 2608 436 2653 quando
457 2608 587 2640 Ner-em.
610 2608 702 2639 Deus
722 2618 793 2639 ma-

127 2661 192 2700 ris,
208 2661 447 2705 Nvmpliarum
466 2668 571 2705 pater.
588 2668 620 2692 et
637 2673 699 2704 pro
721 2660 793 2704 ipso

856 1289 940 1323 inari
966 1289 1126 1323 sumitur.
1155 1288 1271 1321 ,Ὲυίιω
1308 1298 1371 1320 rex
1402 1295 1524 1321 vento-

852 1355 931 1375 rum
952 1356 957 1373 :
982 1342 1048 1374 hoc
1065 1351 1134 1382 est,
1152 1341 1178 1374 si
1199 1352 1292 1374 mare
1312 1334 1524 1385 tempestati-

853 1396 917 1428 bus
936 1395 1117 1428 horrescit.

909 1462 962 1481 20.
981 1447 1107 1479 Ridens.
1121 1473 1128 1479 .
1143 1473 1150 1480 .
1163 1459 1218 1478 sua
1242 1445 1321 1479 edd.
1339 1453 1420 1479 vett.
1451 1445 1524 1478 sine

852 1509 981 1546 puncto
1016 1508 1094 1545 post
1119 1512 1243 1538 mensa;
1275 1507 1307 1531 et
1335 1499 1414 1531 rides
1443 1497 1521 1531 cod.

851 1553 963 1586 Pulm.
989 1572 1039 1578 —
1060 1553 1154 1585 Ridet
1175 1552 1340 1596 procellas.
1369 1551 1457 1591 Quia
1485 1551 1520 1583 in

853 1605 983 1651 piscina
1004 1613 1184 1638 servantur
1203 1604 1321 1650 pisces.

907 1671 963 1691 21.
980 1659 1120 1690 Piscina.
1139 1657 1290 1690 Piscinas
1306 1656 1438 1702 passim
1461 1657 1521 1689 ha-

850 1712 978 1746 behant
995 1711 1031 1743 in
1052 1710 1142 1743 villis
1160 1709 1230 1743 suis
1244 1709 1466 1742 suburbanis.

905 1777 963 1797 22.
986 1764 1093 1796 Natat
1113 1763 1173 1801 ad,
1204 1770 1268 1795 etc.
1297 1762 1352 1795 Sic
1371 1762 1431 1795 lib.
1456 1763 1520 1800 IV,

850 1816 956 1861 epigr.
976 1828 1064 1857 xxx,
1077 1828 1126 1849 vs.
1144 1817 1177 1848 6.

906 1869 963 1902 23.
985 1869 1212 1901 Nomendatori
1239 1868 1379 1900 eahibet
1409 1866 1518 1900 codex

850 1920 1067 1956 Beverlandi.
1084 1920 1245 1954 Pessime.
1257 1939 1307 1945 --
1315 1920 1523 1953 Nomencula-

851 1983 915 2014 lor,
937 1982 1003 2008 etc.
1019 1975 1053 2008 Is
1068 1974 1100 2007 ei
1114 1973 1234 2007 titulus
1250 1973 1309 2018 qui
1326 1973 1434 2018 pisces
1456 1985 1519 2005 no-

852 2027 1007 2060 minatim
1019 2027 1102 2060 citet
1113 2034 1302 2070 evocetque
1318 2037 1325 2058 :
1339 2038 1410 2058 non
1424 2037 1519 2058 secus

850 2092 888 2113 ac
909 2080 1187 2113 nomenclatores
1212 2078 1367 2111 solebant
1385 2078 1421 2110 in
1442 2079 1518 2110 foro

852 2140 885 2165 et
904 2145 1025 2178 campo
1047 2132 1174 2165 Martio
1198 2132 1306 2164 citare
1329 2142 1406 2163 reos
1436 2143 1519 2164 eon-

851 2187 1033 2231 vivasque,
1056 2193 1088 2217 et
1106 2196 1288 2229 suggerere
1310 2183 1450 2216 nomina
1470 2183 1520 2216 ci-

851 2239 943 2271 vium
975 2237 1128 2271 dominis
1161 2237 1229 2270 suis
1259 2237 1293 2268 in
1326 2236 1459 2269 ambitu
1487 2244 1522 2268 et

852 2291 1019 2336 petitione
1064 2289 1279 2334 magistratus
1321 2287 1520 2321 salutando·

851 2356 942 2376 rum.
954 2341 1059 2384 Quod
1070 2350 1183 2374 autem
1199 2341 1443 2374 Nomenculator
1456 2354 1520 2385 pro

853 2396 1078 2431 nomenclator,
1108 2407 1150 2427 ne
1185 2394 1336 2431 mireris;
1364 2394 1411 2426 sic
1439 2394 1522 2427 scri-

854 2456 997 2492 pserunt
1012 2448 1173 2491 Antiqui,
1186 2446 1280 2480 suet.
1299 2446 1352 2479 Cl.
1374 2446 1417 2486 34
1431 2471 1440 2485 ,
1454 2454 1520 2479 etc.

854 2510 890 2534 ut
914 2510 947 2534 et
972 2501 1136 2544 lempulum
1150 2527 1158 2539 ,
1184 2512 1246 2544 pro
1267 2499 1433 2544 templum
1448 2518 1520 2541 ‚—-

856 2554 978 2597 Jlugzl,
1001 2565 1059 2586 seu
1089 2552 1220 2597 capito,
1242 2551 1361 2585 Graece
1383 2553 1520 2596 γόμφος,

854 2607 954 2639 nobis
972 2607 1064 2638 mule!
1078 2606 1286 2638 nominatur.
1310 2605 1374 2637 En.

911 2663 968 2696 24'.
985 2660 1078 2691 Senes
1101 2659 1198 2690 mulli.
1219 2658 1256 2690 In
1280 2657 1418 2702 piscinis
1437 2669 1521 2689 con-

1228 2730 1285 2772 si).
1310 2730 1314 2745 ¹
