1978 3305
364 262 621 305 EPIGRA
636 260 948 302 MMATUM
987 261 1110 302 LIB.
1151 261 1236 303 IX.

1402 261 1495 323 [267

168 349 411 392 Fecundam
443 349 579 392 vetuit
603 348 795 407 reparari
821 347 1031 390 mortibus
1055 347 1276 407 Hydram3

238 420 466 479 Hesperias
489 421 632 462 Tusco
656 417 759 460 lavit
786 418 828 460 in
856 434 980 460 atnne
1002 418 1146 460 boves.

170 492 273 533 Haee
303 491 445 532 minor
475 489 675 533 Alcides:

705 489 841 547 major
866 505 960 547 quae
985 489 1183 548 gesserit,
1206 489 1328 542 audi,

239 561 393 603 Sextus
420 559 474 602 ab
496 558 663 602 Albana
684 575 813 618 quem
836 557 937 601 colit
961 573 1060 601 aree
1085 558 1202 619 lapis.

171 631 363 674 Asseruit
390 646 585 690 possessa
614 627 739 672 malis
762 627 938 671 Pallatia
964 629 1127 688 regnis;

240 701 383 744 Prima
406 717 484 743 suo
510 699 640 760 gessit
664 716 744 760 pro
765 700 874 742 Jove
898 697 1009 741 bella
1036 714 1155 759 puer.

173 770 297 814 Solus
321 769 460 813 Iuleas
483 786 617 830 quum
632 770 722 829 jam
748 770 954 812 retineret
974 768 1189 822 habenas,

240 840 456 894 Tradidit,
482 841 611 900 inque
633 856 711 883 suo
735 840 888 883 tertius
914 839 1019 882 orbe
1044 839 1136 883 fuit.

172 912 351 954 Cornua
380 911 607 954 Sarmatici
638 920 704 953 ter
731 909 896 971 perfida
923 909 1123 953 contudit
1147 911 1269 965 Istri3

103 1047 372 1094 magnitudinis,
394 1060 470 1092 quae
489 1046 651 1079 humanis
670 1045 782 1079 carni-

105 1103 170 1135 bus
191 1102 440 1142 vescebantur,
460 1109 494 1133 et
514 1112 598 1145 quas
619 1111 681 1144 per
703 1111 780 1131 aera

104 1155 261 1188 volantes
273 1152 401 1187 occidit
415 1153 594 1186 Hercules.
610 1151 702 1184 Vide
715 1152 782 1184 Na-

106 1208 206 1240 talem
227 1206 399 1239 Comitem
422 1207 444 1238 l.
458 1206 548 1246 VII,
562 1205 678 1250 Myth.
694 1217 725 1238 c.
747 1216 779 1237 1.

161 1274 196 1304 9.
213 1260 396 1293 Fecundam
412 1261 524 1292 veluit.
547 1259 630 1303 Igne
651 1257 784 1291 scilicet

106 1312 250 1346 admoto
262 1338 271 1354 ‚
290 1310 450 1357 impediit
469 1324 514 1344 ne
528 1310 650 1357 hydrae
670 1310 783 1355 capita

107 1374 383 1399 renascerentur.

165 1431 216 1452 10.
253 1419 422 1463 Hesperias
463 1418 574 1449 Tusco.
609 1416 784 1462 Geryonis

108 1471 239 1504 scilicet
264 1471 380 1504 boves.
403 1469 498 1503 Vide
520 1470 580 1502 lib.
603 1470 650 1510 V,
672 1469 782 1514 epigr.

110 1537 191 1557 xmx
210 1533 244 1557 et
259 1536 335 1557 va.
355 1524 405 1556 Ex
420 1523 587 1568 Hispania
600 1523 635 1555 in
649 1522 784 1555 Italiam

109 1576 277 1617 adduxit,
300 1584 333 1609 et
353 1576 475 1609 Tiberi
492 1588 546 1608 eas
564 1576 659 1608 lavit.

168 1643 180 1663 1
195 1643 224 1663 1.
249 1630 370 1674 Major.
391 1629 526 1674 Nempe
553 1627 785 1661 Domitianus.

116 1682 203 1715 Vide
225 1683 333 1727 epigr.
353 1694 423 1714 va
444 1694 560 1726 supra.

160 1747 171 1768 1
184 1749 214 1768 2.
227 1736 341 1768 Sextus
356 1734 396 1766 ab
412 1734 556 1768 Albana.
571 1733 647 1765 Hoc
660 1740 728 1772 est,
743 1732 786 1765 ad

112 1796 246 1821 sextum
259 1787 459 1820 milliarium
479 1787 521 1819 ab
535 1798 612 1818 arce
631 1783 786 1827 Albana,

112 1849 272 1874 octavum
294 1853 376 1873 vero
396 1840 438 1872 ab
460 1839 576 1879 Urbe,
593 1839 705 1883 epigr.
727 1838 786 1872 cit.

171 1895 228 1927 13.
258 1894 403 1926 Asseruit
422 1905 574 1937 possessa.
602 1892 678 1924 Hoc
706 1900 757 1924 est
780 1903 787 1923 t

114 1947 312 1981 Vitellianis
341 1946 482 1990 ejectis,
511 1945 695 1989 imperium
722 1944 790 1977 sibi

116 1999 304 2033 vindicavit
315 2025 324 2040 ‚
344 2007 378 2032 et
391 1998 603 2043 Capitolium
617 1996 787 2030 defendit.

116 2052 199 2086 Vid.
219 2052 405 2085 Suetonius
421 2051 457 2084 in
474 2051 688 2083 Domitiano.

172 2118 185 2138 1
196 2110 227 2145 4.
243 2107 353 2138 Prima
367 2118 423 2137 suo
434 2107 545 2148 gessit,
563 2112 626 2137 etc.
641 2105 684 2136 In
697 2103 789 2136 bello

118 2158 307 2191 Vitelliano
331 2157 492 2202 confugit
514 2156 557 2190 ad
577 2155 790 2201 Capitolium

116 2210 214 2256 quod
226 2220 355 2244 tutatus
366 2218 426 2243 est.
442 2210 544 2244 Conf.
554 2209 788 2242 Suet-Domit.

117 2276 191 2309 cap.
220 2275 251 2305 1,
271 2271 304 2296 et
322 2263 456 2309 Xiphil.
476 2263 595 2296 Vitell.

175 2317 231 2350 15.
253 2316 356 2349 Solus.
378 2315 610 2348 Adulatorie:
633 2313 692 2348 sed
717 2315 790 2348 haec

119 2368 271 2402 adulatio
300 2370 498 2402 Domitiano
521 2367 726 2413 gratissima.
742 2389 792 2393 -—

119 2423 223 2455 Iuleas
243 2421 389 2454 habenas.
417 2421 611 2459 Caesareas,
640 2420 793 2464 Impera-

119 2476 246 2515 torias,
276 2475 324 2508 sic
361 2474 471 2508 dictas
501 2486 519 2505 a
543 2474 638 2506 Julio
661 2473 796 2506 Caesare

119 2529 346 2573 Imperatore.
364 2528 515 2560 Absente
525 2526 618 2559 enim
634 2534 732 2570 patre
741 2551 750 2565 ‚
761 2538 796 2558 se

121 2594 186 2626 pro
224 2582 439 2626 Imperatore
475 2580 625 2625 gerebat.
659 2578 796 2611 Scilicet

122 2633 309 2667 Mucianus
329 2633 532 2679 Vespasiani
549 2631 619 2665 dux
632 2658 640 2673 ‚
654 2631 798 2664 Vitellio

124 2687 256 2728 occiso,
272 2687 510 2719 Domitianum
527 2684 689 2724 extraxit,
703 2697 798 2717 cum-

838 1057 907 1090 que
918 1057 960 1078 eo
974 1044 1237 1079 administrabat
1251 1049 1367 1081 omnia
1381 1062 1514 1084 summa

837 1106 1030 1143 potestate,
1066 1098 1180 1133 donec
1210 1101 1443 1146 Vespasianus
1478 1104 1511 1136 in

840 1151 974 1184 Urbrm
990 1151 1150 1185 venisset.
1172 1153 1308 1199 Xiphil.
1319 1156 1424 1201 Vesp.
1441 1157 1514 1190 Nec

839 1203 1014 1237 dubitavit
1022 1204 1242 1239 Domitianus
1250 1207 1437 1252 imperium
1452 1209 1512 1242 ad-

840 1266 940 1302 eptus
962 1257 997 1289 in
1020 1267 1141 1291 senatu.
1160 1260 1310 1304 jactare,
1333 1270 1365 1293 et
1377 1265 1465 1307 patri
1484 1276 1516 1295 se

840 1318 871 1342 et
885 1310 990 1351 stati-i
1010 1312 1169 1355 imperium
1192 1312 1312 1345 dedisse
1336 1323 1347 1343 .·
1367 1315 1439 1347 illos
1460 1317 1519 1348 sibi

842 1363 1026 1396 reddidisse.
1045 1363 1139 1397 Suet.
1156 1366 1348 1399 Domitiani
1363 1380 1438 1413 cap.
1462 1369 1516 1401 13.

842 1437 893 1442 —-
908 1417 1021 1448 Immo
1038 1424 1073 1449 et
1085 1443 1093 1457 ,
1112 1425 1151 1449 ut
1166 1427 1285 1452 narrat
1297 1419 1426 1454 Histor.
1437 1423 1516 1456 Lib.

844 1470 908 1509 IV,
924 1481 998 1514 cap.
1015 1470 1060 1509 84
1070 1495 1079 1509 ,
1090 1470 1232 1504 Tacitus
1242 1497 1250 1512 ‚
1261 1483 1331 1516 quo
1342 1485 1433 1506 anno
1447 1472 1514 1514 (U.

843 1522 884 1555 C.
923 1524 994 1555 822
1014 1547 1024 1561 ,
1051 1522 1136 1556 Chr.
1167 1524 1210 1556 N.
1237 1522 1307 1567 69)
1330 1526 1517 1572 imperium

844 1575 1078 1619 'Vespasianus
1102 1584 1201 1620 pater
1222 1577 1394 1620 obtinuit,
1410 1581 1521 1614 voluit

843 1628 909 1660 sibi
928 1628 1165 1672 principatum
1184 1628 1332 1671 deferri,
1352 1641 1385 1665 et
1401 1642 1440 1666 ut
1457 1633 1521 1666 do-

844 1681 996 1714 minium
1014 1680 1203 1714 Galliarum
1221 1682 1287 1716 sihi
1304 1684 1501 1720 traderetur
1513 1712 1522 1727 ,

844 1733 961 1766 Petilii
975 1733 1119 1766 Cerialis
1135 1735 1196 1780 qui
1211 1735 1316 1769 modo
1332 1739 1368 1771 in
1382 1739 1522 1772 Batavia

845 1786 980 1818 bellum
1004 1786 1271 1831 profligaverat,
1293 1799 1327 1823 et
1354 1791 1522 1825 immensa

846 1838 1050 1871 auctoritate
1069 1839 1163 1884 apud
1186 1843 1360 1886 populum
1383 1853 1416 1877 et
1438 1858 1522 1890 pro-

846 1903 942 1924 ceres
962 1900 996 1924 et
1023 1893 1194 1925 exercitus
1215 1895 1394 1938 pollebat,
1417 1897 1522 1931 fidem

845 1944 1002 1990 epistolis
1022 1945 1140 1978 multis
1155 1971 1164 1986 ‚
1188 1947 1315 1982 frustra
1345 1958 1494 1984 attamen
1512 1978 1520 1993 ‚

846 1997 1004 2031 tentavit.
1026 1998 1091 2030 En.

905 2051 959 2083 16.
982 2051 1019 2082 In
1040 2063 1097 2082 suo
1117 2051 1189 2084 orbe
1217 2055 1336 2086 tertius.
1356 2054 1433 2087 Hoc
1453 2065 1524 2097 est,

847 2103 927 2136 satis
949 2103 1068 2148 gloriae
1091 2116 1161 2136 suae
1189 2105 1265 2137 fore
1293 2106 1522 2148 existimavit,

848 2155 945 2201 quod
956 2157 1078 2189 tertius
1088 2156 1274 2202 imperium
1289 2159 1363 2204 ipse
1380 2160 1527 2207 adeptus

849 2217 951 2249 esset3
982 2218 1061 2254 post
1092 2210 1347 2255 Vespasianum
1369 2214 1462 2246 enim
1492 2224 1526 2249 et

849 2262 971 2295 Titum
994 2263 1160 2307 regnavit.
1181 2264 1310 2308 Argute
1332 2274 1446 2299 autern
1473 2267 1528 2301 di-

852 2323 948 2348 ctum
974 2328 1030 2347 suo
1047 2342 1055 2354 ,
1083 2316 1178 2360 qnasi
1196 2316 1387 2351 Domitiani
1423 2321 1529 2354 unius

853 2368 1000 2407 merim,
1027 2369 1120 2400 orbis
1147 2369 1329 2402 universus
1357 2371 1529 2408 Flavianae

854 2420 967 2465 gentis
989 2420 1088 2453 foret.

911 2485 962 2516 17.
989 2472 1115 2506 Cornua
1139 2474 1319 2508 Sarmatici.
1345 2477 1421 2511 Hoc
1445 2488 1496 2512 est
1521 2494 1528 2512 ε

856 2524 1008 2558 perfidas
1043 2535 1183 2571 gentes,
1218 2540 1294 2572 quae
1331 2530 1533 2565 Danubium

856 2579 1031 2620 incolunt,
1069 2587 1121 2612 ter
1159 2579 1306 2614 domuit.
1342 2583 1435 2616 Vide
1470 2586 1532 2618 lib.

858 2632 966 2670 VIII,
981 2633 1088 2677 epigr.
1105 2645 1160 2672 xv.
1178 2633 1319 2666 Cornua
1335 2635 1450 2669 fluviis
1471 2639 1533 2671 tri·

860 2685 972 2717 bunut
990 2694 1100 2730 poetae
1121 2695 1265 2731 propter
1281 2688 1435 2733 riparum
1455 2704 1538 2723 cur—

1200 2759 1260 2801 3⁰
1281 2760 1291 2772 ¹
