1978 3305
477 238 585 305 ...0

870 240 932 281 M.
959 239 1097 282 VAL.
1137 240 1529 284 MARTIALIS

625 326 682 368 Et
700 325 846 384 jaceas
873 335 1049 369 centum
1075 327 1250 370 condita
1274 326 1531 388 pyxidibUS3

561 396 653 439 Nec
679 404 823 439 tecum
857 394 987 440 facies
1018 405 1091 440 tua
1116 396 1324 441 dormiat:
1358 398 1500 441 innuis
1527 396 1599 441 illo
1615 432 1625 452 ‚
1881 420 1894 443 ς

626 465 758 521 Quod
783 465 861 509 tibi
888 467 1108 526 prolatum
1134 477 1199 511 est
1223 483 1376 520 mane,
1404 467 1649 528 supercilio.

559 536 616 578 Et
644 544 685 578 te
715 534 831 579 nulla
856 546 1005 580 movet
1029 538 1126 581 cani
1148 539 1391 582 reverentia
1413 538 1570 593 cunni,

624 605 767 662 Quem
794 616 918 666 potes
947 608 1059 651 inter
1089 624 1194 652 avos
1215 609 1305 669 jam
1333 624 1563 652 numerare
1589 617 1697 652 tuos.

555 677 774 720 Promittis
807 687 1007 721 sexcenta
1038 687 1210 733 tamen3
1237 679 1312 723 sed
1342 677 1534 722 mentula
1566 678 1696 722 surda
1725 688 1813 732 est;

627 747 704 802 Et,
731 747 784 791 sit
814 746 933 792 lusca
965 747 1084 805 licet,
1116 759 1157 793 te
1187 759 1330 793 tamen
1364 748 1435 792 illa
1465 748 1592 792 videt.
1868 779 1896 794 ,ο

487 883 673 928 perlucidis
687 897 762 919 usas
778 886 884 920 fuisse
894 887 925 918 V
929 898 1069 920 enereas
1087 887 1162 920 illas

487 945 660 970 matronas
672 964 680 979 ‚
700 946 845 972 testatur
863 939 967 973 etiam
988 940 1162 974 Lucianus

488 989 522 1021 in
540 990 740 1024 Amoribus.

543 1046 576 1082 4.
594 1044 642 1075 Et
665 1044 763 1076 lateas
780 1043 860 1077 edd.
880 1053 964 1078 vett.
989 1045 1036 1077 Et
1053 1047 1162 1090 jaceas

487 1094 565 1128 cod.
577 1096 923 1141 Pulm.—Etjaceus,
934 1106 998 1131 etc.
1009 1098 1055 1130 Et
1066 1111 1163 1131 mun-

486 1147 551 1181 dus
574 1156 671 1190 tuus,
694 1149 781 1191 fuci,
808 1149 1061 1191 medicamina,
1097 1159 1162 1184 etc.

487 1201 724 1235 recondantur
742 1203 934 1237 innumeris
952 1203 1153 1249 pyxidibus.

544 1255 575 1287 5.
591 1255 780 1296 Neclectam,
795 1264 859 1290 etc.
872 1255 1095 1290 Adscititium
1115 1258 1164 1290 fa·

487 1307 552 1340 ciei
579 1308 730 1342 nitorem
757 1309 900 1354 singulis
925 1310 1087 1344 noctibus
1108 1322 1162 1343 re-

485 1373 615 1404 ponas,
645 1361 796 1395 crastino
824 1361 882 1396 die
909 1375 1041 1396 novum
1070 1376 1164 1397 sum-

488 1421 601 1458 ptura.

541 1469 574 1500 6.
593 1467 691 1511 Quod
705 1468 763 1500 tibi
776 1469 945 1513 prolatum.
965 1469 1144 1503 Prolatum
1155 1497 1164 1511 ‚

488 1529 545 1552 aut
567 1532 608 1553 ex
628 1520 817 1567 pyxidibus
837 1521 1088 1568 depromptum
1109 1532 1167 1556 aut

1222 886 1448 933 productum.
1458 887 1547 920 Nam
1558 886 1744 932 supercilia
1755 886 1899 931 fuligine

1222 941 1287 973 sibi
1310 939 1553 985 producebant
1578 951 1586 971 :
1610 941 1781 984 jacturam
1806 939 1899 972 enim

1221 993 1491 1038 superciliorum
1513 993 1561 1025 sic
1583 999 1656 1025 arte
1679 992 1898 1038 reparabant.

1222 1044 1316 1078 Vide
1335 1046 1463 1079 Juven.
1492 1053 1554 1078 sat.
1578 1057 1607 1077 ιι
1621 1071 1630 1086 ,
1651 1045 1711 1088 93.
1729 1065 1780 1071 -—
1794 1045 1899 1077 Ama-

1223 1111 1304 1131 vere
1336 1098 1468 1143 antiqui
1510 1097 1710 1142 longissima
1743 1105 1777 1130 et
1803 1097 1902 1142 quasi

1223 1151 1470 1185 concurrentia
1488 1150 1684 1196 supercilia.
1700 1151 1767 1183 Eu.

1279 1217 1312 1249 9.
1330 1205 1507 1245 Promittis,
1526 1212 1589 1236 exc..
1608 1204 1686 1237 Lib.
1701 1203 1773 1245 VI,
1791 1202 1898 1248 epigr.

1224 1269 1328 1290 xx111.

1282 1322 1339 1343 10.
1359 1311 1461 1343 Lusca
1480 1310 1572 1349 licet,
1597 1317 1661 1342 etc.
1681 1307 1777 1350 Quid
1796 1307 1875 1340 miri
1892 1331 1902 1346 ‚

1225 1363 1252 1396 si
1268 1362 1407 1403 videat,
1428 1375 1505 1409 quae
1526 1363 1617 1395 lusca
1635 1361 1709 1395 est?
1729 1361 1901 1395 Gruterus

1225 1429 1264 1449 ex
1291 1416 1398 1450 Palnt.
1423 1429 1506 1448 coeca
1527 1415 1610 1460 legit
1633 1427 1640 1448 :
1662 1413 1721 1448 sed
1745 1422 1779 1447 et
1803 1411 1900 1446 alteri

1225 1470 1408 1515 scripturae
1421 1481 1479 1502 sua
1500 1476 1671 1502 venustas.
1683 1467 1762 1500 Lib.
1775 1466 1831 1508 II,
1845 1478 1900 1511 ep.

1227 1534 1352 1556 xxxin.
1377 1522 1569 1556 Scriverius
1591 1521 1709 1554 manet
1722 1546 1731 1563 ‚
1750 1519 1860 1553 surda.

1031 1657 1352 1713 XXXIX.

969 1814 1036 1842 Al)
1076 1812 1433 1842 AGATHINUM.

560 1937 738 1980 Summi
765 1936 864 1980 licet
894 1936 1044 1989 xelox,
1074 1937 1316 1997 Agathine,
1347 1935 1537 1997 pericula
1571 1934 1718 1989 ludas;

629 2006 730 2050 Non
762 2017 908 2051 tamen
939 2007 1124 2061 efficies,
1155 2017 1203 2051 ut
1230 2007 1307 2051 tibi
1341 2023 1492 2068 parma
1525 2005 1663 2050 cadat.

560 2137 608 2178 Εἰ
637 2137 702 2180 καὶ
728 2136 865 2179 πάντα
895 2134 1014 2180 >vij
1045 2137 1193 2196 ῥίπτειν
1222 2138 1273 2189 ς’,
1302 2129 1496 2196 Ᾱγαθῖνε,
1525 2129 1682 2184 δεήσει,

630 2209 690 2250 Οὐ
718 2204 860 2267 τεύξῃ,
887 2210 1040 2255 πέλτην
1071 2211 1150 2257 ὥςε
1181 2225 1243 2250 σοι
1274 2208 1486 2251 ἐκπεσέειν.

551 2359 580 2379 ι.
607 2346 723 2379 Ladas.
754 2346 822 2379 Pro
851 2345 919 2379 hoc
949 2346 1058 2379 verbo
1086 2345 1168 2390 legit

491 2399 603 2432 laudas
623 2399 748 2432 Caelius
761 2399 821 2432 lib.
834 2399 927 2437 Vll,
949 2411 1023 2444 cap.
1044 2400 1086 2438 83
1108 2396 1169 2431 sed

490 2454 523 2486 in
556 2452 761 2486 Beverlandi
787 2451 928 2493 codice,
968 2451 1086 2484 laudes.
1118 2472 1170 2477 ——-

492 2505 619 2538 ⁴S'umma
643 2507 724 2538 licet.
747 2506 800 2538 De
824 2505 956 2551 pilariis
975 2513 1008 2537 et
1024 2504 1169 2537 ventila-

490 2559 624 2591 toribus
644 2571 751 2604 panca
775 2558 822 2591 sic
845 2558 1084 2600 Quintilianus
1106 2558 1165 2590 lil).

492 2612 521 2644 Χ
533 2624 579 2651 ‚c.
596 2623 651 2655 7‚1
668 2624 695 2644 1:
714 2612 814 2653 ··Qu‹=
828 2620 988 2645 constant
1003 2611 1168 2643 miracula

491 2665 545 2697 illa
572 2665 606 2697 in
627 2665 738 2698 scenis
763 2665 968 2709 pilariorum
996 2678 1034 2698 ac
1057 2663 1168 2697 venti-

1226 2345 1376 2377 latorum
1387 2370 1395 2382 ‚
1407 2352 1445 2376 ut
1457 2356 1494 2376 ea
1505 2369 1513 2383 ,
1525 2355 1601 2388 quae
1612 2341 1804 2383 emiserint,
1815 2341 1907 2375 ultro

1228 2398 1348 2430 venire
1370 2397 1405 2429 in
1428 2409 1550 2429 manus
1567 2394 1687 2429 credas
1700 2421 1708 2436 ‚
1727 2403 1841 2440 etqua
1859 2396 1909 2438 ju-

1229 2452 1357 2484 bentur
1378 2449 1572 2483 decurrere.
1591 2466 1603 2477 ι
1624 2448 1763 2481 Scilicet
1787 2459 1828 2481 ex
1849 2460 1908 2481 eo-

1229 2516 1306 2536 rum
1336 2515 1484 2536 numero
1512 2510 1584 2535 erat
1608 2500 1821 2546 Agathinus,
1848 2500 1907 2546 qui

1231 2557 1423 2603 parmulain
1441 2567 1499 2589 seu
1521 2556 1684 2601 clypeum
1704 2566 1851 2599 parvum
1874 2554 1908 2586 in

1231 2610 1336 2643 altum
1359 2609 1520 2653 jaciebat,
1535 2607 1794 2652 recipiebatque
1816 2614 1909 2640 tanta

1230 2662 1388 2703 solertia,
1405 2671 1443 2695 ut
1458 2658 1816 2706 nunquam-caderet.
