1978 3305
367 216 578 260 EPIGR
599 215 952 259 AMMATUM
996 215 1118 257 LIB.
1161 216 1214 257 X.

1400 214 1495 275 559

635 363 807 419 LXX
820 365 957 419 ΧΥ.

477 515 538 543 DE
578 514 841 543 LADONTE
880 495 1114 542 ΝΑΠΤΑ.“

157 644 179 685 J
186 657 253 686 AM
276 642 419 684 senior
439 639 592 684 Ladon
615 638 828 682 Tiberinae
853 648 986 682 nauta
1006 640 1162 683 carinae

228 711 430 755 Proxima
449 709 615 754 dilectis
637 725 739 752 rura
761 709 930 770 paravit
951 710 1084 769 aquis.

158 782 268 838 Quae
289 797 423 842 quum
446 793 559 842 saepe
580 796 718 841 vagus
738 788 956 840 premeret
976 779 1244 823 torrentibus
1269 781 1394 824 undis

226 851 393 905 Tibris,
423 860 467 895 et
490 851 677 895 hiberno
702 859 927 911 rumperet
953 866 1056 893 arva
1083 849 1204 903 lacu,

158 922 395 965 Emeritam
423 922 625 982 puppim,
653 921 747 982 ripa
770 937 864 981 quae
890 921 1033 964 stabat
1060 921 1103 963 in
1129 919 1234 976 alta,

227 991 431 1053 Implevit
458 993 587 1046 saxis,
615 992 907 1052 opposuitque
932 990 1063 1035 vadis.

158 1063 228 1106 Sic
259 1063 412 1106 nimias
441 1063 598 1106 avertit
621 1077 754 1123 aquas
775 1079 783 1104 :
803 1063 898 1122 quis
919 1061 1096 1106 credere
1120 1061 1297 1122 posset?

230 1131 446 1176 Auxilium
470 1132 647 1177 domino
671 1148 811 1176 mersa
834 1133 980 1176 carina
1002 1131 1111 1176 tulit.

159 1266 307 1312 Λάδων
334 1272 528 1332 γηραλέος
556 1267 713 1330 Τίὲεριν
745 1271 853 1313 κάτα
881 1265 935 1318 δή
962 1287 1062 1313 ποτε
1089 1272 1237 1321 ναύτης

227 1329 334 1403 Ᾰγχι
362 1340 485 1400 φίλων
510 1337 672 1384 ὑδάτων
698 1335 838 1402 γήδιον
866 1340 1052 1400 ἐπρίατο·

158 1410 263 1455 Εὖτε
293 1406 338 1454 δὲ
366 1414 615 1472 πλημμύρων
647 1430 712 1472 μιν
745 1407 1012 1461 ἐπιςείὲεσκεν
1043 1410 1210 1471 ἄναυρος

227 1475 358 1543 Ᾱγρὸν
389 1479 606 1533 ἐπικλύζων
636 1484 801 1542 ῥεύματι
832 1482 1042 1542 χειμερίῳ,

158 1539 271 1613 όχθῃ
303 1547 548 1613 ἐρειδόμενον
575 1552 727 1611 σκάφος
757 1551 930 1605 ἄπλοον,
964 1553 1082 1596 ἀντία
1110 1555 1272 1613 πλήμης
1291 1589 1301 1606 ‚

228 1624 491 1683 Πλησοίμενος
516 1623 713 1675 λιθοίκων,
743 1621 871 1683 ἄλκαρ
900 1623 1012 1670 ἔθηκε
1044 1624 1146 1682 ῥόου.

159 1695 283 1736 Οὕτω
312 1688 583 1753 σφοδροτέραν
615 1696 728 1753 χύσιν
755 1694 882 1754 ἔςεγε.
918 1694 989 1743 Τίς
1017 1711 1060 1736 κε
1089 1693 1272 1748 πίθοιτο;

228 1766 374 1823 Κττῖτᾈ
409 1765 602 1811 ἀόσσησεν
632 1771 725 1814 ναῦς
754 1758 1051 1823 καταδυομένη.

140 1897 153 1910 ”
174 1902 320 1947 Elegans
339 1910 372 1936 et
386 1910 570 1936 venustum
592 1903 761 1948 epigram·

87 1967 142 1987 mn
172 1955 215 1988 ab
244 1964 373 1989 eventu
395 1963 535 1996 natum;
564 1968 674 2001 quum
699 1955 760 1990 de-

87 2020 198 2041 mersa
218 2020 306 2041 nave
325 2016 478 2041 servatus
495 2008 538 2041 sit
556 2017 679 2049 nauta,
697 2009 759 2055 qui

86 2059 206 2094 eadem
226 2062 318 2094 salva
336 2062 502 2107 periisset.

146 2125 175 2147 1.
206 2114 374 2148 Tc'berinae.
400 2113 522 2147 Ladon
549 2114 607 2147 ille
634 2127 760 2161 nempe

86 2178 156 2198 non
186 2174 259 2200 erat
286 2167 462 2207 marinus,
490 2166 550 2200 sed
583 2167 760 2201 fluviatilis

87 2226 206 2251 nauta.

143 2284 174 2305 2.
198 2272 332 2304 Dilectis
360 2274 460 2318 aquis.
482 2272 640 2305 Tiberim
662 2273 757 2306 enim

87 2324 243 2364 amabat,
271 2324 307 2357 in
331 2327 430 2369 cujus
447 2323 552 2358 undis
570 2326 757 2371 pecuniam

87 2377 151 2410 sibi
177 2385 360 2423 paraverat
382 2376 524 2415 Ladon,
553 2376 650 2411 unde
671 2390 761 2412 eme-

87 2437 141 2462 ret
157 2428 320 2463 fundum.

143 2487 175 2523 4.
202 2482 285 2517 Gelu
306 2482 403 2516 MSS.
422 2482 611 2515 Pulmanni
634 2491 668 2515 et
690 2483 759 2516 Va-

89 2536 232 2569 ticanus.

146 2590 176 2621 3.
202 2589 280 2622 Alto
302 2587 378 2621 cod.
401 2588 540 2622 Thuan.
570 2589 658 2627 Alga
680 2589 759 2621 Vat.

822 1923 871 1928 -—
901 1903 1087 1934 Emeritam.
1115 1902 1191 1935 Hoc
1222 1910 1289 1942 est,
1323 1915 1399 1948 quae
1426 1907 1494 1948 jam

820 1963 896 1989 erat
923 1955 1052 1996 otiosa,
1083 1967 1192 2000 quum
1222 1967 1241 1988 a
1273 1954 1363 1988 duro
1384 1966 1498 1991 nautae

799 2008 940 2041 ‘labore
972 2016 1134 2042 cessasset
1160 2007 1283 2041 Ladon
1303 2022 1312 2049 ;
1337 2010 1499 2044 emeritus

820 2060 964 2107 proprie
979 2060 1129 2102 dicitur,
1149 2061 1207 2106 qui
1227 2061 1419 2106 legitimum
1436 2064 1495 2095 sti-

819 2113 1034 2159 pendiorum
1068 2122 1204 2159 ternpus
1236 2114 1386 2147 confecit
1405 2127 1413 2147 ς
1441 2117 1492 2149 vel

820 2167 1035 2200 fatiscentem
1066 2168 1135 2210 jam
1171 2173 1206 2199 et
1243 2167 1422 2200 cariosam.
1446 2191 1496 2195 —

820 2221 1034 2264 Utrumque.
1052 2219 1118 2251 Eo.

872 2272 1127 2317 6.0pposuitque
1153 2272 1257 2305 vadis.
1290 2273 1421 2306 Molem
1451 2273 1494 2306 acl

817 2323 1493 2371 cohibenduminundationisimpetum.

872 2377 904 2411 8.
922 2377 1029 2410 Die-rsa
1047 2380 1168 2411 carina.
1187 2379 1229 2410 In
1246 2388 1287 2410 eo
1306 2379 1405 2424 jocus
1419 2389 1469 2413 est
1483 2406 1491 2420 ,

820 2428 915 2476 quod
933 2428 1088 2464 demersa
1104 2430 1179 2464 haec
1190 2431 1288 2463 navis
1301 2431 1492 2466 Ladontem

821 2483 990 2522 servavit,
1015 2491 1074 2516 aut
1095 2483 1212 2529 potius
1231 2485 1304 2529 ejus
1323 2484 1492 2523 fundum,

821 2548 929 2582 quum
956 2536 1038 2569 alias
1053 2535 1208 2569 demersa
1234 2538 1331 2570 navis
1347 2537 1493 2570 domino

822 2589 942 2622 afferat
964 2597 1123 2622 mortem.
