1978 3305
448 212 506 257 52

811 212 871 253 M.
900 209 1040 254 VAL.
1080 209 1471 252 MARTIALIS

512 297 660 341 Mollia
691 312 770 340 nec
801 295 967 356 rigidus
997 309 1145 354 cespes
1170 303 1288 354 tegat
1311 309 1431 350 ossa,
1452 310 1533 338 nec
1557 292 1638 350 illi,

579 369 736 420 Terra,
759 366 902 426 gravis
929 364 1059 408 fueris
1081 381 1089 406 :
1113 379 1202 408 non
1224 363 1306 407 fuit
1326 363 1398 407 illa
1420 364 1510 408 tibi.

511 489 691 546 Azita-22
722 483 760 530 δ’
790 489 874 531 οὔτ’
904 489 1026 536 αὐτῆς
1053 488 1203 546 σκληρῆ
1232 487 1336 536 κόνις
1362 487 1557 546 ἀμπέχοι,
1582 486 1663 530 οὔθ’
1689 488 1724 530 οἱ

581 555 716 613 (Οὐδὲ
743 557 818 618 γὰρ
847 552 914 604 ἥδ’
941 557 987 604 ἢν
1016 557 1130 613 σοι,)
1156 563 1273 617 γαῖα,
1304 558 1444 616 βαρεῖα
1472 563 1599 617 γενοῦ.

493 707 525 736 9.
544 691 656 725 Mollia
677 703 738 722 non
760 689 882 733 rigidus
900 686 1011 721 codex
1027 687 1106 720 Pul-

434 744 569 778 manni.
592 764 643 769 —
662 743 778 776 Mollia
797 754 851 774 nec
875 741 995 785 rigidus
1009 767 1018 780 ,
1038 748 1104 773 etc.

436 799 560 831 Fausta
582 804 616 829 et
637 795 801 829 solemnis
823 795 912 827 bene
938 792 1106 838 precandi

434 850 584 883 mortuis
607 842 724 894 (quos
748 839 934 889 amabant)
958 845 1106 878 formula

431 903 483 936 Sic
504 902 562 935 tibi
581 910 663 934 terra
686 902 759 934 levis
773 927 781 941 ,
810 899 1022 944 tumulisque
1049 898 1106 931 in-

433 955 561 1001 scripta
581 954 613 987 S.
628 954 669 986 T.
687 955 729 987 T.
745 954 786 986 L.
800 961 839 986 ut
853 952 982 985 scilicet
997 951 1107 984 facilis

433 1016 569 1053 pateret
587 1007 710 1040 animae
723 1005 852 1039 reditio
867 1013 900 1038 et
917 1005 983 1037 iter
1000 1003 1044 1037 ad
1060 1015 1109 1037 se-

432 1061 594 1106 pulcrum
619 1059 654 1092 in
676 1058 926 1104 parentalibus
945 1057 1108 1102 Sepultos

433 1122 551 1147 autem
573 1111 659 1145 diris
681 1121 714 1145 et
731 1110 1025 1144 incantationibus
1042 1110 1107 1142 ob-

431 1167 555 1199 noxios
572 1165 636 1198 hae
655 1165 711 1210 pia
730 1163 929 1209 precatione
948 1162 1110 1203 liberari,

1165 696 1200 721 et
1221 687 1351 721 minori
1373 687 1465 720 mole
1487 696 1590 722 terrae
1610 687 1747 733 gravari
1769 700 1844 722 cre-

1164 739 1317 781 debant3
1340 740 1469 785 quibus
1497 740 1613 786 itaque
1634 740 1723 774 male
1749 741 1844 774 vole-

1164 793 1269 834 bant,
1288 801 1417 826 terram
1438 805 1579 838 gravem
1600 794 1843 839 imprecaban-

1166 854 1243 878 tur:
1261 844 1341 878 vide
1357 857 1434 891 quae
1453 845 1495 878 ad
1513 846 1576 879 ult.
1592 858 1681 880 vers.
1696 846 1841 891 Hippol.

1165 898 1303 932 Senecae
1321 897 1501 932 adnotavit
1521 899 1626 932 Faru.
1642 907 1674 932 et
1690 899 1842 932 Brisson.

1166 951 1322 984 Formul.
1340 951 1400 984 lib.
1420 952 1449 984 I.

1224 1016 1279 1037 10.
1303 1004 1476 1046 Nonfuit‚
1498 1012 1563 1037 etc.
1582 1004 1646 1038 Illa
1664 1003 1756 1037 enirn
1776 1003 1843 1036 fuit

1169 1057 1312 1102 parvula
1324 1082 1333 1098 ,
1356 1068 1420 1089 nec
1436 1056 1501 1089 tibi
1516 1056 1614 1089 oneri
1629 1082 1638 1095 ‚
1654 1065 1688 1090 et
1707 1055 1842 1089 discur-

1169 1121 1250 1142 rens
1266 1109 1336 1142 huc
1357 1109 1457 1150 illuc,
1477 1121 1614 1154 semper
1629 1109 1706 1143 loco
1721 1121 1841 1142 move-

1169 1163 1290 1202 batur,
1305 1162 1366 1195 lib.
1386 1162 1440 1194 VI
1455 1187 1464 1201 ‚
1482 1162 1590 1207 epigr.
1610 1174 1683 1204 Lu,
1704 1174 1753 1196 vs.
1779 1163 1811 1195 5.

993 1296 1276 1352 XXXV.

1307 1431 1325 1448 a!

938 1453 1006 1480 DF.
1045 1452 1291 1481 EUCLIDE.

565 1582 682 1622 Dum
707 1577 784 1620 sibi
808 1575 948 1619 redire
970 1574 1024 1617 (lc
1048 1575 1327 1619 Patrensibus
1353 1575 1496 1618 fundis

564 1652 744 1693 Ducena
774 1645 932 1691 clamat
956 1645 1206 1689 coccinatus
1228 1643 1429 1690 Euclides
1445 1681 1457 1697 ,

479 1784 492 1797 ¹
516 1786 669 1821 Gerebat
692 1797 726 1817 se
749 1797 813 1829 pro
836 1783 953 1828 equite
981 1782 1098 1816 Eucli-

424 1842 486 1874 des
500 1865 507 1877 ‚
530 1851 638 1886 quum
659 1850 778 1871 servus
796 1844 904 1876 esset;
925 1848 1027 1881 quem
1049 1836 1098 1869 le-

425 1894 508 1940 pide
520 1891 674 1932 deridet,
688 1890 770 1923 dum
786 1888 967 1935 proditum
981 1901 999 1922 a
1010 1888 1096 1922 clavi

425 1948 469 1981 de
489 1947 567 1980 sinu
586 1947 729 1978 cadente
750 1941 846 1975 dicit.
863 1942 982 1975 Rader.

483 2012 508 2033 ί,
534 1999 614 2032 Cum
635 1997 696 2029 sibi
716 1996 814 2028 redire
834 1995 872 2027 cle
889 1995 1095 2039 patruelibus.

423 2052 505 2086 Ald.
529 2052 629 2085 Junt.
653 2049 767 2083 Colin.
789 2048 927 2094 Gryph.
953 2047 1095 2080 Junian.

422 2108 529 2150 Lang.
552 2103 679 2148 Delph.
700 2102 784 2135 aliae.
807 2102 895 2134 Dum.
916 2101 976 2133 sibi
997 2100 1097 2132 redire

423 2160 461 2191 de
481 2156 684 2190 Patrensibus
703 2152 910 2188 Beverlandi
931 2153 1008 2186 MS.
1027 2154 1096 2186 Pro

424 2212 523 2244 redit-c
537 2211 638 2243 aliam
653 2216 784 2241 exstare
803 2207 990 2240 lectionem
1009 2218 1096 2239 con-

420 2265 520 2309 jicio,
536 2275 642 2308 quam
664 2261 819 2306 reperire
839 2272 911 2293 non
927 2271 1067 2305 possum
1084 2270 1092 2292 :

424 2317 568 2362 margini
593 2315 687 2348 enim
717 2313 773 2346 ed.
793 2314 902 2357 Lang.
918 2311 1094 2357 adjectum

424 2369 580 2404 invenio,
597 2369 639 2401 al.
659 2367 769 2399 redire.
787 2364 916 2407 Quoad
933 2366 1097 2398 Patrensi-

421 2424 494 2463 bus,
516 2430 555 2454 nt
577 2422 610 2453 in
633 2427 713 2453 vett.
735 2419 809 2451 aliis
823 2445 831 2460 ‚
852 2419 900 2451 sic
922 2418 1004 2463 legit
1021 2418 1098 2451 Cal-

421 2476 578 2509 ‹lei-inus.
601 2494 651 2499 -——
678 2473 793 2504 Redire
809 2499 816 2511 ,
838 2480 904 2504 etc.
928 2470 1095 2505 Reditum

420 2529 484 2561 sibi
500 2540 571 2561 esse
589 2537 744 2558 annuum
763 2537 802 2556 ex
820 2523 938 2557 fundis
954 2524 1096 2557 Patren·

421 2583 514 2614 >ibus
537 2579 687 2612 ducenta
707 2589 713 2609 :
739 2577 797 2609 sed
822 2577 875 2609 isti
899 2575 1023 2615 fundi,
1047 2589 1090 2608 nu

419 2649 458 2667 «nx
497 2633 624 2667 izi-uilia
642 2657 650 2669 ,
685 2643 726 2662 nn
764 2642 807 2662 cx
849 2630 935 2662 urbe
979 2630 1089 2663 Patra.

1159 1804 1212 1809 —
1227 1783 1279 1815 De
1288 1784 1485 1828 patrensibus
1502 1784 1747 1829 (patruelibus).
1760 1788 1835 1821 Hoc

1158 1844 1228 1877 est,
1249 1848 1291 1869 ex
1313 1835 1431 1869 fundis
1450 1837 1581 1870 relictis
1599 1838 1665 1871 sibi
1682 1851 1699 1872 a
1718 1839 1833 1874 fratri·

1156 1888 1223 1921 bus
1252 1889 1470 1934 patruelibus
1501 1888 1649 1924 ducenta
1678 1893 1832 1927 sestertia

1155 1942 1339 1987 percipere
1366 1953 1401 1976 se
1428 1941 1566 1976 dicebat
1583 1944 1761 1979 Euclides.
1785 1967 1833 1973 —-

1156 1993 1235 2027 Filii
1266 2002 1382 2028 autem
1416 1994 1571 2029 (luorum
1600 1997 1747 2031 fratrum
1769 2011 1831 2044 pa-

1157 2048 1267 2080 trueles
1295 2048 1540 2093 appellantur,
1572 2049 1654 2095 quia
1684 2050 1830 2085 fratrum

1155 2100 1241 2133 alter
1262 2100 1344 2146 ipsis
1366 2110 1511 2146 patruus
1531 2110 1592 2135 est.
1615 2103 1683 2136 Eu.
1702 2123 1755 2129 —
1768 2104 1831 2137 Le-

1154 2161 1240 2197 gunt
1266 2153 1346 2195 alii,
1371 2162 1405 2186 et
1426 2154 1515 2188 forte
1537 2155 1679 2197 melius,
1698 2157 1831 2189 Patren·

1153 2206 1247 2239 sibus.
1285 2206 1396 2240 Patrae
1427 2208 1518 2240 enim
1553 2208 1724 2254 oppidum
1759 2219 1831 2243 erat

1156 2258 1294 2291 Achaiae
1317 2267 1432 2299 vetus,
1454 2272 1523 2305 quo
1542 2261 1678 2294 colonia
1701 2263 1743 2295 ab
1758 2264 1829 2296 Au-

1153 2320 1256 2355 gusto
1275 2310 1421 2345 deducta
1439 2322 1508 2356 est,
1526 2313 1630 2346 situm
1649 2313 1692 2348 ad
1712 2315 1827 2349 sinum

1158 2364 1423 2398 Corinthiacum
1439 2377 1447 2398 :
1467 2365 1574 2400 hodie
1591 2368 1719 2401 Patras.

1214 2430 1246 2451 α.
1277 2419 1421 2450 Duc-enta
1455 2418 1537 2453 edd.
1577 2428 1658 2453 vett.
1695 2420 1825 2454 Ducena

1155 2470 1363 2504 Beverlandi
1387 2471 1462 2506 MS.
1481 2492 1531 2498 -
1551 2471 1737 2506 coccinatus
1757 2475 1826 2506 Eu·

1154 2524 1262 2557 clides.
1277 2524 1388 2569 Supra
1411 2525 1516 2570 epigr.
1534 2537 1637 2563 xxiv.
1657 2538 1708 2559 vs.
1727 2527 1761 2559 5.
1774 2548 1825 2554 —

1156 2577 1299 2610 Ducena.
1321 2577 1475 2611 Subaud.
1498 2578 1674 2620 sestertin5
1699 2587 1825 2613 nostru:

1152 2638 1300 2663 monetae
1321 2630 1490 2664 francicos
1509 2630 1648 2665 circiter
1672 2633 1824 2672 31‚;ioo.
