1978 3305
350 236 938 284 EPIGRAMMATUM
976 237 1104 279 LIB.
1130 236 1246 279 VII.

1403 234 1501 279 203

712 407 893 462 VIII.

457 559 523 587 DE
561 557 766 587 REDITU
805 535 1154 585 DOMITIAN1.*

174 678 311 723 NUNC
333 676 494 721 hilares
509 711 521 732 ‚
546 677 580 721 si
607 675 783 737 quando
808 674 941 730 mihi,
968 689 1085 717 nunc
1115 673 1275 730 ludite,
1300 676 1463 726 Musae;

243 748 400 792 Victor
421 746 476 791 ab
498 746 687 807 Odrysio
714 744 909 789 redditur
933 743 1039 788 orbe
1064 745 1198 788 Deus.

176 820 307 863 Certa
331 817 436 862 facis
461 815 612 878 populi
635 825 684 860 tu
708 816 873 877 primus
903 811 1032 871 vota,
1054 814 1324 869 December3

243 890 340 932 Jam
365 886 466 933 licet
487 887 652 949 ingenti
672 886 815 931 dicere
838 901 946 930 voce
964 920 976 940 ‚
993 885 1138 929 Venit.

176 957 296 1002 Felix
325 967 440 1003 sorte
465 955 557 1003 tua!
585 967 758 1019 poteras
783 972 872 1001 non
897 955 1051 1001 cedere
1078 957 1188 999 Jano
1204 991 1215 1010 ‚

248 1028 420 1073 Gaudia
446 1029 480 1073 si
504 1028 629 1073 nobis
644 1064 655 1084 ‚
678 1044 775 1090 quae
797 1027 917 1071 dabit
944 1026 1042 1082 ille,
1072 1026 1212 1070 dares.

177 1102 302 1143 Festa
325 1109 558 1144 coronatus
578 1098 698 1143 ludet
717 1098 913 1142 convicia
935 1096 1057 1141 miles
1073 1132 1084 1152 ,

161 1232 175 1246 ¹*
197 1237 314 1278 Quum
333 1237 539 1270 nunciatum
558 1244 644 1270 esset
665 1236 785 1269 Domi-

110 1289 245 1323 tianum
263 1297 452 1323 venturum
471 1289 507 1322 in
517 1289 651 1322 Urbem
663 1314 672 1330 ‚
692 1301 785 1321 eum-

108 1355 176 1388 que
192 1344 263 1387 jam
281 1353 354 1375 esse
372 1342 409 1374 in
428 1342 574 1383 itinere,
596 1341 784 1387 alloquitur

108 1395 234 1436 Poeta,
254 1395 407 1440 primum
424 1395 558 1434 Musas,
579 1393 707 1427 deinde
721 1395 785 1427 De-

109 1448 283 1482 cembrem
299 1473 310 1489 ‚
336 1459 441 1494 quem
462 1446 548 1481 dicit
564 1456 598 1481 et
616 1447 637 1480 J
640 1447 785 1481 anuario

109 1500 273 1546 anteponi
285 1500 442 1546 potuisse
455 1526 464 1540 ,
485 1501 514 1534 si
538 1497 651 1534 redux
672 1501 786 1534 Caesar

109 1553 186 1599 ipso
205 1553 390 1587 Decembri
409 1553 558 1587 venisset
579 1553 616 1586 in
638 1554 784 1587 Urbem.

109 1606 292 1639 Postremo
310 1604 413 1648 dicit,
435 1618 497 1640 sua
518 1606 671 1640 carmina
686 1605 786 1640 valde

110 1659 300 1693 convenire
322 1659 493 1705 tempori,
517 1671 590 1693 esse
610 1659 706 1693 enim
727 1659 786 1693 illa

109 1713 225 1757 jocosa
237 1726 247 1753 3
259 1724 343 1746 mox
355 1713 459 1746 etiam
471 1712 618 1746 militem
634 1713 731 1757 jocos
749 1712 786 1745 in

112 1765 294 1811 triumpho
312 1763 502 1799 dicturum.
522 1765 641 1799 Rader.

170 1833 199 1851 1.
218 1818 313 1852 Nunc
331 1818 465 1858 hilares,
487 1826 554 1852 etc.
580 1818 615 1852 Si
634 1830 787 1864 unquam

113 1870 188 1904 aliis
210 1870 427 1905 carminibus
445 1871 530 1912 lusi,
557 1884 652 1905 nunc
675 1871 789 1917 poscit

114 1931 250 1969 tempus
262 1949 271 1965 ,
293 1931 333 1957 ut
349 1924 425 1958 laeta
444 1936 577 1958 canam.

167 1990 200 2010 2.
221 1977 336 2010 Victor
353 1977 393 2010 ab
415 1977 569 2023 Otlnysio
586 1978 700 2011 Plant.
721 1977 743 2010 J
747 1990 788 2011 u-

113 2029 208 2063 nian.
228 2030 335 2075 Lang.
358 2031 485 2076 Delph.
508 2030 594 2064 aliae.
618 2031 731 2064 Victor
748 2031 788 2063 ab

80 2078 83 2082 ’
117 2082 258 2128 Odrysio
288 2082 396 2117 codex
427 2080 642 2126 Pulmanni3
675 2092 710 2117 et
740 2084 789 2117 sic

113 2133 194 2169 Ald.
218 2135 317 2169 Junt.
346 2136 459 2170 Colin.
484 2136 625 2182 Gryph.
655 2144 690 2170 et
715 2136 789 2170 aliae

114 2195 198 2222 vett.
217 2210 269 2215 —
291 2188 449 2235 Odrysio,
471 2198 535 2223 ete.
562 2189 790 2235 Septemtrio-

115 2240 185 2273 nali
196 2265 205 2281 ,
221 2241 280 2274 ubi
293 2240 429 2286 Odrysa
440 2242 599 2276 Thraciae
615 2243 698 2276 urbs
710 2255 789 2276 ver-

115 2305 174 2326 sus
190 2293 345 2326 Pontum
359 2294 546 2329 Euxinum.
559 2317 610 2322 —-
624 2295 790 2342 Othrysio.

115 2342 250 2390 Othrys
282 2358 382 2380 mons
408 2347 577 2382 Thraciae.
604 2348 790 2394 Othrysae‚

115 2398 171 2431 vel
195 2397 341 2443 Odrysae
364 2400 487 2445 populi
509 2409 589 2434 sunt
610 2400 786 2443 Thraciae,

116 2463 204 2496 quos
230 2451 337 2496 aliqui
359 2451 464 2485 hodie
486 2462 629 2493 vocant,
652 2454 786 2487 Molda-

119 2516 230 2536 censes.
242 2503 452 2538 Claudianus
463 2513 576 2539 tamen
587 2505 631 2539 de
642 2519 687 2540 111
699 2508 789 2541 Con-

116 2556 181 2589 sul.
202 2557 337 2591 Honor.
359 2570 408 2591 vs.
431 2562 521 2603 1473
543 2576 556 2588 «
577 2559 785 2604 Othrysium

117 2608 246 2652 pariter
261 2610 383 2644 Getico
405 2609 607 2646 foedavimus
630 2612 788 2645 Hebrum

118 2660 302 2706 Sanguine.
319 2681 332 2692 »

898 1236 932 1268 3.
961 1235 1058 1268 Certa
1072 1236 1171 1277 fite-is.
1194 1235 1315 1268 Mense
1339 1235 1432 1268 enim
1455 1236 1520 1268 De·

843 1288 975 1321 cembri
994 1288 1119 1321 litterae
1137 1288 1285 1321 Romam
1311 1295 1392 1321 sunt
1411 1288 1519 1322 allatae

843 1339 888 1374 de
906 1339 1025 1374 reditu
1044 1340 1259 1382 Domitiani,
1280 1353 1385 1386 quem
1404 1353 1519 1386 popu·

842 1394 895 1428 lus
915 1393 1006 1427 votis
1025 1393 1192 1426 omnibus
1212 1394 1431 1439 exposcebat.

899 1445 931 1480 5.
956 1447 1090 1479 Poteras
1113 1459 1187 1479 non.
1217 1446 1345 1480 Sensus
1373 1454 1425 1480 est
1447 1458 1456 1480 ε
1486 1445 1522 1480 Si

843 1511 962 1533 mense
978 1499 1166 1533 Decembri
1188 1500 1323 1533 Urbem
1347 1499 1520 1545 ingressu-

843 1564 902 1585 rus
931 1560 1019 1586 esset
1044 1553 1176 1595 Caesar,
1199 1560 1336 1598 poterat
1361 1552 1420 1586 ille
1449 1565 1522 1585 non

844 1604 968 1639 cedere
991 1605 1179 1647 Januario‚
1206 1618 1224 1639 a
1250 1606 1341 1640 Jano
1366 1607 1457 1643 Deo,
1487 1605 1521 1637 in

845 1660 944 1703 cujus
961 1658 1133 1692 honorem
1151 1659 1261 1692 multa
1277 1658 1446 1692 sacrificia
1461 1658 1523 1692 fle-

844 1711 949 1753 bant,
967 1711 1016 1745 sic
1030 1710 1144 1753 dicto,
1162 1711 1268 1745 Ovid.
1288 1712 1377 1746 Fast.
1396 1724 1410 1745 1
1425 1737 1435 1754 ,
1451 1724 1524 1757 quo

844 1777 973 1809 nempe
993 1777 1111 1799 mense
1128 1766 1275 1798 Romam
1296 1773 1369 1798 erat
1389 1764 1524 1798 reditu-

845 1830 904 1851 rus
932 1817 1058 1851 Caesar.
1087 1819 1282 1852 December
1315 1818 1399 1851 felix
1429 1817 1525 1864 quod

845 1869 1000 1904 reditum
1027 1871 1222 1914 nuntiavit3
1252 1871 1386 1905 felicior
1414 1872 1526 1912 foret,

846 1924 874 1957 si
903 1922 1024 1958 videre
1058 1933 1238 1969 praestaret
1269 1925 1441 1958 Caesarem
1472 1924 1525 1957 in-

846 1989 1002 2022 gressum
1026 1978 1187 2011 Romam.
1209 1979 1277 2011 En.

901 2032 935 2063 6.
955 2030 1086 2065 Gaudia
1098 2033 1125 2064 si
1140 2031 1248 2072 nobis,
1269 2044 1339 2078 quae
1355 2031 1454 2063 dabat
1470 2029 1525 2064 ed.

847 2083 955 2129 antiq.
979 2083 1077 2117 Ferr.
1102 2097 1159 2117 an.
1190 2089 1298 2129 1471.
1322 2083 1402 2117 Ald.
1427 2084 1525 2116 Junt.

848 2136 963 2170 Colin.
980 2135 1118 2183 Gryph.
1136 2145 1170 2170 et
1185 2137 1292 2182 Lang.
1309 2136 1399 2169 dabit
1417 2135 1527 2169 codex

847 2189 1055 2231 Pulmanni;
1077 2199 1171 2223 recte
1197 2202 1204 2223 :
1229 2202 1269 2222 eo
1291 2188 1386 2234 quod
1405 2189 1527 2222 Domi-

847 2242 961 2276 tianus
977 2255 995 2275 a
1008 2243 1151 2276 subacta
1163 2243 1349 2277 Germania
1363 2255 1435 2275 non
1450 2250 1528 2275 ante

849 2295 1055 2328 Januarium
1078 2294 1254 2329 rediturus
1276 2304 1348 2328 erat
1367 2296 1526 2328 Romam.

850 2347 943 2382 Vide
959 2348 1021 2382 lib.
1033 2349 1139 2389 VIII,
1156 2348 1264 2394 epigr.
1284 2359 1365 2381 vnl.

904 2414 939 2446 7.
964 2401 1061 2433 Festa
1084 2408 1262 2433 coronatus.
1287 2400 1529 2446 Triumphum

848 2453 1006 2487 comitari
1027 2454 1154 2487 milites
1172 2454 1272 2487 lauro
1294 2454 1470 2495 coronati,
1496 2462 1529 2487 et

848 2506 884 2539 in
905 2506 1019 2552 ipsum
1038 2507 1290 2552 Imperatorem
1309 2508 1426 2551 jocosa
1446 2519 1529 2540 con-

847 2559 937 2593 vicia
954 2560 1067 2604 jacere
1085 2560 1254 2593 solebant.
1275 2560 1355 2592 Lib.
1377 2560 1413 2600 I,
1430 2573 1463 2600 v,
1478 2573 1529 2592 vs·

850 2612 883 2645 3.
904 2612 1083 2657 Appiauus
1101 2612 1222 2646 scribit
1237 2612 1413 2646 tubicinas
1428 2612 1529 2645 etiam

848 2664 1016 2698 militibus
1042 2666 1250 2710 permixtas,
1282 2666 1392 2698 immo
1420 2673 1530 2698 totum
