1978 3305
471 229 565 276 552

469 319 547 356 tati,
571 315 650 361 equi
664 315 793 349 scilicet
811 315 993 360 Caligulae,
1012 313 1055 347 de
1071 327 1140 360 quo

467 370 537 402 Dio
550 369 585 402 in
601 369 709 414 Calig.
723 380 834 414 quum
847 367 1002 413 inquit:«
1019 367 1139 400 Unum

469 434 553 455 vero
567 434 609 455 ex
624 421 723 467 equis
737 421 819 463 suis,
835 433 938 466 quem
953 420 1141 454 Incitatum

470 474 674 508 nominabat
682 501 691 516 ‚
704 473 872 507 invitabat
882 472 926 507 ad
935 485 1067 507 coenam
1076 499 1085 515 ‚
1097 474 1143 507 ita

473 537 511 562 ut
530 527 561 559 ei
576 526 750 560 hordeum
766 539 807 560 ex
827 539 912 560 auro
930 534 1142 572 apponeret,

471 579 702 625 funderetque
713 580 834 613 vinum
847 604 857 621 ,
869 587 949 621 etc„
960 591 998 613 ac
1015 592 1077 625 per
1091 591 1143 612 sa-

849 231 911 272 M.
931 230 1072 272 VAL.
1109 229 1499 272 MARTIALIS

1198 315 1306 348 lutem
1322 315 1395 360 ejus
1415 323 1449 347 et
1466 314 1643 349 fortunam
1655 317 1807 361 juraret;
1822 329 1875 349 se-

1200 380 1267 413 que
1285 379 1366 400 eum
1384 367 1561 401 consulem
1580 368 1753 402 facturum
1767 369 1871 414 polli-

1200 427 1349 462 ceretur,
1358 427 1422 454 etc.
1432 436 1445 449 u
1458 419 1493 453 Si
1503 420 1562 453 hic
1569 421 1698 453 Incitati
1708 421 1798 466 legas
1806 447 1815 462 ‚
1829 434 1872 454 ne

1201 485 1329 519 equum
1338 473 1501 518 Caligulae
1507 473 1678 518 intelligas
1685 499 1695 514 ‚
1705 473 1765 507 sed
1776 474 1875 506 nobi-

1202 527 1268 559 lem
1280 526 1386 559 alium
1399 524 1585 571 quemdam
1595 551 1606 566 ,
1618 526 1675 559 cui
1685 527 1732 559 ob
1742 525 1875 572 pedum

1202 579 1444 624 pernicitatem
1467 577 1504 611 id
1525 578 1678 612 nominis
1696 577 1830 612 datum.

1004 711 1343 769 LXXVII.

906 879 973 907 DE
1012 878 1155 907 CARo
1194 878 1421 908 mimico.
1442 859 1458 875 ⁴*

544 1008 755 1058 NEQnms
779 1022 803 1048 a
829 1006 944 1048 Caro
974 1002 1079 1046 nihil
1110 1018 1301 1063 unquam
1317 1038 1329 1058 ,
1355 1003 1571 1057 Maxime,
1607 1003 1770 1047 factum
1796 1012 1884 1056 est,

614 1077 760 1134 Quam
783 1074 901 1136 quod
931 1073 1051 1118 febre
1075 1074 1187 1135 perit
1209 1090 1217 1116 :
1239 1073 1341 1117 fecit
1364 1082 1408 1117 et
1432 1072 1504 1117 illa
1528 1073 1662 1117 nefas.

546 1149 670 1192 Saeva
700 1162 862 1189 nocens
894 1144 1024 1189 febris
1055 1143 1205 1188 saltem
1237 1153 1449 1205 quartana
1478 1140 1659 1188 fuisses!

614 1217 787 1262 Servari
812 1215 982 1261 medico
1012 1214 1161 1262 debuit
1187 1214 1258 1259 ille
1283 1232 1374 1259 suo.

528 1355 656 1391 'Dolet
675 1358 805 1390 Carum
826 1355 1001 1389 medicum
1013 1381 1022 1396 ‚
1044 1367 1148 1401 quem

478 1413 539 1446 diu
557 1411 749 1444 cruciatum
763 1409 949 1454 cupiebat,
967 1408 1079 1442 subita
1102 1409 1151 1441 fe-

478 1466 534 1499 bri
553 1464 774 1498 exstinctum.

537 1518 640 1551 2.llle
658 1518 747 1560 nesus
767 1516 802 1549 iu
825 1514 907 1549 edd.
926 1522 1033 1557 vett.;
1052 1516 1152 1548 male.

480 1593 531 1598 -—
541 1570 743 1616 Quamquod,
755 1577 820 1602 etc.
834 1569 924 1601 Nam
935 1581 1074 1602 crucem
1086 1568 1154 1609 illi,

480 1637 551 1657 non
574 1632 645 1657 tam
665 1623 744 1656 lene
766 1623 874 1656 fatum
890 1648 899 1663 ‚
919 1630 1016 1667 optat
1037 1622 1153 1654 Poeta.

480 1698 531 1704 -—
544 1677 634 1710 Fecit
644 1684 674 1708 et
686 1676 753 1709 illa.
769 1676 855 1717 Quae
869 1683 938 1708 tam
958 1675 1028 1708 cito
1044 1683 1156 1708 sustu-

481 1731 521 1764 lit
541 1730 681 1764 Carum.

536 1782 567 1816 3.
586 1782 715 1817 Saltem.
734 1783 800 1815 Hic
820 1782 905 1822 Bev.
927 1782 1003 1815 MS.
1024 1783 1156 1814 utinam.

1211 1355 1414 1389 —Fuissea
1438 1354 1507 1387 Alii
1531 1355 1652 1399 legunt
1673 1354 1800 1396 suisset.
1825 1354 1889 1386 Vi-

1213 1407 1293 1441 deat
1311 1409 1431 1441 lector.

1270 1465 1302 1501 4.
1318 1462 1435 1494 Debuit
1447 1461 1504 1493 illa
1517 1461 1553 1493 in
1566 1459 1644 1492 Ald.
1659 1460 1757 1492 Junt.
1774 1459 1889 1492 Colin.

1214 1514 1341 1560 Delpb.
1370 1522 1405 1546 et
1430 1514 1606 1559 plerisque
1630 1511 1712 1546 edd.
1738 1520 1822 1546 vett.
1841 1534 1893 1538 ——

1214 1568 1341 1600 Servari
1367 1567 1494 1600 medico.
1523 1567 1632 1600 Carus
1655 1578 1803 1611 nempe,
1830 1565 1893 1611 qui

1215 1621 1343 1654 multos
1365 1620 1541 1666 imperitia
1562 1628 1764 1659 necaverat,
1789 1631 1894 1663 quar-

1216 1682 1305 1707 tanae
1321 1672 1495 1706 medicum
1510 1685 1545 1706 se
1561 1672 1812 1719 profitebatur,
1828 1684 1893 1717 qua

1217 1726 1277 1760 diu
1314 1725 1524 1760 cruciandus
1559 1735 1651 1768 erat,
1693 1725 1894 1772 priusquam

1219 1788 1429 1814 moreretur.

1003 1917 1386 1974 LXXVIII.

996 2094 1063 2122 An
1104 2093 1351 2122 MAcuum.
1374 2073 1389 2089 ⁸

662 2222 753 2271 lms
777 2219 974 2274 litoreas,
998 2219 1173 2271 Macer,
1204 2216 1412 2260 Salonas:

539 2342 554 2357 *
571 2349 728 2382 Macrum
754 2347 894 2387 laudat,
920 2355 953 2380 et
979 2358 1021 2379 ex
1041 2358 1082 2378 eo
1109 2345 1165 2378 Sa·

488 2403 588 2435 lonas
615 2401 786 2435 coloniam
819 2401 954 2434 felicem
978 2397 1164 2445 predicat,

489 2453 585 2501 quod
607 2467 687 2487 mox
710 2455 869 2488 Macrum
891 2462 977 2486 esset
1004 2452 1164 2485 habitura

490 2508 706 2553 praefectum.

550 2573 580 2594 1.
603 2562 756 2594 Litoreas.
772 2559 866 2602 Quid
886 2559 941 2593 hic
959 2558 1141 2604 legendum
1156 2584 1164 2598 ,

492 2616 616 2646 litoreas
637 2613 770 2647 Salonas
789 2627 830 2647 an
862 2614 1003 2645 litoream
1020 2613 1139 2645 Salona
1158 2640 1162 2648 ,

492 2667 689 2711 ambigitur.
707 2667 760 2699 Sic
775 2668 852 2699 alii:
874 2684 886 2695 .-
904 2667 1062 2700 Macrum
1074 2665 1167 2698 hum·

1225 2345 1400 2390 Hispaniae
1422 2353 1454 2377 et
1478 2344 1658 2378 Dalmatiae
1677 2343 1822 2377 diversis
1844 2356 1903 2376 an-

1226 2398 1279 2431 nis
1292 2398 1469 2445 praefuisse
1482 2398 1625 2439 volunt,
1644 2405 1790 2443 propter
1811 2396 1904 2431 Salv-

1227 2464 1300 2491 nns,
1335 2464 1412 2497 quae
1438 2451 1615 2485 Dalmatiae
1643 2449 1817 2496 oppidum
1842 2459 1904 2482 cst.

1227 2505 1278 2537 De
1303 2506 1506 2549 praefeclura
1533 2506 1610 2549 ejus
1636 2504 1812 2537 Dalinaliae
1836 2515 1904 2534 nou

1227 2566 1380 2599 constat,
1410 2571 1522 2603 neque
1547 2557 1664 2592 omnin
1696 2557 1751 2589 liic
1779 2567 1905 2588 conve-

1230 2611 1328 2644 niunt
1357 2624 1364 2645 :
1397 2611 1571 2656 praefuisse
1609 2610 1704 2643 illuni
1733 2609 1906 2655 Hispania*

1230 2676 1364 2697 summa
1386 2677 1463 2698 cum
1487 2665 1682 2708 imegrnau·
1700 2671 1843 2708 apparet
1867 2674 1906 2694 vx
