1978 3305
346 239 930 282 EPIGRAMMATUM
970 239 1096 282 LIB.
1124 238 1240 280 VII.

1400 237 1497 281 211²,

705 391 885 446 XIX.

423 547 485 574 DE
526 546 889 580 FRAGMENTO
920 526 1157 575 *ancus*

159 674 520 727 FRAGMENTUM‚
544 671 662 732 quod
687 671 771 715 vile
796 679 924 731 putas
949 680 991 714 et
1016 670 1165 715 inutile
1190 670 1379 732 lignum,

231 744 334 785 Haec
364 741 447 785 fuit
475 742 612 802 ignoti
636 742 776 802 prima
806 741 952 800 carina
980 741 1126 785 maris.

160 813 306 869 Quam
327 827 407 856 nec
429 813 615 872 Cyaneae
639 811 860 873 quondam
882 820 1065 872 potuere.
1090 812 1226 855 ruinae

227 884 471 943 Frangere,
493 899 574 927 nec
596 882 786 943 Scythici
807 882 972 926 tristior
992 882 1056 925 ira
1077 881 1189 925 freti.

159 951 326 997 Saecula
349 953 549 997 vicerunt
572 969 580 996 :
606 952 681 998 sed
702 953 900 1013 quamvis
922 952 1099 996 cesserit
1118 953 1264 1007 annis,

228 1024 426 1068 Sanctior
456 1033 521 1067 est
543 1022 662 1069 salva
687 1038 822 1084 parva
848 1022 1005 1067 tabella
1032 1032 1135 1066 rate.

143 1156 157 1170 ³
176 1161 227 1195 De
248 1161 342 1206 Argo
362 1171 450 1194 nave
462 1186 471 1202 ,
493 1160 694 1195 doctissime
712 1160 775 1196 dia

90 1213 345 1259 sert1ssimeque
367 1227 456 1247 unus
479 1214 516 1247 in
541 1214 662 1260 paucis
682 1214 767 1247 Hie-

89 1279 261 1311 ronymus
290 1267 462 1300 Columna
489 1266 533 1300 ad
559 1267 666 1300 Ennii
690 1267 766 1300 Me-

89 1317 190 1352 deam
223 1318 378 1365 disputat
390 1346 399 1361 ‚
422 1332 501 1365 pag.
537 1319 621 1361 314.
652 1320 767 1365 Hujus

89 1372 322 1418 fragmentum
337 1381 496 1418 tempore
513 1373 683 1407 Martialis
696 1374 766 1406 Ro-

91 1437 155 1458 mae
172 1426 346 1466 exstabat,
364 1425 402 1458 in
420 1424 516 1472 quod
536 1434 586 1460 est
604 1425 672 1460 hoc
691 1426 766 1472 epi-

89 1490 256 1523 gramma.
279 1478 396 1512 Rader.

148 1543 176 1569 1.
192 1531 428 1576 Fragmentum.
442 1531 547 1565 Navis
560 1531 691 1565 scilicet
705 1532 768 1564 Ar-

90 1596 164 1629 gus,
187 1583 283 1630 quod
311 1585 431 1618 Romae
456 1593 542 1618 tunc
560 1583 766 1618 ostendeba-

93 1645 164 1670 tur.
176 1637 228 1670 De
241 1637 299 1670 illa
314 1650 402 1671 nave
415 1645 449 1671 et
462 1637 672 1683 Argonautis
686 1636 767 1671 vide

94 1689 226 1723 Valerii
242 1690 358 1724 Flacci
374 1702 512 1736 poema.

147 1757 179 1776 2.
203 1743 277 1776 Hoc
296 1744 366 1787 suit
390 1741 600 1777 Beverlandi
626 1743 691 1777 Ms.
716 1763 768 1768 —

94 1797 200 1841 Ignoti
223 1799 344 1841 prima,
372 1805 439 1830 etc.
467 1796 547 1830 Non
572 1796 669 1842 prius
692 1805 767 1830 ten-

93 1848 154 1882 tati
173 1850 399 1891 mortalibus;
416 1867 429 1880 a
447 1849 619 1895 Nullaque
637 1857 768 1883 morta-

94 1902 141 1935 les
158 1910 286 1947 praeter
300 1915 360 1937 sua
375 1903 477 1937 litora
493 1911 631 1936 norant.
641 1903 770 1947 »Argo-

93 1961 214 1989 nautas
236 1956 394 2002 primum
419 1963 566 1989 tentasse
590 1968 685 1989 mare
707 1968 769 1989 na·

93 2008 188 2053 vigio
206 2009 332 2042 volunt
351 2016 473 2054 poetae.

99 2102 101 2104 Ι
149 2060 183 2095 3.
216 2061 353 2108 Cyaneae
380 2061 534 2108 quondam
549 2089 558 2102 ,
589 2070 654 2096 ete.
684 2062 770 2095 Duae

96 2114 216 2148 insulae
235 2115 272 2148 in
291 2115 394 2148 Ponti
412 2115 541 2148 Euxini
563 2115 654 2148 ostio
666 2142 676 2156 ,
694 2126 771 2160 quae

95 2175 130 2200 et
163 2166 431 2214 Symplegades,
466 2168 522 2201 vel
554 2166 771 2213 Syndroma·

96 2218 158 2252 des
177 2220 230 2253 vel
253 2220 403 2254 Planctae
425 2219 527 2255 dictae
545 2229 627 2254 sunt
647 2247 655 2261 ‚
673 2219 772 2266 quod

97 2272 235 2306 eminus
253 2273 474 2307 intuentibus
491 2273 624 2307 moveri
642 2274 722 2307 loco
739 2281 773 2307 et

97 2325 134 2358 in
153 2338 188 2358 se
209 2326 388 2359 incurrere
409 2325 620 2360 videbantur
637 2338 645 2359 :
664 2328 774 2372 Argo-

99 2386 211 2412 nautae
230 2391 301 2412 non
323 2379 398 2412 sine
415 2379 592 2424 periculo,
612 2379 772 2413 mutilata

100 2443 230 2465 summa
247 2432 378 2478 puppis
394 2440 508 2477 parte,
530 2432 591 2466 has
609 2432 772 2466 transmi-

824 1172 900 1194 sere
910 1186 920 1202 ,
935 1160 1060 1198 Phinei
1075 1161 1214 1194 monitu
1224 1186 1233 1203 ,
1248 1161 1422 1206 praemissa
1439 1161 1502 1194 viae

824 1212 917 1247 duce
943 1214 1116 1248 columba.
1144 1214 1258 1247 Ruinae
1283 1212 1397 1255 addit,
1420 1214 1502 1258 quia

825 1264 869 1300 ad
895 1266 1054 1312 Cyaneos
1079 1267 1187 1301 hosce
1210 1267 1391 1313 scopulos,
1420 1279 1503 1300 nau-

825 1318 943 1365 fragiis
977 1320 1123 1354 infames
1140 1345 1149 1361 ‚
1183 1332 1350 1365 magnum
1386 1318 1503 1353 adiere

825 1370 1026 1406 discrimen.
1039 1372 1133 1406 Vide
1155 1385 1232 1418 quae
1260 1371 1304 1405 ad
1330 1385 1379 1405 VS.
1403 1385 1500 1406 1210

824 1425 928 1459 Herc.
960 1425 1027 1459 fur.
1056 1434 1092 1459 et
1114 1438 1162 1459 vs.
1187 1425 1257 1466 341
1279 1424 1414 1459 Medeae
1438 1426 1501 1459 Se-

825 1490 920 1511 necae
939 1479 1076 1512 notavit
1095 1479 1296 1512 Farnabius.

881 1535 914 1571 4.
936 1530 1028 1565 Edd.
1044 1540 1128 1564 vett.
1142 1531 1291 1572 habent,
1305 1531 1477 1574 undasreti
1489 1545 1499 1565 .·

824 1584 1013 1617 Pulmanni
1037 1584 1170 1626 codex,
1197 1587 1244 1616 ira
1262 1585 1370 1628 fieti‚·
1392 1593 1427 1617 et
1451 1584 1500 1618 sic

824 1637 936 1670 Plant.
956 1637 1099 1670 Junian.
1120 1637 1246 1683 Delph.
1268 1637 1370 1671 Grut.
1391 1637 1501 1671 Scriv.

825 1689 974 1724 Farnab.
1008 1690 1183 1729 Schrevel.
1214 1698 1249 1723 et
1277 1698 1423 1724 recentt.
1451 1712 1502 1716 —

827 1743 880 1776 Ira
893 1744 986 1786 freti.
1009 1743 1085 1776 Hoc
1106 1752 1173 1784 est,
1194 1751 1378 1788 tempestas
1397 1743 1501 1776 Ponti

825 1795 967 1829 Euxini.

882 1849 914 1883 5.
929 1849 1055 1882 Soecula
1069 1851 1230 1889 vicerunt,
1246 1857 1277 1882 et
1289 1851 1427 1896 quamvis
1436 1849 1502 1882 Be-

825 1901 985 1935 verlandi
995 1902 1071 1936 MS.
1080 1924 1131 1929 —
1140 1902 1253 1936 Secula
1268 1905 1423 1943 vicerunt,
1436 1911 1502 1936 etc.

827 1955 994 1996 Fluctus,
1015 1955 1199 2001 scopulos,
1220 1955 1338 2002 Syrtes
1359 1963 1502 2001 praeter-

828 2016 962 2042 vectam
986 2016 1019 2041 et
1047 2017 1293 2054 superantem,
1320 2008 1403 2042 vicit
1427 2017 1504 2042 tan-

829 2061 911 2095 dem
936 2069 1032 2103 aetas3
1056 2062 1124 2094 hoc
1149 2069 1217 2103 est,
1243 2069 1278 2094 et
1293 2074 1373 2107 quae
1397 2061 1504 2094 nullis

829 2122 977 2159 cesserat
1001 2114 1188 2156 fluctibns,
1216 2114 1390 2160 scopulis,
1423 2114 1506 2158 Syr-

830 2167 922 2202 tibus
932 2193 941 2208 ,
958 2167 1058 2201 cessit
1072 2166 1213 2200 tandem
1227 2167 1376 2212 tempori
1389 2192 1398 2208 ,
1410 2164 1508 2212 quod

830 2219 963 2261 exedit,
982 2220 1230 2266 consumitque
1250 2220 1377 2253 omnia.

887 2276 920 2308 6.
936 2273 1086 2307 Sanctior
1100 2281 1158 2313 est,
1176 2281 1241 2306 etc.
1259 2273 1508 2318 Fragmentum

832 2326 899 2360 hoc
918 2326 1088 2372 religione
1109 2334 1144 2359 et
1166 2325 1382 2370 antiquitatis
1404 2337 1509 2358 vene-

832 2379 967 2413 ratione
977 2379 1032 2412 vel
1043 2378 1151 2425 ipsam
1162 2378 1350 2424 integram,
1363 2378 1417 2412 vel
1429 2378 1510 2412 alias

833 2432 971 2478 quasvis
990 2444 1093 2466 naves
1109 2439 1263 2477 superat.
