1978 3305
466 234 492 280 Ut

502 235 525 282 cn

534 239 563 291 ὦ

837 237 897 278 Μ.
922 237 1062 279 VAL.
1103 236 1494 279 MARTIALIS

1015 387 1318 443 LXXIX.

747 545 814 572 DE
853 543 1150 580 TORQUATO
1189 545 1253 573 ET
1290 526 1599 574 oTAC1L10.*

530 671 600 713 An
631 668 819 730 lapidem
843 671 1089 730 Torquatus
1116 669 1245 714 habet
1273 671 1475 731 praetoria
1499 681 1702 732 quartum
1724 690 1731 715 ;

601 739 668 783 Ad
697 750 900 801 quartum
928 740 1060 785 breve
1081 757 1155 784 rus
1179 741 1282 785 emit
1307 740 1530 786 Otacilius.

531 811 778 871 Torquatus
803 811 959 856 nitidas
987 813 1107 855 vario
1130 811 1183 855 de
1212 827 1430 856 marmore
1456 812 1646 856 thermas

599 883 826 926 Exstruxit
849 900 856 926 :
880 897 1110 926 cucumam
1141 881 1244 926 fecit
1274 882 1499 927 Otacilius.

530 953 758 1013 Disposuit
779 952 1015 1014 daphnona
1038 969 1115 997 suo
1135 954 1383 1014 Torquatus
1405 954 1448 997 in
1472 970 1577 1015 agro
1601 972 1608 996 :

602 1025 838 1068 Castaneas
869 1033 1043 1067 centum
1075 1024 1184 1068 sevit
1214 1023 1438 1068 Otacilius.

533 1093 725 1138 Consule
749 1096 972 1155 Torquato
1000 1095 1083 1138 vici
1111 1094 1194 1138 fuit
1220 1086 1290 1138 ille
1313 1097 1547 1155 inagister;

603 1165 694 1208 Nee
720 1166 863 1209 minor
885 1167 928 1208 in
952 1175 1075 1210 tanto
1100 1167 1216 1210 visus
1243 1166 1411 1210 honore
1434 1165 1524 1209 sibi.

533 1235 722 1279 Grandis
747 1245 795 1278 ut
826 1237 1023 1297 exiguam
1056 1236 1134 1280 bos
1164 1252 1315 1280 ranam
1342 1246 1521 1297 ruperat
1552 1235 1652 1280 olim
1673 1272 1683 1291 ,

604 1307 673 1350 Sic
703 1316 809 1366 puto
831 1309 1078 1368 Torquatus
1109 1318 1282 1368 rumpet
1311 1307 1559 1352 Otacilium.

521 1441 536 1455 '⁶
568 1445 744 1480 Irridetur
779 1459 796 1479 a
833 1454 934 1493 poeta
969 1446 1138 1480 Otacilius

462 1512 612 1545 pauper,
631 1500 691 1545 qui
708 1500 927 1546 Torquatum
943 1498 1088 1533 divitem
1106 1508 1141 1533 et

463 1552 709 1599 magnificum,
734 1552 976 1599 nequidquam
998 1553 1140 1587 aemula-

464 1606 576 1640 batur.
597 1606 805 1652 perstringit
822 1607 964 1640 interim
984 1619 1060 1648 eos,
1078 1607 1141 1652 qui

463 1673 573 1705 quum
593 1659 663 1693 sint
677 1660 780 1706 louge
800 1659 983 1694 inferiores
996 1686 1004 1702 ,
1023 1669 1137 1694 tamen

462 1713 678 1758 potentiores
693 1712 836 1747 student
851 1726 999 1759 aequare.

522 1779 552 1800 1.
571 1767 743 1800 Praetoria.
760 1767 838 1801 Hoc
859 1775 929 1809 est,
947 1766 1046 1800 villas
1067 1779 1136 1800 ma-

464 1819 619 1865 gnificas.
635 1820 826 1854 Suetonius
836 1821 871 1854 in
883 1821 1052 1866 Augusto,
1065 1832 1139 1866 cap.

467 1886 512 1917 72
548 1885 556 1906 2
588 1891 602 1903 α
618 1873 710 1907 Alias
740 1873 942 1919 praetorium
967 1873 1144 1919 significat

465 1924 594 1960 ducum
619 1935 654 1959 et
681 1926 931 1972 imperatorum
955 1927 992 1960 in
1022 1927 1142 1961 castris

467 1980 741 2014 tabernaculum.
758 1997 772 2010 n

521 2033 554 2067 3.
567 2034 670 2066 Vario
683 2034 722 2066 de
733 2047 885 2066 marmore
902 2034 1047 2066 thermas.
1061 2033 1140 2066 Non

470 2089 560 2120 vario
574 2115 582 2127 ,
602 2095 641 2120 ut
656 2087 800 2120 obvium
819 2095 887 2128 est,
904 2086 1000 2132 quod
1023 2087 1141 2120 multi-

467 2141 547 2186 plex
577 2140 635 2175 hic
663 2153 880 2175 marmorum
901 2140 937 2173 in
957 2149 1139 2173 exstruen-

466 2193 519 2227 dis
536 2193 682 2228 thermis
696 2206 805 2240 genus
815 2221 824 2235 ‚
837 2193 897 2227 sed
910 2194 1122 2227 maculosum
1133 2218 1143 2235 ,

468 2247 711 2282 mimiamvid.
732 2249 795 2281 lib.
810 2248 862 2280 VI
875 2273 884 2288 ,
904 2260 958 2293 ep.
975 2259 1064 2281 an.
1075 2247 1141 2280 En.

522 2304 555 2342 4.
577 2301 741 2346 Capenam
760 2299 966 2335 Beverlaudi
985 2300 1058 2334 MS.
1079 2301 1141 2346 qui

466 2355 570 2387 etiam
590 2355 705 2400 legere
721 2356 822 2401 jubet
841 2367 994 2387 cumeram
1014 2357 1140 2387 sirm-it.

467 2429 516 2433 —-
544 2407 726 2442 Cacumam.
756 2408 832 2442 Hoc
860 2417 909 2441 est
921 2434 929 2448 ‚
960 2421 1018 2441 vas
1045 2420 1142 2453 aquae

465 2460 705 2496 calefacienda:
731 2471 873 2508 aptum,
892 2462 1012 2507 gallice
1032 2475 1142 2506 coque-

469 2526 553 2551 mar,
577 2523 609 2548 et
633 2516 782 2549 sumitur
800 2515 856 2549 liic
880 2528 943 2561 pro
967 2515 1141 2548 balneolo.

1256 1448 1289 1480 5.
1310 1447 1504 1492 Daplmona.
1526 1448 1605 1480 Vox
1624 1460 1733 1492 graeca
1746 1473 1754 1488 ‚
1771 1447 1878 1481 latine

1199 1499 1470 1533 lauretum.Vid.
1491 1500 1553 1534 lib.
1570 1500 1640 1533 XII
1658 1513 1665 1532 :
1687 1500 1877 1546 «Daphno-

1199 1565 1280 1594 nas,
1302 1553 1506 1599 platanonas
1517 1579 1527 1594 ‚
1543 1561 1608 1586 etc.
1623 1570 1636 1583 ι.

1254 1619 1287 1651 7.
1305 1605 1441 1639 Consule
1459 1607 1621 1653 Torquato
1632 1615 1682 1640 est
1697 1607 1776 1640 lect.
1789 1608 1879 1641 Gru-

1199 1660 1264 1692 teri
1284 1672 1325 1693 ex
1344 1660 1451 1694 Palat.
1472 1660 1577 1705 vulgo
1594 1659 1716 1693 Consul
1736 1661 1878 1708 Torqua-

1201 1722 1260 1746 tus.
1286 1712 1374 1746 Unus
1395 1712 1698 1755 Beverland'kMS.
1719 1726 1785 1760 pro
1802 1716 1880 1748 vici.

1200 1787 1252 1793 --
1277 1766 1352 1800 Vici
1364 1767 1434 1810 fuit
1453 1767 1516 1800 ille.
1534 1767 1613 1800 Vici
1636 1767 1756 1800 Romae
1781 1777 1880 1801 erant

1204 1824 1276 1860 ‘4'24
1303 1828 1344 1853 ut
1365 1820 1473 1854 refert
1497 1820 1724 1854 Casaubonus
1747 1821 1782 1854 in
1806 1821 1879 1854 Au-

1199 1881 1321 1918 gusto,
1345 1873 1472 1919 quihus
1494 1882 1665 1919 praeerant
1689 1873 1880 1919 vicomagi-

1201 1929 1282 1968 stri,
1299 1927 1360 1972 qui
1383 1927 1487 1960 etiam
1509 1927 1665 1960 vicocuri
1683 1925 1768 1960 dicti
1786 1936 1880 1961 sunt.

1206 1979 1354 2013 sueton.
1370 1982 1460 2026 Aug.
1480 1992 1508 2014 c.
1532 1979 1578 2014 3ο
1591 2005 1600 2021 ,
1617 1988 1651 2014 et
1666 1980 1747 2013 Tib.
1769 1993 1798 2015 c.
1818 1983 1880 2025 76.

1257 2034 1290 2067 8.
1308 2034 1378 2067 Nec
1391 2036 1502 2067 minor.
1520 2034 1587 2068 Per
1601 2033 1799 2068 irrisionem
1812 2034 1879 2068 hoc

1206 2085 1293 2119 dicit
1307 2087 1425 2120 Poeta.

1256 2153 1290 2183 9.
1312 2140 1387 2172 Γοι-
1406 2141 1596 2173 Pulmanu.
1615 2162 1666 2167 --
1686 2139 1829 2174 Grandis
1847 2149 1881 2173 ut

1201 2195 1358 2238 exiguam.
1377 2193 1542 2227 Fabulam
1563 2201 1670 2227 totam
1693 2192 1771 2227 vide
1788 2193 1881 2240 apud

1202 2247 1386 2280 Horatium
1408 2247 1469 2280 lib.
1490 2248 1542 2285 ΙΙ,
1559 2255 1620 2280 sat.
1643 2259 1710 2288 1113
1729 2247 1774 2280 cf.
1798 2259 1883 2293 quo-

1203 2313 1270 2346 que
1282 2299 1420 2333 Phaedri
1435 2301 1456 2333 l.
1469 2301 1485 2333 Ι
1495 2327 1503 2342 ,
1515 2301 1582 2334 fab.
1599 2313 1615 2333 2
1625 2305 1658 2341 ά,
1673 2309 1707 2333 et
1719 2300 1881 2334 nostratis

1204 2355 1392 2397 Lasommne
1419 2353 1647 2400 quantumvis
1669 2353 1880 2387 mediocrem

1204 2407 1449 2444 imitationem,
1469 2408 1526 2441 lib.
1544 2408 1582 2448 I,
1598 2408 1666 2441 sab.
1684 2419 1738 2441 ιιι,
1755 2407 1881 2441 Sensus

1203 2471 1251 2494 est
1263 2474 1270 2494 ;
1284 2461 1384 2494 Prius
1392 2461 1563 2495 Otacilius
1572 2473 1648 2494 rum
1655 2469 1882 2507 petur‚quam

1205 2515 1425 2560 Torquatum
1446 2527 1582 2560 {equare
1604 2514 1724 2559 possit.
