1978 3305
447 230 542 276 038

823 234 884 275 M.
908 234 1049 275 VAL.
1090 233 1474 276 MARTIALIS

584 319 754 363 Cirrata
779 318 881 363 loris
905 318 1093 363 horridis
1119 319 1288 380 Scythae
1312 318 1457 380 pellis,

585 389 685 446 Qua
708 388 932 450 vapulavit
952 391 1150 450 Marsyas
1173 388 1420 443 Celaeneus,

587 458 836 520 Ferulaeque
861 460 1024 513 tristes,
1055 469 1224 521 sceptra
1249 459 1611 522 paedagogorum,

586 531 790 585 Cessent,
813 539 857 574 et
881 529 986 574 Idus
1009 530 1228 574 dormiant
1253 531 1298 574 in
1323 530 1564 574 Octobres:

585 600 747 644 AEstate
768 601 891 661 pueri
914 602 948 645 si
973 600 1137 658 valent,
1165 601 1265 645 satis
1290 600 1476 645 discunt.

501 735 534 767 8.
562 732 748 780 Scuticaque
784 734 858 766 loris
890 734 1012 778 legunt
1038 732 1116 767 Ald.

447 786 666 819 Junt.Colin.
680 786 816 832 Langii,
831 786 958 832 Delph.
972 787 1118 820 Farnab.

447 839 609 872 Nostram
617 839 698 872 lect.
706 839 872 873 exhibent
884 838 965 873 edd.
977 839 1117 879 Bar-hou,

447 890 589 926 Schrev.
606 891 919 925 Maia—Cirrata.
932 892 1120 937 Flagellum

447 956 486 976 ex
500 944 583 978 loris
596 944 693 978 corii.
705 945 832 991 qu-ehae
842 945 936 990 pellis
945 971 954 985 ,
969 945 1036 978 hoc
1049 953 1100 978 est
1112 970 1122 985 ‚

450 996 639 1042 Scythicae:
659 998 797 1043 Scythae
809 1010 893 1031 vero
912 1009 953 1030 ex
974 998 1123 1042 pellibus

447 1050 680 1084 conficiebant
699 1051 845 1084 scuticas
860 1076 869 1091 ‚
895 1049 1024 1096 quibus
1049 1062 1125 1084 ser-

448 1115 508 1136 vos
531 1102 775 1148 delinquentes
803 1104 1028 1148 castigarent;
1056 1103 1123 1136 cir-

449 1164 591 1201 rataque
626 1157 725 1201 pellis
746 1181 755 1197 ‚
798 1156 872 1202 ipsa
911 1165 961 1190 est
995 1156 1125 1190 scutica

448 1209 641 1242 multorum
655 1210 811 1242 lororum
823 1234 832 1251 ,
847 1208 1125 1256 dependentium

450 1274 552 1295 nexu.

501 1328 534 1358 9.
568 1315 715 1359 Marsyas
746 1314 920 1361 Phrygius
938 1340 947 1356 ,
980 1315 1124 1361 insignis

448 1380 621 1408 musicus,
656 1376 689 1400 at
727 1381 835 1401 nimia
869 1377 1007 1402 tumens
1041 1377 1124 1402 artls

447 1433 517 1453 suae
538 1421 718 1466 superbia,
739 1433 848 1466 quum
871 1421 914 1454 ad
941 1429 1062 1456 cantus
1091 1430 1125 1455 et

448 1473 615 1507 tibiarum
631 1483 804 1507 certamen
822 1475 1021 1519 Apollinem
1040 1487 1123 1521 pro-

446 1535 599 1560 vocasset
611 1553 619 1567 ‚
632 1527 675 1560 ab
688 1540 730 1561 eo
746 1528 859 1562 victus
872 1536 907 1561 et
919 1540 1007 1561 saeve
1022 1528 1123 1562 casti-

446 1588 543 1624 gatus
563 1588 627 1614 est.
645 1580 749 1614 Ovid.
769 1581 913 1614 Metam.
926 1581 999 1622 VI,
1016 1581 1065 1614 sic
1080 1580 1124 1615 de

1179 734 1316 779 Marsya
1346 750 1359 763 «
1384 733 1439 766 Ah
1460 733 1582 779 piget!
1616 733 1660 766 ah
1689 746 1761 767 non
1786 743 1854 775 est,

1179 787 1349 820 clamabat
1365 811 1375 827 ‚
1414 786 1499 820 tibia
1534 785 1621 820 tanti
1641 786 1649 819 ἔ
1682 787 1854 820 Clamanti

1179 840 1267 873 cutis
1295 847 1345 873 est
1377 851 1532 873 summos
1559 838 1697 885 direpta
1717 852 1781 885 per
1806 851 1858 872 ar-

1181 900 1245 926 tus.
1263 910 1276 922 n
1304 892 1476 926 Celaeneus.
1498 892 1528 924 A
1557 892 1702 926 Celaenis
1723 891 1857 938 oppido

1181 944 1359 990 Phrygiae,
1375 944 1436 978 uhi
1450 945 1596 978 certavit
1609 944 1764 990 Marsyas
1776 957 1857 978 cum

1181 998 1359 1044 Apolline.

1241 1063 1298 1084 10.
1321 1050 1448 1083 Fet-alce
1462 1076 1470 1089 ,
1512 1062 1530 1083 a
1563 1049 1724 1083 feriendo
1743 1061 1751 1083 :
1776 1062 1857 1083 nam

1185 1102 1365 1149 paedagogi
1396 1102 1480 1135 olim
1514 1110 1549 1136 et
1577 1102 1706 1136 nostris
1735 1101 1859 1136 diebus

1187 1168 1374 1202 puerorum
1401 1155 1582 1202 pigrorum
1604 1168 1727 1189 manus
1748 1155 1859 1189 ferula

1184 1208 1384 1251 caedebant3
1403 1207 1497 1242 unde
1518 1221 1663 1254 regnare
1676 1209 1713 1241 in
1734 1208 1860 1242 scholis

1185 1262 1404 1296 dicebantur.
1425 1262 1552 1295 Juven.
1570 1261 1640 1295 Sat.
1655 1262 1688 1302 I,
1710 1261 1752 1295 15
1772 1274 1780 1294 :
1797 1261 1863 1296 Co·

1182 1316 1301 1350 lumel.
1324 1316 1374 1356 X,
1394 1316 1511 1349 Carm.
1536 1327 1578 1348 21
1604 1323 1638 1348 et
1657 1313 1740 1348 118.
1758 1314 1827 1348 En.

1242 1381 1298 1402 11.
1330 1368 1468 1402 Cessent.
1496 1369 1616 1413 Usque
1638 1366 1722 1400 dum
1746 1366 1861 1400 defer-

1182 1421 1301 1455 buerit
1312 1421 1437 1455 aestatis
1447 1421 1555 1461 calor,
1566 1420 1780 1465 defervescat
1789 1432 1863 1454 scu-

1184 1475 1260 1508 ticae
1285 1474 1475 1520 ferulaeque
1502 1473 1645 1507 saevitia.
1665 1494 1717 1499 --
1736 1473 1811 1507 Idus
1831 1474 1863 1505 in

1187 1527 1351 1562 Octobres.
1365 1527 1502 1569 Quibus
1520 1528 1590 1572 jam
1606 1527 1735 1560 fractus
1752 1526 1862 1568 calor,

1184 1589 1218 1614 et
1239 1588 1477 1626 temperatum
1499 1580 1634 1614 caelum.

1036 1727 1279 1783 LXIII.

658 1888 1023 1918 EPITAPHIUM
1065 1889 1290 1917 NOBlLls
1328 1867 1654 1916 ΜΑΤΒΟΝῘΕ,ῆι

516 2008 767 2051 MAiimoRA
789 2021 926 2067 parva
951 2005 1151 2066 quidem,
1178 2005 1250 2049 sed
1278 2023 1367 2050 non
1395 2022 1593 2060 cessura,
1620 2007 1787 2059 viator,

586 2076 773 2121 Mausoli
797 2078 908 2121 saxis
928 2076 1297 2137 Pyramidumque
1323 2075 1439 2137 legis.

523 2150 590 2192 Bis
617 2164 713 2191 mea
741 2149 942 2192 Romano
970 2156 1163 2208 spectata
1188 2157 1251 2191 est
1281 2148 1368 2190 vita
1395 2149 1605 2197 Terento,

500 2287 513 2301 *
533 2289 681 2335 Elegans
695 2288 933 2334 epitaphium,
950 2300 1023 2333 quo
1040 2288 1126 2321 Poe·

448 2351 497 2382 ta,
536 2354 679 2375 uxorem
714 2341 918 2387 cujusdam,
947 2341 1085 2374 felicem
1107 2354 1125 2374 a

447 2396 586 2437 liberis,
612 2404 770 2441 tempore
791 2395 965 2441 conjugii,
986 2407 1127 2439 μονογαι-

447 2449 525 2492 μίᾳ,
551 2457 682 2487 morte,
708 2449 872 2482 celebrat.

505 2514 535 2534 ι.
557 2503 732 2535 Mat-mora.
750 2502 878 2535 Sensus
894 2509 964 2534 est:
979 2501 1128 2534 Parvum

449 2553 590 2599 quidem
618 2555 787 2600 spectabis
810 2567 1046 2588 marmoreum
1075 2563 1130 2587 tu-

451 2608 582 2640 mulum
598 2633 607 2647 ,
624 2607 682 2641 sed
702 2609 790 2642 facta
803 2609 894 2654 leges
909 2617 1046 2642 internae
1061 2620 1131 2640 nw-

448 2674 564 2695 moriae
592 2669 803 2694 consecrata.

1241 2300 1258 2320 α
1267 2314 1274 2320 .
1290 2288 1320 2320 P
1326 2287 1557 2332 numidamque
1573 2288 1661 2331 legis.
1675 2288 1803 2321 Censet
1809 2290 1867 2332 ju-

1184 2344 1236 2385 gis
1249 2353 1312 2386 pro
1327 2340 1394 2373 hoc.
1408 2340 1599 2373 D'Or·lvans
1610 2339 1745 2385 legend.
1758 2340 1869 2387 Pyra-

1188 2394 1364 2440 midumque
1382 2393 1464 2438 leges
1483 2393 1600 2426 alii—
1615 2393 1756 2426 illausoli
1765 2395 1866 2426 saxis.

1190 2447 1268 2481 Lib.
1289 2447 1487 2492 Spectacul.
1506 2447 1709 2492 epigramm.
1727 2458 1751 2480 1.
1766 2459 1816 2480 νε.
1835 2446 1869 2480 5.

1247 2500 1279 2532 3.
1300 2501 1390 2532 l'ita.
1405 2500 1543 2545 Lipsius
1555 2500 1639 2545 legit
1656 2502 1747 2539 vitea,
1769 2507 1802 2533 et
1812 2511 1868 2532 re-

1192 2553 1257 2586 fert
1279 2552 1321 2586 ad
1341 2554 1541 2599 conjugium
1555 2579 1564 2594 ,
1583 2553 1653 2586 hoc
1675 2561 1722 2586 est
1737 2579 1746 2593 ‚
1767 2552 1869 2585 binos

1193 2607 1400 2645 Saeculares,
1427 2607 1563 2651 inquit,
1582 2605 1652 2639 vidi
1676 2613 1794 2650 nupta.
1820 2627 1869 2630 --

1196 2660 1250 2692 Bis
1268 2673 1334 2691 mea
1354 2660 1503 2692 Romam».
1526 2659 1600 2693 Huc
1619 2667 1669 2692 cst
1682 2684 1691 2697 ,
1707 2666 1744 2692 nt
1765 2659 1873 2691 intrr-
