1978 3305
449 244 546 296 2¹4

816 243 878 284 M.
904 243 1046 285 VAL.
1086 242 1478 285 MARTIALIS

1078 398 1220 453 XX.

923 559 982 587 IN
1021 538 1382 588 SANCTRAM.*

590 691 735 736 N1H11.
760 700 826 734 est
847 690 1044 734 miserius
1059 726 1071 747 ,
1091 706 1171 734 nec
1194 689 1385 752 gulosius
1408 691 1590 735 Sanctra
1603 727 1614 746 ‚

589 762 772 806 Rectam
796 770 978 805 vocatus
1003 777 1138 822 quum
1162 761 1356 805 cucurrit
1377 760 1433 805 ad
1455 777 1648 817 coenam,

590 832 737 890 Quam
761 841 828 876 tot
851 831 1028 886 diebus,
1048 831 1337 893 noctibusque
1359 832 1573 892 captavit3

587 903 672 946 Ter
694 902 834 963 poscit
856 903 951 964 apri
974 900 1200 963 glandulas
1214 937 1226 958 ,
1250 911 1405 963 quater
1424 901 1621 946 lumbum
1637 937 1649 957 ‚

589 974 646 1017 Et
671 972 911 1034 utramque
927 989 1081 1018 coxam
1109 972 1267 1034 leporis
1283 1006 1295 1027 ‚
1318 982 1362 1017 et
1386 972 1496 1016 duos
1517 989 1661 1017 armos
1684 989 1692 1015 ε

589 1044 685 1088 Nec
710 1043 926 1088 erubescit
945 1043 1140 1104 pejerare
1162 1043 1216 1087 de
1242 1043 1395 1098 turdo,

590 1115 646 1157 Et
667 1123 913 1158 ostreorum
937 1130 1091 1175 rapere
1113 1113 1268 1159 lividos
1289 1115 1437 1158 cirros.

590 1184 745 1229 Buccis
768 1183 978 1245 placentae
1000 1183 1220 1229 sordidam
1241 1184 1338 1228 linit
1359 1200 1575 1245 mappam.

590 1253 685 1299 Illic
710 1264 754 1299 et
777 1271 873 1299 uvae
894 1253 1165 1299 collocantur
1185 1254 1340 1300 ollares
1356 1289 1367 1309 ,

505 1397 520 1411 '¹
552 1400 742 1446 Raptorem
767 1411 965 1442 coenarum,
988 1408 1023 1433 et
1045 1412 1125 1434 ven-

453 1451 605 1486 ditorem
636 1450 838 1486 earumdem
859 1452 1039 1487 Sanctram
1068 1452 1130 1486 de-

454 1505 586 1540 scribit.

514 1570 544 1592 1.
564 1558 722 1591 Miserius.
741 1559 835 1592 Tum
857 1558 978 1592 labore
997 1567 1032 1592 et
1051 1559 1131 1592 offi-

455 1611 518 1645 ciis
541 1607 667 1658 quibus
691 1624 825 1645 coenam
849 1612 1002 1657 captavit
1022 1623 1030 1645 :
1053 1620 1131 1645 tum

457 1664 606 1698 maxime
621 1664 782 1706 avaritia,
800 1664 861 1711 qui
878 1665 1032 1699 analecta
1048 1677 1132 1698 ven-

456 1716 560 1751 didit.
567 1739 620 1745 —
629 1717 780 1752 Gulosius
789 1718 935 1752 Sanctra.
950 1717 1133 1765 Rapacius,

458 1771 520 1816 qui
538 1779 674 1805 tantum
692 1771 883 1805 suffuratus
901 1779 964 1805 est.

514 1836 547 1857 2.
561 1824 691 1857 Rectam
704 1832 846 1858 vocatus.
862 1825 976 1866 Quam
990 1836 1132 1858 revoca-

456 1884 554 1911 verat
567 1876 788 1911 Domitianus
799 1903 809 1918 ‚
827 1877 972 1911 sublatis
992 1886 1131 1924 sportu-

458 1929 512 1964 lis.
529 1929 623 1964 Vide
640 1929 701 1963 lib.
720 1931 774 1972 11,
790 1931 900 1976 epigr.
920 1943 1014 1964 1,x1x.
1034 1931 1132 1964 Recta

458 1995 574 2025 coena,
591 1983 665 2017 sive
685 1983 832 2017 honesta
852 1992 886 2017 et
902 1983 1055 2017 liberalis
1070 2010 1079 2026 ‚
1096 1984 1132 2017 in

458 2048 527 2082 qua
563 2035 708 2070 clientes
738 2039 846 2069 vocati
880 2037 1133 2071 accumbebant

457 2102 541 2123 cum
557 2089 726 2135 patronis.
743 2089 810 2124 En.

512 2146 545 2183 4.
579 2143 643 2176 Ter·
654 2144 769 2188 poscit.
793 2142 1025 2177 Liberaliores
1044 2156 1131 2177 con-

454 2195 628 2230 vivatores
642 2195 827 2230 clientibus
843 2204 878 2230 et
895 2196 1051 2230 convivis
1069 2209 1132 2243 po-

456 2257 615 2284 testatem
641 2248 814 2283 faciehant
837 2247 1030 2296 poscendi,
1057 2261 1133 2295 qnae

456 2302 599 2336 vellent.
610 2322 662 2329 ·—
675 2301 868 2337 Glandulas.
879 2302 973 2336 Vide
986 2302 1048 2336 lib.
1062 2303 1115 2336 III
1125 2329 1134 2343 ‚

455 2355 565 2401 epigr.
588 2367 716 2397 Lxxxx,
740 2368 792 2390 vs.
819 2369 874 2390 20.
901 2355 989 2390 Sunt
1013 2368 1133 2390 carnes

457 2408 615 2453 quaedam
641 2409 775 2443 callosae
803 2417 837 2442 et
863 2407 1019 2443 delicatae
1043 2408 1133 2443 circa

455 2462 628 2495 cervicem
659 2461 732 2507 apri
761 2474 769 2495 ε
801 2462 941 2496 lumbus
968 2475 1052 2496 vero
1082 2470 1132 2496 est

455 2514 567 2548 media
587 2527 665 2560 pars
685 2515 761 2561 apri
789 2515 824 2548 in
852 2524 920 2549 tres
946 2524 1058 2561 partes
1077 2514 1130 2548 di-

457 2567 533 2600 visi.
557 2568 623 2601 En.

514 2620 546 2653 5.
570 2621 740 2665 L'Iramquc
759 2635 879 2653 rosam.
901 2622 994 2654 Coxa
1016 2630 1129 2666 postc-

459 2674 590 2707 riorum
616 2673 744 2719 pcduin
770 2686 848 2719 pais
873 2682 922 2707 cst
950 2675 1129 2720 superior:

1188 1412 1327 1441 armus,
1347 1400 1564 1434 anteriorum
1585 1411 1594 1433 :
1618 1399 1746 1445 leporis
1767 1408 1862 1434 utra·

1189 1465 1258 1500 que
1281 1452 1425 1497 optima.
1449 1449 1520 1486 En.

1243 1507 1275 1539 6.
1294 1507 1453 1551 Pejerare.
1470 1506 1548 1539 Hoc
1564 1514 1615 1539 est
1626 1531 1635 1546 ,
1655 1517 1764 1551 quum
1781 1505 1864 1539 sub·

1188 1557 1290 1592 duxit
1308 1557 1446 1600 turdos,
1460 1571 1533 1592 non
1549 1557 1659 1604 pudet
1676 1558 1789 1604 ipsum
1806 1560 1863 1604 ju·

1189 1624 1266 1645 rare
1282 1611 1348 1645 sibi
1368 1625 1440 1645 non
1458 1611 1563 1645 fuisse
1580 1611 1769 1658 appositos.

1244 1678 1279 1710 7.
1308 1665 1490 1698 Ostreorum
1511 1665 1622 1699 lividos
1642 1667 1752 1698 cirros.
1772 1663 1865 1698 Cirri

1188 1717 1334 1763 proprie
1364 1718 1477 1752 crines
1503 1727 1607 1761 sunt;
1635 1716 1697 1752 sed
1720 1717 1778 1751 hic
1807 1729 1863 1751 su-

1190 1780 1338 1805 muntur
1358 1784 1423 1817 pro
1444 1771 1543 1805 fibris
1569 1780 1766 1805 ostreorum
1790 1783 1862 1804 car-

1189 1823 1244 1857 nis
1261 1825 1415 1858 colorem
1432 1824 1685 1865 referentibus,
1710 1822 1803 1858 unde
1825 1824 1865 1855 li-

1192 1877 1278 1910 vidos
1304 1886 1415 1912 vocat.
1446 1878 1572 1912 Sensus
1604 1885 1654 1911 est
1681 1890 1689 1911 :
1722 1877 1775 1910 Ab
1805 1877 1865 1909 illo

1189 1930 1355 1964 helluone
1381 1931 1459 1977 rapi
1485 1930 1589 1964 etiam
1615 1938 1740 1964 ostrea.
1761 1930 1866 1963 Forte

1190 1995 1256 2029 per
1273 1993 1374 2017 ostrea
1391 1983 1582 2030 intelligam
1596 1984 1762 2023 locustas,
1779 1991 1866 2016 asta-

1191 2049 1248 2070 cos
1263 2063 1272 2080 ,
1301 2037 1442 2083 squillas
1475 2046 1509 2071 et
1539 2050 1681 2071 cancros
1715 2049 1864 2083 quorum

1192 2088 1383 2136 pedunculi
1408 2099 1442 2124 et
1470 2089 1609 2130 caudae,
1637 2090 1734 2123 velut
1761 2089 1866 2130 cirri,

1191 2143 1388 2190 crispantur
1409 2151 1443 2177 et
1463 2142 1736 2189 protenduntur.
1756 2143 1824 2176 Ευ.

1247 2198 1280 2231 8.
1301 2196 1399 2229 Dulci
1411 2196 1560 2241 placenta
1574 2194 1630 2230 ed.
1645 2204 1715 2230 ant.
1730 2196 1866 2230 Ferrar.

1191 2263 1246 2283 an.
1262 2263 1274 2283 1
1286 2254 1330 2296 47
1342 2262 1354 2283 1
1365 2276 1372 2283 .
1385 2248 1463 2283 Ald.
1480 2250 1579 2283 Junt.
1594 2249 1708 2283 Colin.
1726 2249 1865 2295 Gryph-

1191 2303 1304 2336 Plant.
1328 2303 1471 2337 Junian.
1498 2304 1608 2349 Lang.
1630 2303 1759 2349 Delph.
1780 2302 1867 2336 aliae.

1193 2357 1305 2389 Dulcis
1332 2356 1479 2401 placeam
1517 2355 1704 2389 Pulmanni
1742 2354 1866 2389 codex.

1194 2409 1305 2443 Buccis
1319 2410 1476 2453 placenta:
1494 2408 1605 2444 codex
1625 2409 1846 2443 Florentinus
1858 2434 1867 2450 ,

1193 2476 1256 2508 pro
1285 2480 1297 2491 ι-
1319 2463 1457 2496 bucceis
1478 2481 1490 2491 n
1510 2489 1518 2504 ‚
1540 2463 1560 2495 i.
1580 2476 1608 2495 e.
1631 2462 1797 2495 frustulis.
1817 2483 1867 2488 —-

1193 2517 1305 2549 Buccis
1318 2516 1483 2560 placentas.
1500 2516 1615 2556 Quam
1633 2525 1664 2547 et
1682 2515 1768 2549 clam
1785 2516 1867 2547 sul)-

1191 2568 1330 2603 ‹luctam
1350 2582 1472 2614 mappa
1490 2568 1699 2602 involvebat.
1721 2569 1797 2602 Lib.
1816 2568 1845 2601 Χ
1858 2594 1867 2606 .

1191 2623 1298 2667 epigr.
1318 2635 1359 2661 v;
1380 2631 1412 2655 et
1433 2622 1491 2655 lib.
1511 2622 1584 2661 111,
1604 2621 1713 2667 epigr.
1731 2634 1797 2654 vti.

1245 2690 1277 2715 ι).
1313 2676 1387 2708 I'vn'
1411 2676 1534 2708 ollares.
1563 2675 1649 2716 Qua:
1678 2687 1803 2719 nempe
1831 2674 1863 2706 in
