1978 3305
520 232 615 279 500

888 231 947 272 M.
973 229 1112 271 VAL.
1147 215 1539 271 MARTtALIs

588 319 761 364 Pervius
786 317 963 376 exiguos
986 314 1210 358 habitabas
1231 323 1330 357 ante
1352 316 1555 368 Penates,

656 388 844 432 Plurima
868 401 953 446 qua
974 384 1164 428 medium
1189 386 1328 428 Roma
1351 384 1518 427 terebat
1537 385 1631 428 iter.

588 462 714 503 Nunc
745 467 818 501 tua
845 456 1052 500 Caesareis
1083 456 1316 514 cinguntur
1341 453 1486 497 limina
1510 454 1657 509 donis3

655 531 709 571 Et
736 527 828 570 fora
860 536 924 569 tot
950 539 1152 568 numeras
1167 560 1178 579 3
1202 527 1332 576 Jane,
1354 534 1461 584 quot
1487 540 1563 567 ora
1586 528 1709 584 geris.

589 603 641 643 At
668 608 734 651 tu,
766 605 912 641 sancte
942 605 1082 656 pater,
1112 604 1233 638 tanto
1256 611 1337 655 pro
1360 611 1538 638 munere
1564 605 1735 655 gratus,

659 671 809 711 Ferrea
833 675 1041 727 perpetua
1068 663 1256 708 claustra
1287 674 1408 708 tuere
1433 680 1538 708 sera.

584 807 746 878 Πρόσθε
760 807 829 866 μὲν
852 799 1062 848 ουτιδανὸν
1084 806 1254 864 μέταρον
1278 804 1515 864 περίτρητον
1538 806 1660 855 ἔναιες
1675 840 1684 856 ς

654 868 708 919 Hi
730 867 851 935 Ρώμη
876 876 1053 934 μεσάτην
1074 871 1205 935 ἔτριὸε
1221 875 1443 934 λαοφόρον·

588 950 672 992 Νῦν
695 942 734 989 δ’
756 948 922 1007 ἔργοισιν
947 943 1119 993 ἄνακτος
1139 946 1421 1005 ἐπιστρέφεται
1443 946 1507 987 σέο
1527 945 1621 994 ναὸς

658 1009 765 1070 lave,
788 1017 924 1065 τόσαις
944 1017 982 1057 τ’
1003 1015 1185 1075 ἀγοραῖς,
1203 1016 1305 1057 ὅσσα
1321 1015 1518 1074 πρόσωπα
1537 1017 1677 1075 φέρεις.

591 1081 686 1131 Ᾰλλ’
708 1085 926 1148 εὐεργεσίης
947 1087 993 1128 σὺ
1014 1086 1215 1135 τοσαύτης
1237 1087 1309 1128 οὐκ
1327 1083 1543 1144 ἀχάριστος
1557 1119 1567 1138 .,

658 1158 824 1200 Χάλκεεῖ
842 1150 985 1206 ἀϊδίοις
1006 1156 1093 1214 ἴσχε
1114 1154 1283 1215 θύρετρα
1306 1159 1482 1214 μοχλοῖς.

517 1305 639 1342 rogent
650 1322 660 1337 ‚
679 1313 692 1325 ι»
708 1303 774 1329 etc.
789 1294 845 1328 Sic
858 1293 925 1327 Ov.
940 1293 1030 1326 Fast.
1047 1293 1083 1334 I,
1100 1305 1113 1325 1
1126 1304 1139 1324 1
1150 1304 1190 1336 9:

522 1370 534 1380 ..
551 1351 609 1383 Me
623 1361 730 1395 penes
743 1355 794 1381 est
808 1359 917 1380 unum
931 1346 1018 1379 vasti
1035 1344 1191 1379 custodia

519 1402 640 1436 mundi
662 1406 669 1427 ἶ
690 1402 734 1434 Et
761 1403 816 1446 jus
852 1398 1012 1433 vertendi
1041 1397 1192 1431 cardinis

518 1468 623 1489 omne
636 1467 752 1488 meum
763 1461 825 1486 est.
836 1470 848 1481 n
866 1453 956 1498 Lege
970 1451 1191 1484 Mam-obium

520 1509 577 1542 lib.
604 1510 636 1550 1,
661 1507 802 1540 Saturn.
823 1518 897 1551 cap.
918 1519 952 1550 9.

575 1562 608 1594 3.
630 1561 769 1593 Pet-vim.
798 1559 908 1600 Quia,
930 1565 969 1590 ut
996 1559 1066 1601 jam
1089 1568 1192 1601 supra

521 1613 719 1646 notavimus
747 1612 924 1656 collegisse
956 1608 1131 1642 Raderum
1153 1621 1194 1642 ex

521 1666 641 1700 Servio
653 1690 661 1704 ,
672 1664 752 1698 Jani
769 1664 939 1709 templum
952 1670 1102 1708 quatuor
1112 1673 1194 1706 por-

521 1729 570 1752 tas
584 1718 732 1752 habebat
750 1717 784 1750 in
808 1717 884 1750 foro
904 1715 1122 1748 Transitorio
1135 1740 1142 1754 ‚
1163 1722 1197 1747 et

521 1772 600 1804 Jani
622 1771 705 1803 olim
728 1769 948 1802 transitiones
970 1767 1071 1800 ‹lictae
1093 1775 1194 1807 sunl,

521 1823 618 1870 quod
649 1823 776 1868 passim
806 1820 1065 1855 transeuntibus
1101 1828 1195 1864 pate-

521 1884 609 1910 rent.
625 1874 718 1908 Vide
732 1874 942 1907 Marlianum
964 1873 1023 1906 lib.
1040 1873 1105 1914 IV,
1120 1883 1193 1917 cap.

523 1932 554 1963 8.
567 1927 762 1963 Cicerolib.
774 1928 827 1967 ΙΙ,
842 1925 886 1959 de
901 1926 1031 1959 Natura
1041 1926 1195 1957 Deorum

520 1982 566 2015 ait
584 1993 591 2014 :
620 1999 633 2011 «
650 1981 839 2025 Quumque
858 1979 893 2011 in
913 1978 1075 2011 omnibus
1093 1977 1196 2010 rebus

520 2035 592 2067 vim
614 2034 785 2067 haberent
812 2031 997 2064 maximam
1030 2029 1142 2075 prima
1162 2038 1197 2062 et

519 2095 689 2125 extrema,
702 2085 895 2130 principem
916 2085 951 2116 in
971 2081 1195 2116 sacrificando

518 2140 647 2173 Janum
685 2149 757 2170 esse
794 2137 1004 2177 voluerunt,
1028 2134 1125 2180 quod
1153 2136 1195 2168 ab

518 2191 635 2225 eundo
657 2201 786 2223 nomen
807 2197 857 2223 est
873 2188 1017 2222 ductum
1036 2200 1043 2221 :
1060 2200 1101 2221 ex
1123 2201 1193 2233 qno

518 2244 739 2278 transitiones
764 2242 892 2287 perviae
913 2242 1012 2281 Jani,
1036 2241 1194 2286 foresque

519 2298 551 2330 in
589 2296 769 2329 liminibus
809 2295 1034 2340 profanarum
1067 2293 1192 2329 aedium

517 2351 636 2382 Januae
659 2348 898 2381 nominantur.
920 2364 932 2376 u

571 2407 604 2442 4.
633 2402 770 2434 Tem-hat
791 2399 900 2434 codex
922 2399 1056 2432 Beverl.
1081 2399 1194 2432 minus

518 2457 614 2487 liene.
629 2455 825 2486 -l’larinm
840 2480 847 2492 ,
863 2461 928 2486 etc.
947 2453 1021 2485 Hoc
1038 2461 1103 2489 est.
1121 2464 1191 2497 quo

516 2508 592 2540 loco
618 2505 808 2540 multitudo
834 2507 1074 2538 Romanorum
1100 2505 1189 2537 viam

514 2559 663 2593 mediam
689 2560 837 2595 terebat:
860 2571 1009 2603 namque
1030 2558 1061 2590 in
1087 2558 1190 2590 Urbis

1252 1292 1530 1338 frequentissima
1546 1301 1579 1325 et
1595 1291 1709 1326 media
1729 1302 1825 1339 parte
1842 1295 1924 1327 olim

1251 1345 1420 1389 templum
1436 1345 1526 1378 Jani.

1307 1398 1338 1431 5.
1373 1398 1466 1431 Nunc
1501 1406 1555 1430 tua
1595 1397 1761 1432 Ctesareis.
1790 1399 1925 1445 Nempe

1252 1449 1354 1483 donis
1385 1451 1576 1484 Domitiani
1602 1459 1636 1484 et
1666 1452 1816 1485 Nervae:
1842 1461 1924 1486 tem<

1251 1503 1350 1548 plum
1372 1503 1465 1536 enim
1487 1504 1663 1538 inchoavit
1682 1505 1902 1540 Domitianus
1919 1533 1926 1543 ,

1253 1555 1350 1600 quod
1371 1556 1484 1589 Nerva
1506 1557 1664 1591 absolvit.

1309 1611 1342 1642 6.
1356 1610 1487 1651 Etfora
1505 1617 1551 1642 tot
1565 1623 1705 1643 numeras
1716 1637 1724 1650 ,
1743 1619 1808 1644 etc.
1828 1612 1928 1644 Nein-

1255 1673 1318 1707 pe,
1336 1670 1499 1707 quatuor,
1516 1671 1614 1695 vetus
1630 1664 1824 1696 Romanum
1842 1690 1850 1704 ,
1865 1665 1926 1696 Ju-

1255 1714 1340 1747 lium
1351 1740 1359 1754 ‚
1374 1716 1578 1759 Augustum,
1591 1716 1858 1750 Transitorium.
1878 1718 1928 1750 De

1256 1767 1430 1800 frontibus
1458 1768 1538 1800 Jani
1565 1767 1717 1802 diximus
1740 1769 1798 1801 lib.
1818 1769 1925 1807 VIII.

1256 1820 1363 1865 epigr.
1385 1832 1430 1862 11,
1447 1833 1523 1865 sup.
1543 1820 1636 1854 citat.

1311 1885 1344 1916 7.
1359 1872 1475 1905 Sancte
1489 1881 1591 1917 pater.
1616 1873 1771 1914 Quidam
1802 1874 1927 1908 intelli-

1255 1932 1341 1970 gunt
1361 1925 1499 1970 J1qn’ter,·
1521 1926 1629 1966 male,
1652 1934 1690 1959 ut
1709 1935 1814 1972 patet.
1840 1927 1927 1961 Nam

1256 1978 1313 2011 hic
1334 1978 1423 2011 nihil
1437 1977 1480 2012 de.
1492 1979 1601 2019 Jove;
1622 1987 1656 2012 et
1674 1978 1816 2013 aliunde
1833 1979 1929 2013 addi-

1257 2038 1328 2063 tum
1342 2030 1431 2064 illud
1446 2043 1573 2065 nomen
1586 2033 1773 2077 saepissime
1784 2045 1802 2065 a
1819 2033 1930 2078 poetis

1256 2083 1418 2116 omnibus
1440 2083 1524 2124 diis,
1546 2085 1605 2129 qui
1623 2093 1702 2118 ante
1715 2085 1838 2119 Jovem
1859 2087 1928 2119 nati

1257 2144 1290 2168 et
1306 2136 1480 2169 celebrati.
1494 2137 1549 2169 Sir
1566 2135 1735 2171 Saturnus
1747 2164 1756 2177 ‚
1769 2147 1834 2172 etc.

1310 2191 1343 2223 8.
1355 2189 1471 2222 Ferrea
1481 2197 1642 2234 perpetua.
1659 2190 1734 2223 Hoc
1744 2200 1794 2224 cst
1804 2216 1813 2230 ,
1830 2191 1930 2224 nobi<

1254 2242 1401 2274 concilia
1416 2254 1536 2287 pacem
1550 2244 1819 2277 aeternam.Jani
1836 2244 1928 2277 enim

1257 2295 1429 2340 templum
1454 2304 1611 2341 tempore
1640 2296 1720 2329 belli
1745 2305 1903 2342 apertum
1922 2323 1930 2331 ,

1256 2347 1348 2392 pacis
1383 2356 1541 2394 tempore
1577 2349 1730 2382 clausum
1773 2349 1850 2383 fuit.
1881 2371 1925 2376 -

1258 2400 1373 2432 Fert-ea
1396 2409 1510 2434 autem
1541 2403 1685 2436 ἐπίθετον
1715 2411 1765 2435 est
1787 2403 1932 2436 solenne

1254 2451 1295 2485 atl
1315 2448 1393 2486 Jani
1413 2454 1596 2499 templum.
1619 2455 1752 2488 Ennius
1771 2468 1778 2487 ε
1804 2474 1817 2485 «ι
1834 2456 1930 2488 Post-

1252 2518 1355 2551 quam
1376 2505 1550 2540 discordia
1569 2516 1654 2541 tetra
1677 2508 1761 2541 Belli
1784 2508 1929 2542 feri-atm-

1254 2567 1366 2603 postes
1381 2587 1388 2596 ,
1408 2568 1594 2605 portasque
1614 2561 1765 2605 refregit.
1787 2578 1799 2588 u
