1978 3305
319 227 900 276 EPIGRAMMATUM
937 226 1059 270 LIB.
1083 227 1198 270 VII.

1357 219 1451 282 257

631 388 893 445 LXVII.

552 545 607 573 IN
657 525 969 572 PssiLAENrM.

268 679 484 722 PAEDICAT
507 690 667 735 pueros
693 673 826 716 tribas
847 671 1046 716 Philaenis
1062 707 1072 723 ‚

271 749 329 791 Et
352 745 558 805 tentigine
587 743 740 788 saevior
765 742 909 785 mariti

273 815 481 861 Undenas
502 823 630 858 vorat
649 813 694 856 in
715 812 783 856 die
803 801 981 873 puellas.

274 888 490 946 Harpasto
513 899 687 944 quoque
708 881 922 943 subligata
945 881 1081 936 ludit,

274 958 332 1000 Et
353 955 546 999 flavescit
566 953 711 1014 haphe
725 988 737 1008 ,
759 967 998 1014 gravesque
1018 951 1190 995 draucis

274 1025 474 1069 Halteras
495 1022 608 1068 facili
631 1032 746 1067 rotat
769 1021 956 1075 lacerto,

276 1098 334 1140 Et
354 1096 471 1157 putri
493 1093 706 1137 lutulenta
729 1093 782 1136 de
802 1092 1001 1153 palaestra

276 1167 411 1210 Uncti
432 1165 611 1208 verbere
637 1163 815 1223 vapulat
836 1163 1051 1223 magistri:

278 1236 371 1280 Nec
394 1244 537 1280 coenat
562 1235 706 1295 prius,
726 1243 801 1277 aut
821 1232 1036 1276 recumbit
1056 1242 1177 1287 ante,

126 1394 158 1416 1.
170 1381 318 1414 Paedc'cat
333 1391 457 1424 pueros.
477 1382 531 1423 Τῷ
552 1375 743 1421 aliaeu.—

75 1436 106 1468 T
105 1435 188 1468 ribas
213 1433 378 1467 Plziloenis.
403 1432 566 1465 Lacerata
590 1429 744 1463 carmine

70 1487 262 1532 Polycratis
274 1512 282 1527 ,
311 1497 419 1531 quum
451 1483 639 1516 mulierum
667 1493 744 1515 om-

70 1541 171 1574 nium
204 1546 291 1572 esset
318 1536 505 1571 castissima
524 1562 533 1577 ‚
563 1536 591 1568 si
624 1547 745 1568 verum

72 1592 172 1639 quod
190 1591 234 1625 de
253 1604 292 1625 ea
307 1590 427 1624 scribit
445 1588 629 1622 AEschrion
652 1586 745 1633 apud

73 1646 280 1679 Athenaeum
291 1668 300 1684 ‚
311 1643 441 1676 LVIII.
451 1640 520 1674 Sed
533 1640 747 1674 AEschrionis

73 1698 232 1745 apologia
245 1697 334 1730 nihil
345 1708 420 1729 eam
430 1694 520 1740 juvit
533 1692 626 1740 apud
636 1701 749 1739 poste-

74 1764 143 1786 ros.
160 1750 296 1784 Herald.
312 1769 365 1776 —-
382 1749 414 1781 T
412 1747 508 1781 ribas.
529 1746 710 1780 Fricatrix.

130 1817 161 1838 ει.
186 1804 365 1848 Tentigine,
390 1809 456 1834 etc.
475 1798 649 1833 Libidinis
669 1811 752 1844 pru-

75 1856 188 1902 rigine
203 1855 310 1901 magis
326 1853 536 1887 inflammata
557 1863 661 1897 quam
680 1863 750 1885 ma-

76 1910 174 1944 ritus.
285 1916 287 1921 ’

120 1962 154 1996 3.
164 1962 269 1994 Vorat
277 1962 310 1993 in
317 1959 505 2004 diepuellas.
515 1955 751 1996 Λεσῧισίζουσα,

77 2015 289 2060 φοινικίζουσα
305 2038 314 2055 ,
339 2012 393 2046 καὶ
417 2009 585 2058 τρίδουσα.
608 2009 750 2043 Gruter.

77 2068 160 2114 legit
178 2067 278 2100 dolat.

135 2124 168 2161 4.
186 2120 352 2164 Harpasto
369 2129 498 2163 quoque.
514 2116 593 2150 Lib.
608 2116 674 2155 IV,
693 2126 750 2159 ep.

81 2186 160 2214 xxx,
179 2185 230 2205 vs·
250 2170 524 2214 6.—Subligata
538 2168 630 2201 ‘udin
648 2168 754 2200 Veste

83 2224 274 2266 subducta3
293 2223 369 2263 vel,
387 2221 553 2267 subligari
574 2233 646 2254 usa.

121 2316 124 2319 ¹
139 2278 172 2311 5.
204 2277 236 2310 F
237 2277 361 2308 [uvescit
387 2275 497 2320 haphe.
529 2275 571 2306 In
598 2273 755 2319 palaestra

83 2329 237 2364 flavescit
248 2327 426 2374 aspergine
441 2338 571 2360 arenae:
585 2326 632 2360 ita
646 2325 757 2359 Ache-

83 2385 161 2417 lous
178 2394 260 2416 cum
278 2380 428 2414 Hercule
453 2380 587 2412 luctans
611 2379 646 2412 in
670 2378 756 2411 Ovi-

85 2436 135 2470 dii
155 2436 242 2468 Met.
262 2434 333 2473 IX,
351 2435 394 2466 36
408 2458 417 2473 ,
431 2447 444 2459 1«
458 2432 563 2465 fulvae
582 2439 676 2464 tactu
698 2430 758 2464 fla-

84 2488 192 2523 vescit
206 2498 332 2520 arenae.
350 2503 363 2514 ι»
375 2480 446 2530 lup-h
456 2493 572 2518 autem
584 2491 683 2516 tactus
695 2492 755 2517 est.

86 2541 234 2587 Epictet.
255 2538 397 2572 Enchir.
419 2549 495 2583 cap.
524 2537 568 2569 26
585 2548 593 2569 ε
614 2529 692 2570 Ῑῖστι
718 2534 756 2569 δὲ

87 2596 140 2629 ὅτε
153 2595 245 2637 χεῖρα.
258 2593 380 2633 βαλεῖν,
395 2591 507 2635 σφυρὸν
519 2589 669 2634 στρέψαι,
684 2593 759 2622 πολ·

87 2648 142 2682 λὴν
157 2647 237 2689 ἁφὴν
250 2641 684 2687 καταπιεῖν.-6νανες([ιιε,
694 2649 757 2675 etc.

198 2718 258 2758 II.

802 1377 846 1410 Et
858 1375 1016 1422 pondera
1029 1377 1088 1410 illa
1101 1377 1264 1422 plumbea
1278 1390 1337 1411 seu
1354 1378 1478 1421 ferrea,

803 1429 942 1473 corpori
962 1429 1156 1463 exercendo
1175 1430 1209 1463 in
1229 1430 1426 1477 Gymnasiis
1446 1441 1480 1466 et

803 1482 936 1516 Balneis
959 1481 1132 1524 adhibita,
1154 1484 1207 1515 vel
1236 1483 1319 1529 ipsis
1342 1484 1480 1530 grandi-

804 1536 869 1568 bus
902 1534 1038 1568 draucis
1074 1536 1190 1580 gravia
1209 1561 1218 1577 ,
1256 1537 1333 1581 agili
1368 1545 1480 1571 versat

805 1600 922 1621 manu.
934 1586 1026 1621 Vide
1043 1588 1104 1621 lib.
1119 1589 1220 1629 XIV,
1238 1590 1348 1635 epigr.
1363 1603 1478 1624 vaur

806 1649 839 1673 et
852 1653 951 1682 xL1x3
963 1648 996 1673 et
1008 1641 1134 1674 Juven.
1147 1641 1286 1683 Sat.V1‚
1297 1649 1316 1682 4
1325 1656 1342 1676 2
1351 1655 1368 1675 2
1380 1669 1389 1684 ,
1402 1656 1480 1688 quae

805 1693 891 1727 huic
906 1694 1147 1739 epigrammati
1165 1704 1349 1728 consonat.

861 1748 895 1779 6.
928 1747 1065 1779 Alter-no
1087 1747 1183 1790 facili
1214 1747 1251 1780 in
1282 1746 1362 1781 edd.
1395 1757 1478 1782 vett.

807 1799 940 1832 Alteras
955 1799 991 1832 h.
1006 1799 1029 1832 l.
1043 1799 1222 1833 substituit
1234 1801 1390 1834 Turneb.
1407 1814 1481 1834 non

808 1864 827 1885 e
851 1853 1074 1895 conjectura,
1099 1861 1139 1885 ut
1162 1853 1230 1894 ait,
1254 1852 1315 1886 sed
1340 1854 1481 1887 libraria

808 1903 890 1937 fide.
925 1903 1049 1939 Codex
1083 1905 1271 1938 Pulmanni
1307 1907 1482 1940 Alter-nans

809 1957 985 2002 exprimit.

864 2023 899 2054 7.
919 2010 1025 2043 Patri.
1038 2010 1132 2044 Male
1147 2011 1255 2045 olenti
1270 2012 1312 2044 ab
1329 2012 1418 2045 oleo.
1430 2032 1481 2039 —

811 2063 980 2095 Lutulenta
991 2089 1000 2103 ‚
1021 2071 1085 2096 etc.
1107 2062 1289 2098 Ceromate
1305 2076 1323 2096 e
1339 2065 1414 2098 luto
1430 2065 1483 2098 in-

811 2123 930 2149 uncta.

867 2169 900 2201 8.
925 2168 1019 2201 Uncti
1039 2171 1193 2214 magistri.
1216 2170 1342 2215 Aliptae
1362 2183 1487 2205 manus

812 2220 947 2265 crepitu
965 2220 1057 2254 inter
1078 2220 1291 2266 ungendum.
1314 2222 1406 2256 Vide
1425 2224 1486 2257 Ju-

813 2274 923 2306 venal.
941 2274 1018 2307 loco
1033 2286 1135 2319 supra
1155 2274 1270 2307 citato.
1284 2297 1336 2301 —-
1348 2276 1485 2310 Verbere

816 2326 956 2370 vapulat.
980 2326 1066 2358 Nam
1089 2335 1122 2359 et
1141 2326 1175 2358 hi
1205 2329 1378 2372 magistri,
1398 2343 1485 2375 quos

815 2379 995 2416 ἐπιστάτας
1014 2378 1126 2412 Graeci
1148 2378 1290 2422 dicunt,
1305 2382 1362 2425 jus
1383 2383 1487 2429 virgae

813 2431 1002 2464 habebant.

870 2497 903 2527 9.
920 2483 988 2516 Nec
1001 2491 1114 2524 coenat,
1127 2493 1193 2518 etc.
1207 2486 1335 2520 Juven.
1350 2487 1490 2529 Sat.V1‚

821 2540 905 2579 429.
923 2537 1116 2570 «sextarius
1134 2536 1220 2571 alter
1237 2539 1391 2573 Ducitur
1410 2550 1490 2574 ante

818 2589 938 2621 cibum
950 2612 959 2628 ‚
970 2588 1127 2622 rabidam
1139 2590 1289 2625 facturus
1302 2595 1435 2628 orexim
1452 2612 1465 2624 ι
1480 2619 1490 2633 ,

820 2649 884 2675 etc.
899 2640 992 2674 Vide
1010 2641 1071 2674 lib.
1084 2643 1129 2682 V,
1148 2643 1259 2689 epigr.
1280 2658 1357 2679 Lxx.

1197 2731 1249 2775 ¹7
