1978 3305
367 208 950 252 EPIGRAMMATUM
987 209 1110 251 LIB.
1158 209 1210 249 Χ.

1394 205 1488 252 535

712 356 873 411 LIX.

392 512 444 540 [N
482 511 809 540 DELICATUM
847 510 1155 540 LECTOREM.
1176 491 1195 509 ⁴

163 622 461 666 CONSUMPTA
487 629 551 663 est
576 635 664 663 uno
689 620 720 662 si
747 618 948 662 lemmate
973 619 1152 679 pagina,
1180 621 1357 676 transis;

234 692 291 733 Et
312 689 514 733 breviora
539 689 637 744 tibi,
668 705 756 732 non
785 688 965 750 meliora
989 688 1174 749 placent.

165 761 321 815 Dives,
343 769 387 803 et
412 776 463 803 ex
486 760 606 803 omni
627 760 767 820 posita
789 769 854 803 est
876 760 1087 803 instructa
1108 759 1290 803 macello

234 832 371 874 Coena
397 829 493 885 tibi,
519 829 594 874 sed
616 838 658 872 te
683 837 842 874 mattea
868 828 959 873 sola
979 828 1147 889 juvant.

165 901 265 945 Non
295 916 404 961 opus
434 909 498 944 est
528 899 653 943 nobis
682 901 862 944 nimium
893 899 1054 944 lectore
1084 899 1249 961 guloso.

235 973 363 1014 Hunc
386 969 511 1026 volo,
536 971 611 1031 qui
637 969 714 1014 fiat
734 987 822 1015 non
846 971 936 1014 sine
961 986 1073 1031 pane
1096 979 1226 1014 satur.

148 1087 162 1102 ¹
175 1092 324 1125 Excusat
337 1091 495 1137 longiora
509 1091 767 1136 epigrammata.

148 1165 200 1171 —
220 1143 318 1177 Idem
341 1144 413 1178 fere
436 1152 487 1177 est
523 1151 770 1189 argumentum

97 1197 341 1242 elegantissimi
360 1196 616 1243 epigrammatis
637 1208 707 1241 quo
721 1195 772 1229 di-

96 1251 248 1284 stichum
274 1258 307 1283 et
330 1247 526 1292 ὃεκοίστιχον
549 1242 600 1292 (le
617 1246 770 1290 Diaeain)

96 1311 275 1348 comparat
295 1302 438 1341 Lebrun,
465 1302 525 1334 lib.
554 1302 610 1334 HI
624 1327 634 1343 ‚
658 1302 769 1347 epigr.

97 1368 210 1397 mvn,
232 1364 267 1389 et
285 1356 384 1401 cujus
402 1353 440 1388 id
457 1363 509 1388 est
529 1354 668 1388 initium
683 1366 691 1386 :

130 1417 224 1442 J'aime
236 1417 334 1451 parsois
345 1416 520 1450 l'e'pigramme
530 1425 562 1440 en
576 1417 700 1450 distique,

133 1463 186 1488 Bon
201 1470 256 1488 mot
270 1463 359 1496 rapide
375 1471 407 1486 en
421 1463 486 1487 deux
504 1471 560 1487 vers
576 1462 697 1497 echappe'.
712 1464 760 1488 Eo.

156 1524 169 1544 1
180 1536 187 1544 .
208 1511 279 1544 Uno
293 1512 321 1543 si
332 1537 342 1550 ,
359 1518 424 1544 etc.
441 1511 585 1545 Lemma
601 1518 652 1544 est
666 1511 773 1544 breve

98 1564 266 1597 orationis
275 1563 330 1597 vel
339 1563 509 1609 poematis
517 1572 773 1609 argumentum,

98 1629 158 1650 seu
176 1616 360 1662 inscriptio
377 1624 411 1649 et
427 1616 549 1649 titulus
564 1628 572 1649 :
592 1616 653 1649 lib.
673 1617 774 1657 XIV,

99 1669 210 1715 epigr.
246 1682 288 1702 11.
321 1668 478 1702 Sumitur
511 1669 568 1702 hic
598 1681 664 1714 pro
698 1669 773 1714 ipso

98 1722 346 1769 epigrammate
372 1733 380 1754 :
408 1722 476 1755 hoc
503 1730 575 1763 est,
605 1722 633 1755 si
662 1734 773 1755 unum

99 1775 310 1822 epigramma
327 1783 397 1808 tam
411 1775 559 1820 longum
575 1775 635 1814 sit,
652 1782 691 1808 ut
709 1775 774 1808 im-

99 1828 194 1875 pleat
211 1836 320 1861 totam
337 1827 509 1873 paginam.

153 1881 186 1915 3.
214 1881 310 1915 Dives
323 1907 332 1921 ,
362 1888 394 1913 et
415 1894 454 1913 ec
482 1883 576 1913 omni.
606 1879 674 1913 Sua
701 1880 775 1926 epi-

100 1942 291 1979 grammata
305 1940 488 1978 comparat
503 1945 609 1966 coenae
622 1933 724 1966 lautae
742 1941 777 1967 et

102 1988 279 2021 instructae
310 1987 406 2020 omni
441 1986 601 2019 ciborum
638 1999 775 2032 genere.

103 2061 153 2066 —-
165 2039 314 2073 Macella.
328 2039 514 2072 Macellum
530 2039 688 2083 generale
703 2039 776 2085 pri-

103 2105 212 2126 mum.
243 2091 312 2125 Sed
339 2100 459 2138 postea
491 2091 528 2124 in
560 2092 708 2125 macello
743 2101 777 2125 et

103 2144 321 2186 delicatiora,
343 2143 640 2191 quemadmodum
657 2145 778 2190 pisces,

103 2197 358 2231 vendebantur.
381 2198 424 2231 Et
445 2210 526 2230 sane
549 2198 708 2230 macellum
728 2199 778 2241 ἰχ-

103 2252 292 2284 θυοπωλεῖον
322 2250 439 2296 potius
451 2277 460 2292 ‚
491 2263 594 2296 quam
625 2264 777 2296 κρεωπω-

102 2306 197 2337 λεῖον.
228 2303 272 2336 Et
300 2297 417 2348 'pisces
450 2302 673 2348 peculiariter
703 2303 776 2348 ὄψα.

107 2356 242 2389 Her-ald.

161 2413 192 2449 4.
219 2408 353 2453 Illactya
377 2408 565 2440 Turnebus
588 2407 713 2447 XXII,
744 2410 776 2441 6.

108 2462 235 2495 Mactea
255 2459 336 2495 edd.
356 2460 504 2493 Farnab.
525 2459 627 2493 Barb.
649 2460 779 2506 ,Mansa

107 2513 184 2547 Ald.
201 2515 301 2547 Junt.
322 2513 437 2547 Colin.
454 2513 568 2546 Maitt.
587 2521 621 2546 et
636 2513 684 2546 sic
698 2513 783 2559 legit

108 2568 289 2613 Georqus.
306 2567 533 2611 maurosus-at
544 2565 669 2611 Delph.
685 2566 782 2599 Juvat

108 2619 162 2653 ed.
179 2620 356 2654 Schrevel.
373 2642 423 2646 —
439 2619 563 2652 Mattea
581 2620 647 2652 sola
657 2621 781 2663 juram.

827 1090 956 1123 Mattea
969 1115 978 1132 ‚
1010 1102 1088 1135 quae
1123 1090 1253 1124 Graecis
1288 1091 1420 1136 ματτύα
1448 1090 1503 1123 vel

829 1144 974 1188 ματτύη,
996 1142 1157 1184 lautitiae,
1173 1142 1328 1188 cupediae
1340 1168 1350 1185 ‚
1367 1142 1501 1177 dulcia-

828 1195 891 1229 ria.
906 1196 1110 1235 Athenaeus‚
1125 1196 1503 1242 Deipnosophistarum

829 1248 920 1281 libro
936 1249 1037 1289 XIV,
1049 1249 1193 1294 ματτύην
1213 1249 1358 1294 exponit
1378 1251 1442 1282 πᾶν
1466 1251 1502 1282 τὸ

828 1304 998 1340 πολυτελὲς
1030 1299 1173 1347 ἔδεσμα,
1206 1301 1278 1335 sive
1300 1301 1369 1335 sint
1394 1302 1505 1347 pisces

829 1353 974 1399 opipare
987 1354 1116 1399 parati,
1133 1354 1203 1387 sive
1216 1366 1311 1396 aves,
1325 1355 1396 1388 sive
1408 1354 1503 1388 olera

830 1414 891 1439 aut
918 1406 1007 1448 alia,
1031 1419 1108 1452 quae
1138 1406 1335 1441 minutatim
1366 1407 1505 1441 concisa

830 1460 994 1493 aromatis
1027 1459 1241 1493 condiuntur
1259 1472 1267 1493 :
1297 1468 1331 1493 et
1357 1473 1394 1493 ea
1425 1472 1504 1506 quae

828 1513 1029 1558 λιχνεὺματα
1067 1513 1295 1558 appellantur.
1315 1534 1366 1539 -—
1395 1513 1506 1547 Caete-

830 1577 910 1598 rum
928 1590 938 1606 ,
978 1573 1096 1598 utrum
1127 1573 1242 1598 mattea
1278 1577 1375 1599 nom.
1410 1566 1502 1610 plur.

832 1630 850 1650 e
871 1626 1036 1657 matteum,
1062 1631 1103 1651 an
1138 1619 1224 1664 sing.
1256 1626 1371 1651 mattea
1402 1617 1503 1658 (tum

830 1683 914 1704 vero
933 1683 1012 1704 cum
1035 1670 1176 1705 Schrev.
1201 1672 1343 1706 rescrib.
1359 1674 1452 1716 juvat
1468 1665 1505 1714 )‚

832 1723 1030 1769 ambigitur.
1048 1724 1138 1757 Nam
1148 1723 1334 1758 Suetonius
1346 1724 1383 1757 in
1397 1724 1505 1769 Calig.

832 1789 907 1822 cap.
930 1776 976 1811 38
997 1788 1005 1810 :
1033 1794 1045 1806 υ
1060 1777 1105 1810 Et
1128 1777 1244 1811 multis
1270 1785 1417 1811 macteas
1446 1789 1505 1810 ve-

833 1838 977 1862 nenatas
998 1829 1104 1863 misit.
1133 1846 1146 1859 ι»

888 1881 921 1915 5.
941 1882 1016 1915 Non
1036 1895 1112 1927 opus
1132 1891 1189 1915 est.
1207 1881 1374 1915 Eamdem
1393 1882 1505 1916 conti-

833 1943 919 1967 nuat
932 1935 1184 1980 metaphoram.
1196 1935 1320 1969 Sensus
1333 1943 1383 1969 est
1395 1947 1402 1968 :
1415 1935 1507 1969 Mihi

834 1987 945 2032 placet
955 1988 1065 2021 lector
1078 1988 1153 2029 ille,
1169 1987 1229 2034 qui
1243 2001 1316 2021 non
1329 1988 1410 2022 solis
1421 1989 1509 2034 jocis

835 2048 869 2073 et
886 2040 988 2085 nugis
1000 2066 1009 2081 ,
1026 2040 1085 2074 sed
1104 2040 1297 2074 delectatur
1313 2040 1415 2074 etiam
1432 2054 1509 2086 gra-

835 2093 936 2127 vibus
954 2094 1180 2128 carminibus.
1195 2093 1250 2126 Sic
1268 2094 1415 2126 conviva
1434 2094 1509 2138 pla-

835 2154 907 2188 cet,
929 2147 990 2192 qui
1009 2159 1081 2179 non
1100 2146 1180 2179 solis
1200 2145 1356 2191 cupediis
1377 2146 1509 2192 expleri

835 2199 930 2240 vult,
952 2197 1014 2232 sed
1039 2211 1128 2243 pane
1153 2198 1257 2231 etiam
1278 2199 1439 2232 vescitur.
1456 2214 1508 2220 —

841 2251 974 2285 Guloso.
992 2251 1142 2285 Gulosus
1163 2251 1221 2284 ille
1240 2259 1290 2284 est
1306 2251 1366 2297 qui
1385 2250 1510 2285 delica-

837 2304 986 2337 tioribus
1008 2310 1146 2338 tantum
1165 2312 1204 2347 let
1231 2304 1508 2349 exquisitissimis

838 2356 977 2390 ferculis
995 2357 1164 2398 vescitur,
1179 2370 1250 2390 non
1259 2357 1319 2402 qui
1335 2357 1493 2390 crassiori
1504 2379 1518 2385 -

837 2411 902 2443 bus
920 2418 954 2443 et
968 2410 1108 2449 multis;
1124 2409 1219 2456 quod
1233 2409 1364 2443 Gallice
1375 2411 1510 2453 sriand,

838 2475 909 2495 non
920 2462 1109 2506 gourmand.

894 2517 928 2548 6.
957 2516 1040 2548 Pone
1063 2513 1119 2547 ed.
1149 2515 1227 2549 Par.
1254 2518 1363 2559 1617.
1399 2532 1411 2544 a
1431 2516 1516 2548 Pene

841 2567 922 2600 cod.
948 2581 1013 2614 pro
1040 2566 1147 2601 cauda
1173 2582 1196 2600 s.
1224 2568 1305 2601 fine.
1333 2567 1426 2601 Hinc
1446 2569 1515 2611 offa

840 2623 945 2664 penita
965 2634 1019 2666 ap.
1038 2621 1177 2655 Festum
1193 2630 1224 2654 et
1239 2622 1334 2655 alios.
1355 2638 1368 2650 n
1393 2621 1513 2654 Bet-erl.

1256 2691 1280 2735 15
1289 2695 1315 2746 4
1337 2685 1342 2710 ³
