1978 3305
334 202 919 246 EPIGRAMMATUM
956 202 1220 245 LIB.V11.

1380 198 1476 245 255

660 351 892 406 LXIV.

558 507 610 535 IN
649 483 999 534 οιΝῑκτΑΜωνῐῖι

143 633 235 689 QUI
265 644 415 675 tonsor
441 629 585 673 fueras
616 638 710 672 tota
736 628 985 671 notissimus
1011 627 1140 681 urbe,

212 703 270 746 Et
294 710 393 762 post
414 700 507 744 haec
538 699 723 743 dominae
753 713 933 741 munere
961 696 1102 740 factus
1129 714 1281 758 eques3

141 773 330 816 Sicanias
359 770 489 814 urbes
511 770 762 829 AEtnaeaque
792 783 925 829 regna
951 767 1120 828 petisti,
1218 829 1219 832 Ἴ

211 843 449 897 Cinname,
469 856 605 901 quum
634 839 805 900 fugeres
833 838 975 882 tristia
994 838 1092 898 jura
1118 837 1213 882 fori.

141 913 242 969 Qua
267 928 383 955 nunc
410 920 503 954 arte
530 926 684 971 graves
709 908 912 953 tolerabis
938 907 1101 952 inutilis
1131 908 1298 952 annos?

210 981 329 1040 Quid
359 981 465 1025 facit
488 980 635 1024 infelix
664 989 708 1023 et
737 979 921 1040 fugitiva
943 977 1096 1039 quies?

140 1054 243 1099 Non
267 1052 456 1107 Rhetor,
484 1068 574 1095 non
600 1050 946 1105 Grammaticus,
971 1048 1116 1093 ludive
1138 1050 1389 1111 Magister„

210 1123 313 1167 Non
335 1123 544 1183 Cynicus,
573 1138 662 1166 non
691 1131 740 1165 tu
767 1121 936 1164 Stoicus
967 1136 1058 1164 esse
1087 1129 1233 1181 potes3

140 1193 342 1238 Vendere
371 1209 452 1237 nec
476 1209 631 1236 vocem
655 1190 806 1236 Siculis
828 1190 1115 1252 plausumque
1139 1191 1346 1247 theatris3

211 1263 344 1321 Quod
370 1272 589 1324 superest,
611 1263 794 1316 iterum,
819 1262 1053 1315 Cinname,
1078 1271 1229 1306 tonsor
1255 1263 1349 1306 eris.

123 1402 139 1416 ¹
158 1404 210 1437 Ex
229 1412 390 1445 tonsore,
414 1402 584 1436 beneficio
606 1401 744 1435 feminae

70 1457 179 1490 factus
196 1468 300 1502 eques
313 1456 504 1489 Cinnamus
515 1481 524 1497 ‚
540 1462 574 1488 et
590 1467 608 1487 a
624 1455 742 1488 neseio

70 1522 140 1556 quo
152 1517 296 1543 vocatus
308 1509 343 1541 in
355 1510 410 1554 jus
422 1534 430 1550 ‚
444 1508 528 1541 abiit
542 1508 577 1540 in
591 1507 743 1541 Siciliam

69 1563 274 1596 exsulatum.
309 1562 416 1595 Poeta
444 1561 617 1594 inscitiam
650 1561 744 1594 illius

69 1614 243 1657 irridens,
273 1614 321 1648 ait
346 1615 445 1648 illum
472 1613 670 1648 rediturum
700 1612 742 1646 ad

69 1676 179 1702 artem
201 1676 390 1708 assuetam,
415 1679 527 1713 quum
550 1667 651 1699 aliam
670 1679 742 1699 non

69 1729 200 1762 teneat;
231 1721 429 1765 iterumque
456 1728 633 1753 tonsorem
656 1719 743 1752 fore.

126 1787 156 1807 1.
183 1774 248 1818 Qui
270 1782 376 1806 tonsor
392 1774 523 1815 fueras,
545 1780 610 1806 etc.
640 1772 743 1805 Hunc

68 1826 174 1861 credo
197 1827 342 1860 innuere
360 1826 440 1858 Juv.
457 1824 525 1858 Sat.
549 1837 563 1857 1
579 1849 589 1866 ,
608 1838 657 1858 vs.
684 1825 742 1859 25.

124 1893 156 1913 2.
168 1880 218 1912 Et
233 1879 354 1912 demum
374 1879 509 1911 dominoe
523 1877 740 1911 Beverl.MS.

68 1934 282 1966 ——Dominoe.
291 1931 423 1965 Amicae
432 1942 573 1976 nempe,
582 1943 659 1976 quae
667 1943 744 1964 cen-

68 1998 110 2020 su
124 1985 276 2032 equestri
289 1985 501 2020 Cinnamum
514 1983 716 2018 donaverat.

123 2038 157 2072 3.
175 2039 320 2073 Sicanias
340 2038 441 2078 urbes,
463 2045 528 2071 etc.
548 2038 589 2070 ln
606 2038 662 2082 jus
681 2050 741 2070 vo-

68 2099 163 2125 catus
179 2091 327 2125 mutavit
344 2092 456 2124 solum
467 2116 476 2132 ,
493 2098 528 2123 et
546 2090 741 2123 exsulatum

68 2144 154 2178 abiit
165 2144 202 2177 in
218 2143 372 2177 Siciliam
382 2169 392 2186 ,
405 2151 445 2177 ut
456 2155 558 2188 grave
569 2142 741 2188 judicium

62 2198 200 2242 fugeret.
210 2217 262 2224 -
276 2197 485 2243 AEtnaeaque.
497 2199 636 2229 AEtnam
655 2195 741 2230 Sici-

68 2250 123 2283 liae
136 2257 291 2282 montem
307 2262 378 2283 esse
392 2258 525 2283 norunt
541 2261 674 2283 omnes.

125 2302 159 2336 5.
178 2303 303 2336 Inutilis
320 2315 430 2335 annos.
450 2302 553 2335 Nulla
573 2302 718 2335 honesta
731 2327 740 2342 ‚

68 2355 178 2388 immo
201 2367 265 2388 nec
289 2353 429 2387 sordida
447 2363 518 2387 arte
540 2354 740 2388 instructus.

69 2429 121 2434 —-
137 2407 258 2442 Graves
290 2420 397 2440 annos.
423 2407 500 2440 Hoc
524 2415 596 2447 est,
625 2407 741 2452 ingra-

68 2469 265 2494 vescentem
286 2460 321 2492 in
344 2459 417 2493 dies
435 2467 661 2492 senectutem.

124 2516 158 2547 6.
179 2514 332 2557 Fugitiva
349 2514 443 2558 quies.
462 2512 542 2553 Qua
560 2511 685 2544 frueris
704 2512 739 2544 in

70 2574 131 2599 tuo
147 2566 288 2606 exsilio,
309 2565 344 2598 in
367 2573 425 2598 tua
447 2565 526 2610 fuga
548 2564 663 2597 miser.

126 2631 158 2663 7.
181 2619 299 2651 Lmlive
322 2618 488 2663 Magister.
510 2617 739 2650 Literatorem

802 1401 965 1446 intelligit
987 1400 1144 1434 Raderus
1164 1413 1171 1434 ε
1190 1414 1270 1434 nam
1287 1410 1361 1435 uta
1382 1403 1476 1437 Rhe-

802 1462 896 1495 tore,
911 1454 1045 1499 inquit,
1065 1452 1109 1486 ad
1126 1454 1417 1497 Grammaticum,
1432 1457 1477 1491 ita

802 1520 821 1540 a
845 1507 1081 1540 Grammatico
1101 1506 1145 1540 ad
1167 1507 1397 1542 Literatorem
1416 1509 1477 1544 de-

802 1559 935 1593 scendit
952 1560 1058 1593 Poeta
1073 1571 1080 1593 ε
1093 1560 1161 1593 hoc
1181 1573 1281 1594 sensu
1301 1561 1392 1595 Ludi
1404 1576 1476 1597 ma·

802 1613 907 1659 gister
926 1613 1075 1646 sumitur
1095 1613 1156 1646 lib.
1178 1613 1232 1652 X,
1252 1615 1360 1660 epigr.
1386 1628 1475 1650 an.

802 1665 978 1699 Lanistam
1008 1665 1259 1710 interpretatur
1288 1668 1475 1702 Domitius.

801 1717 929 1752 Raderi
948 1719 1133 1764 explicatio
1146 1719 1233 1752 mihi
1249 1719 1389 1754 videtur
1404 1735 1476 1755 me-

801 1772 879 1804 lior.
894 1793 945 1797 -—
961 1770 1065 1804 Haud
1087 1770 1214 1813 dubie;
1237 1785 1317 1805 nam
1338 1773 1476 1809 duobus

802 1825 853 1858 his
875 1823 1053 1858 versiculis
1074 1834 1256 1859 enumerat
1281 1835 1399 1860 noster
1419 1841 1476 1873 ge-

801 1890 866 1911 nus
877 1889 979 1910 omne
991 1877 1169 1911 literarum
1182 1886 1215 1911 et
1231 1880 1361 1923 σοφίας;
1375 1892 1478 1925 quor-

801 1943 875 1964 sum
886 1956 894 1972 ,
912 1931 984 1963 haec
1003 1930 1107 1971 inter,
1123 1930 1336 1976 gladiatoriae
1349 1933 1477 1967 scholae

801 1983 956 2017 mentio?
972 1984 1039 2017 ΕΙ).

855 2039 888 2072 8.
907 2037 983 2070 Non
1004 2036 1154 2082 Cynicus,
1176 2046 1240 2071 etc.
1263 2038 1401 2072 Nullius
1423 2051 1474 2072 se-

801 2097 863 2123 ctae
882 2089 1128 2135 philosophus.

855 2156 888 2187 9.
913 2142 1057 2176 Vendere
1077 2156 1133 2175 nec
1150 2156 1258 2175 vocem
1279 2143 1418 2176 Siculum
1439 2144 1475 2176 iu

800 2194 922 2229 codice
950 2195 1132 2229 Thuaneo.
1163 2196 1306 2228 l‘'endere
1334 2209 1389 2229 nec
1415 2209 1475 2229 ‘1¹0-

800 2249 996 2293 cemsagulis
1012 2247 1116 2282 codd.
1135 2249 1250 2282 Vatic.
1268 2257 1301 2281 et
1320 2249 1474 2283 Florent.

801 2323 851 2328 —
874 2301 1017 2333 Vendere
1043 2315 1108 2334 nec.
1130 2301 1203 2334 Nec
1221 2309 1318 2346 potes
1343 2302 1474 2335 sollici·

802 2354 844 2387 tis
873 2355 940 2387 reis
970 2354 1076 2386 verba
1108 2353 1283 2394 vendere3
1314 2354 1381 2388 hoc
1407 2363 1474 2395 est,

800 2407 923 2451 nequis
942 2418 1014 2439 esse
1033 2405 1236 2439 causidicus.
1256 2406 1332 2439 Lib.
1353 2408 1398 2448 V,
1419 2420 1474 2453 ep.

802 2471 872 2492 xw.
898 2459 1103 2503 Intelligunt
1129 2459 1187 2492 alii
1213 2458 1257 2492 de
1280 2472 1441 2504 praecone
1466 2473 1475 2493 ε

801 2510 899 2557 quod
913 2511 1030 2544 minus
1047 2512 1170 2557 placet.
1187 2531 1238 2537 —-
1251 2512 1475 2559 Plausumque.

801 2564 877 2596 Hoc
888 2572 938 2597 est
950 2589 958 2605 ‚
972 2576 1035 2597 nec
1046 2564 1171 2598 histrio
1186 2576 1250 2598 nec
1265 2565 1474 2599 citharoedus

803 2617 837 2649 in
864 2617 1037 2650 theatrum
1059 2617 1176 2651 venire
1198 2626 1307 2663 potes·
