1978 3305
336 227 926 271 EPIGRAMMATUM
964 226 1090 269 LIB.
1118 227 1273 269 VIII.

1400 242 1497 287 299

230 318 344 360 Nam
377 314 526 376 populi
551 331 680 360 voces
705 315 826 359 audit
849 324 891 358 et
917 313 986 358 ille
1012 315 1085 357 tui.

162 387 422 430 Sarmaticas
445 387 575 429 etiam
600 395 750 446 gentes
765 421 775 441 ,
801 387 1049 446 Istrumque
1064 420 1074 439 ,
1100 386 1322 444 Getasque

232 457 412 501 Laetitiae
443 455 608 501 clamor
633 457 788 500 terruit
818 457 908 516 ipse
937 471 1073 499 novae.

162 528 281 571 Dum
310 536 352 571 te
378 526 507 587 longa
536 543 661 571 sacro
684 535 949 570 venerantur
973 525 1129 586 gaudia
1157 526 1310 579 Circo,

231 598 374 641 Nemo
400 606 554 657 quater
575 598 726 640 missos
751 612 926 640 currere
953 596 1085 639 sensit
1106 611 1253 655 equos.

162 666 343 711 Nullum
367 668 507 710 Roma
534 666 715 721 ducem,
741 682 820 709 nec
851 676 892 709 te
918 666 1001 721 sic,
1030 667 1195 717 Caesar,
1225 666 1410 719 amavit3

228 739 289 781 Te
314 753 487 798 quoque
510 737 597 796 jam
621 753 710 780 non
734 735 830 796 plus
845 772 856 791 ‚
883 745 930 779 ut
953 734 1054 779 velit
1078 737 1191 796 ipsa,
1217 745 1374 795 potest.

229 879 312 919 Τοῦ
334 880 436 919 λαοῦ
461 876 592 935 φωνὰς
617 876 683 919 καὶ
705 875 781 937 γὰρ
811 874 955 919 ἄκουσε
986 893 1088 919 τεου.

161 934 287 989 lieven
318 947 616 1006 Σαυροματῶν,
647 934 781 1007 Ϊςροιό
806 963 851 988 τε
878 946 1030 1006 ῥεῖθρα,
1060 946 1187 997 Γέτας
1213 962 1257 988 τε

230 1011 451 1102 Πανξῗημος
478 1024 617 1076 νεαρῆς
641 1017 752 1077 Θροῦς
779 1013 948 1076 ἐτάραξε
972 1034 1115 1076 χαρας.

160 1087 293 1147 Μέσφ’
320 1087 418 1148 ἱερὸν
445 1084 608 1131 offlam-ai
636 1089 672 1130 σ’
701 1087 1002 1147 ἐπισημασίαισι
1031 1087 1224 1146 θέατρον,

230 1156 356 1218 Διφοα
383 1152 536 1218 ὸραμον
569 1175 753 1218 τετρακις
737 1192 769 1211 ,
798 1176 837 1217 μ’
829 1152 968 1207 ηδενὸς
993 1157 1238 1217 αἰσθομένου.

162 1229 254 1286 Οὐχ
280 1230 353 1270 οὔτ
357 1246 407 1278 ως
433 1228 586 1286 ἐφίλησ’
613 1227 733 1272 αλλον
763 1229 941 1289 πρόυἾον
968 1229 1059 1271 οᾶτε
1088 1228 1130 1270 σὲ
1158 1217 1301 1287 Ρώυῌη

232 1299 341 1341 Οὔτε
369 1300 488 1341 πλέον
517 1316 560 1341 σε
583 1303 729 1357 φιλεῖν,
758 1301 792 1341 κ’
818 1299 863 1346 ἦν
889 1298 1025 1359 ἐέ·θλν,,
1054 1293 1239 1341 ὸυναται.

146 1435 179 1468 3.
199 1434 404 1469 Sarmaticas.
427 1437 480 1469 De
502 1436 628 1482 quibus
647 1449 765 1482 supra.

90 1488 277 1521 —Istrum.
299 1488 440 1534 Optime
453 1490 599 1530 Istrum,
613 1503 685 1523 non
701 1491 767 1523 Da·

91 1541 261 1583 nubium,
279 1554 391 1587 quum
406 1542 449 1575 sit
463 1543 615 1576 Danubii
635 1555 765 1576 nomen

91 1592 200 1627 fluvio
221 1607 239 1627 a
263 1594 419 1628 fontibus
448 1594 608 1628 nondum
643 1596 768 1642 procul

91 1655 234 1692 evagato
245 1672 254 1688 ,
265 1655 300 1680 et
311 1648 390 1680 Istri
400 1673 409 1689 ‚
425 1648 484 1680 ubi
498 1648 601 1681 latior
611 1656 644 1682 et
654 1649 768 1682 Ponto

92 1699 230 1732 Euxino
244 1701 386 1746 jamjam
404 1700 589 1745 illapsurus
605 1713 613 1734 ε
631 1702 689 1735 hic
709 1714 768 1734 nu·

91 1760 160 1785 tem
191 1753 411 1787 ferocissimae
443 1763 562 1798 gentes
597 1763 631 1788 et
664 1754 768 1788 armis

90 1805 255 1839 Romanis
288 1806 402 1839 minus
433 1819 601 1852 prospere
631 1820 769 1853 semper

92 1857 103 1897 (
122 1858 189 1891 nisi
211 1858 355 1891 demum
378 1860 571 1905 imperante
593 1859 767 1905 Trajano)

91 1910 266 1944 lacessitae.
292 1912 359 1945 En.

146 1967 179 2004 4.
208 1965 346 1998 Laetitiae
369 1965 489 1998 clamor
514 1968 634 1999 terruit.
663 1967 766 2000 Inex-

92 2024 245 2061 spectata
273 2025 308 2050 et
340 2018 422 2051 item
454 2019 545 2052 felici
573 2019 767 2053 verborum

92 2069 295 2104 sociatione.
331 2071 479 2112 Qualem
512 2080 545 2105 et
572 2072 608 2105 in
636 2072 766 2106 Gallica

90 2122 271 2168 Iphigenia
286 2122 330 2156 ad
343 2123 506 2158 Aulidem
518 2151 526 2164 ,
540 2126 664 2167 Act.V‚
675 2139 721 2160 sc.
733 2139 750 2159 2
759 2152 767 2161 .

96 2203 312 2210 ............
325 2206 330 2210 .
342 2204 348 2210 .
360 2206 364 2210 .
378 2206 383 2211 .
395 2206 400 2210 .
413 2206 418 2210 .
430 2205 436 2211 .
449 2187 539 2212 ‚Troie
557 2197 589 2212 en
608 2188 715 2213 alarmes

93 2236 208 2262 Redoute
220 2247 278 2262 mon
293 2238 390 2263 bucher
400 2239 512 2272 etsi-imit
523 2241 552 2264 de
562 2249 601 2264 vos
614 2240 708 2265 lat-mes.
718 2243 766 2266 Eu.

145 2281 179 2313 6.
197 2280 296 2313 Nemo
308 2289 429 2326 quater,
444 2290 506 2316 etc.
519 2284 548 2316 E
558 2282 682 2328 viginti
693 2296 768 2329 spa-

92 2331 148 2365 tiis
163 2344 183 2365 a
201 2334 398 2368 carceribus
417 2343 450 2367 et
467 2344 600 2381 septem
617 2335 768 2369 flexibus

91 2385 182 2418 circa
209 2393 338 2426 metas,
361 2386 404 2419 ad
432 2387 588 2421 victoriae
614 2389 767 2433 palmam

91 2447 213 2482 quater
232 2439 424 2472 cucurrisse
446 2452 573 2486 equos,
597 2442 767 2487 populus,

93 2489 178 2537 dum
200 2491 263 2524 tibi
290 2492 349 2525 uni
369 2491 508 2536 studet,
529 2494 563 2526 in
594 2502 627 2537 te
648 2495 767 2527 oculos

825 1445 859 1469 et
871 1445 1023 1469 mentem
1035 1444 1246 1470 convertens
1260 1448 1331 1469 nou
1342 1434 1504 1476 advertit3

826 1489 984 1535 quamvis
999 1489 1122 1535 saepius
1139 1490 1226 1522 nihil
1245 1489 1394 1534 amplius
1408 1497 1503 1534 optet

826 1555 931 1588 quam
947 1555 1060 1587 panem
1079 1551 1110 1575 et
1128 1542 1302 1582 Circenses,
1325 1550 1363 1575 ut
1379 1542 1426 1575 ait
1439 1543 1503 1574 Ju-

829 1596 970 1629 venalis.
987 1594 1079 1628 Vide
1102 1596 1163 1629 lib.
1181 1596 1253 1628 VII
1265 1620 1275 1635 ‚
1299 1595 1409 1640 epigr.
1432 1607 1483 1627 vu
1497 1621 1506 1634 ‚

826 1661 875 1682 vs.
881 1661 931 1724 9.
950 1669 1002 1674 —
1015 1648 1118 1682 Sentit
1134 1662 1237 1694 equos.
1261 1648 1397 1681 Beverl.
1410 1647 1485 1680 MS.

910 1701 1013 1734 ‚visi
1033 1709 1061 1733 te
1085 1704 1129 1734 sic
1153 1702 1324 1735 Gruterus
1344 1701 1505 1734 malebat.

827 1726 983 1787 Raderus
1010 1762 1123 1787 tamen
1152 1767 1218 1799 pro
1249 1762 1387 1799 recepta
1422 1762 1505 1793 stan

827 1819 932 1853 quem
959 1806 1037 1840 vide
1065 1807 1102 1840 in
1122 1808 1206 1840 Var.
1230 1807 1343 1840 Notis.
1363 1808 1445 1839 Ant.
1468 1807 1506 1838 dc

826 1861 918 1905 [ἔσο]
931 1860 1116 1906 proposuit
1130 1872 1137 1893 ε
1155 1861 1260 1894 Cllum
1273 1860 1372 1892 Roma
1383 1860 1504 1899 ducem,

826 1926 880 1945 nee
891 1922 920 1946 le
932 1915 989 1953 sic,
1009 1913 1132 1953 Caesar,
1150 1916 1293 1946 amavit?
1302 1913 1356 1945 vel
1373 1924 1380 1945 2
1398 1912 1504 1945 L'llum

825 1967 927 1999 Roma
952 1966 1058 1999 ducem
1072 1993 1081 2007 ,
1110 1980 1165 1999 ceu
1191 1975 1220 1998 te
1236 1993 1243 2005 ,
1274 1968 1338 2006 sic,
1371 1966 1502 2005 Caesar,

826 2023 971 2052 amavit?
987 2019 1041 2052 vel
1059 2018 1234 2065 denique:
1251 2019 1383 2051 Nullum
1405 2019 1504 2050 Roma

825 2072 932 2105 ducem
946 2099 954 2112 ‚
980 2085 1034 2105 ceu
1056 2080 1104 2112 te,
1129 2075 1174 2105 sic
1189 2100 1197 2112 ,
1231 2071 1355 2111 Caesar,
1377 2074 1501 2102 amas-it.

826 2126 956 2158 -Nec
970 2134 999 2157 te
1012 2127 1067 2158 sic.
1083 2124 1161 2158 Hoc
1175 2133 1244 2165 est,
1260 2136 1324 2157 nec
1340 2125 1503 2168 teipsum

825 2187 963 2212 tantum
986 2178 1069 2211 olim
1081 2203 1090 2219 ,
1108 2187 1279 2223 quantum
1300 2189 1394 2209 nunc
1412 2188 1504 2208 ama-

825 2231 892 2271 vit;
912 2244 976 2265 nec
992 2232 1070 2277 plus
1089 2243 1204 2263 amare
1223 2237 1349 2275 potest.
1372 2231 1504 2273 Argute

826 2283 971 2333 quidem
986 2282 1166 2317 concludit
1178 2309 1186 2324 ,
1200 2282 1259 2316 sed
1272 2295 1395 2328 parum
1409 2294 1503 2315 vere.

827 2337 991 2370 Occisum
1009 2336 1102 2369 enim
1121 2335 1359 2369 Domitianum
1377 2334 1503 2367 milites·

825 2390 889 2422 soli
909 2389 1055 2422 doluere
1069 2410 1078 2425 ‚
1092 2388 1246 2434 populus
1260 2387 1504 2421 indifferenter

827 2442 931 2483 tulit,
957 2442 1102 2476 Senatus
1130 2454 1215 2474 vero
1244 2439 1346 2474 valde
1372 2441 1505 2474 laetatus

826 2504 888 2528 est.
908 2494 1002 2528 Suet.
1024 2495 1059 2527 in
1077 2494 1208 2527 Domit.
1232 2506 1310 2539 cap.
1334 2494 1394 2527 23.
