1978 3305
472 246 567 302 264

838 248 901 290 M.
924 248 1066 290 VAL.
1106 248 1495 293 MARTIALIS

535 337 606 381 Sic
633 336 710 379 tihi
735 335 882 380 lascivi
910 350 999 378 non
1026 333 1136 378 desit
1159 335 1284 395 copia
1310 335 1437 391 furti,

607 406 705 450 Sive
728 406 852 466 cupis
872 404 1066 465 Paphien
1084 439 1096 460 ,
1120 421 1195 448 seu
1217 405 1471 465 Ganymede
1496 403 1634 461 cales3

537 478 832 535 Maternaeque
863 475 994 519 sacris
1021 484 1233 518 ornentur
1261 474 1487 520 frondibus
1512 475 1644 531 Idus,

605 548 663 590 Et
686 547 830 589 senior
850 560 984 606 parca
1005 543 1118 589 mole
1143 555 1368 606 prematur
1390 561 1524 601 avus3

537 617 666 659 Hunc
695 631 867 676 semper
889 614 1101 659 Norbana
1124 615 1238 659 diem
1264 631 1364 659 cum
1390 616 1576 676 conjuge
1599 617 1715 661 Caro

605 687 726 730 Laeta
745 685 881 741 colat,
902 686 1052 746 primis
1075 702 1162 746 quo
1186 685 1329 730 coiere
1353 686 1471 729 toris.

538 755 622 800 Hic
649 756 746 816 pius
775 756 952 800 antistes
978 755 1141 816 sophiae
1163 771 1241 800 sua
1265 755 1380 800 dona
1405 756 1620 801 ministrat
1645 774 1654 800 :

610 827 693 870 Hic
724 835 766 870 te
791 826 921 870 thure
946 835 1097 882 vocat,
1124 825 1236 870 fidus
1263 835 1306 870 et
1330 826 1422 887 ipse
1449 827 1561 870 Jovi.
1846 856 1877 872 ,ο

470 977 538 1010 qua
564 962 609 998 de
633 976 733 998 causa
757 963 978 997 Mercurium
1005 963 1146 997 invocat

471 1018 575 1051 Poeta
586 1043 596 1059 ‚
614 1026 655 1051 ut
671 1017 846 1051 Norbanae
866 1024 901 1050 et
916 1015 998 1050 Cari
1011 1015 1147 1062 nuptiis

469 1070 645 1117 propitius
663 1070 719 1104 sit.

526 1122 560 1156 3.
580 1123 812 1165 Lascivisurti.
835 1135 849 1149 <³
864 1119 1041 1156 Callidus»
1068 1120 1147 1165 qui-

473 1175 554 1210 dem
569 1175 634 1209 fuit
647 1175 756 1208 Merc.
781 1191 794 1204 κ
809 1172 984 1220 quidquid
999 1173 1148 1219 placuit,

471 1230 590 1275 jocoso
609 1226 759 1262 condere
783 1227 879 1260 furto
892 1243 905 1256 n
924 1238 933 1260 z
952 1226 1011 1260 hic
1032 1234 1148 1260 tamen

473 1282 590 1315 lasciva
594 1282 687 1325 furta
698 1280 868 1326 intelligas
878 1279 1048 1319 adulteria,
1062 1292 1148 1312 amo-

475 1347 522 1367 res
542 1341 688 1380 propter
707 1345 846 1366 versum
867 1339 1080 1378 sequentem.

530 1390 565 1427 4.
588 1386 660 1420 Sive
678 1388 765 1431 cupis
780 1385 925 1430 Paphien
936 1413 945 1426 ,
961 1398 1014 1418 seu
1034 1384 1149 1430 Gany-

477 1439 562 1472 mede
583 1440 678 1472 cales.
704 1440 757 1472 Ita
775 1439 812 1471 in
829 1437 932 1483 Idyll.
954 1439 1008 1477 II,
1030 1438 1086 1472 cui
1105 1437 1149 1471 ti-

476 1493 571 1526 tulus
585 1491 867 1526 Pharmaceutria
885 1518 893 1532 ‚
916 1490 1149 1524 Theocritus:

475 1546 543 1579 Εἶτ’
580 1547 667 1590 αὐτῷ
693 1549 744 1578 νῦν
778 1546 856 1583 παῖς
887 1545 1123 1589 παρακέκλιται
1140 1568 1148 1579 ‚

477 1599 541 1632 εἴτε
560 1600 681 1632 θέαινα.

534 1651 569 1685 5.
604 1651 829 1696 Maternaeque.
864 1649 1050 1683 Turnebus
1088 1649 1150 1682 lib.

1203 963 1328 1004 XXV,
1348 975 1423 1008 cap.
1450 968 1494 1004 24
1507 989 1518 1005 ‚
1540 963 1587 998 ait
1607 976 1616 997 :
1639 965 1691 997 De
1711 964 1878 999 Mercurii

1204 1015 1312 1049 natali
1335 1023 1370 1048 et
1396 1015 1492 1049 feriis
1516 1015 1783 1062 intelligendum
1809 1026 1880 1059 est,

1205 1076 1247 1101 ut
1263 1067 1416 1101 ostendit
1432 1067 1620 1103 versiculus
1637 1069 1697 1102 ille
1711 1069 1772 1103 lib.
1792 1071 1880 1112 XII,

1206 1120 1316 1166 epigr.
1342 1132 1453 1153 van.
1492 1137 1505 1151 ι
1530 1121 1631 1155 Maiae
1664 1122 1879 1156 Mercurium

1206 1172 1347 1206 creastis
1368 1171 1463 1206 Idus.
1484 1190 1498 1202 ι

1262 1228 1296 1260 6.
1314 1226 1363 1259 Et
1379 1228 1482 1258 senior
1492 1238 1603 1271 parca.
1622 1226 1717 1260 Atlas
1733 1227 1882 1269 scilicet,

1207 1278 1310 1312 Maiae
1334 1287 1454 1324 pater,
1483 1279 1544 1324 qui
1573 1279 1695 1313 caelum
1725 1280 1887 1314 humeris

1208 1331 1379 1365 sustinere
1400 1330 1545 1365 dicitur.

1262 1397 1297 1429 9.
1324 1384 1390 1417 Hic
1408 1387 1492 1430 pius.
1512 1384 1621 1418 Carus
1641 1397 1772 1431 nempe
1797 1385 1884 1419 colit

1208 1437 1411 1482 sapientiam
1438 1445 1472 1471 et
1497 1437 1733 1483 eloquentiam
1748 1464 1758 1480 ‚
1784 1439 1884 1484 cujus

1211 1497 1249 1523 tu
1268 1490 1362 1523 Deus
1382 1502 1427 1523 es.

1269 1555 1326 1576 10.
1340 1543 1440 1576 Fidus
1455 1551 1487 1575 et
1502 1545 1566 1587 ipse
1581 1543 1664 1576 Jovi.
1683 1543 1884 1577 Domitiano

1211 1603 1332 1629 nostro
1352 1595 1432 1629 Jovi
1445 1619 1455 1635 ‚
1473 1595 1769 1641 quemadmodum
1791 1604 1826 1630 et
1846 1605 1884 1630 tu

1212 1646 1303 1682 fidus
1325 1660 1360 1682 es
1380 1648 1461 1682 Jovi
1483 1648 1620 1683 caelesti.

1055 1785 1306 1841 LXXV.

850 1945 905 1973 1N
946 1943 1106 1973 ANUM
1146 1922 1516 1972 DEFORMEM*

551 2070 636 2113 Vis
662 2069 772 2112 futui
799 2069 955 2130 gratis,
981 2085 1114 2129 quum
1139 2069 1195 2113 sis
1217 2067 1446 2121 deformis,
1471 2083 1677 2130 anusque.

620 2140 708 2184 Res
733 2137 993 2200 perridicula
1019 2149 1084 2183 est
1106 2156 1114 2181 :
1142 2140 1206 2183 vis
1231 2138 1335 2182 dare
1351 2173 1362 2194 ,
1389 2154 1469 2181 nec
1495 2137 1598 2181 dare
1623 2139 1699 2181 vis.

538 2261 553 2276 *
584 2265 650 2299 Hic
682 2266 779 2300 nulla
806 2265 952 2299 varietas
980 2265 1155 2298 invenitur

487 2320 522 2352 in
541 2319 638 2352 libris
655 2318 787 2352 calamo
801 2319 969 2360 exaratis,
987 2326 1045 2351 aut
1058 2318 1156 2363 prelo

488 2372 634 2405 oxcusis.

546 2438 574 2458 1.
597 2425 655 2457 l'is
674 2433 793 2468 gratu,
816 2433 880 2458 etc.
900 2424 988 2457 Vide
1006 2425 1065 2457 lib⁴
1088 2424 1158 2465 Ill,

489 2478 596 2523 epigr.
621 2491 670 2510 xc.

1274 2277 1305 2296 α.
1337 2264 1395 2296 l'is
1422 2264 1507 2297 dare.
1534 2264 1602 2297 Tui
1636 2264 1788 2309 copiam,
1822 2276 1891 2309 qua

1219 2316 1329 2362 ellipsi
1350 2316 1396 2349 nil
1420 2317 1548 2350 Nostro
1566 2317 1736 2350 usitatius.
1754 2338 1802 2343 —-
1827 2317 1891 2349 Nec

1219 2370 1302 2402 ηἰιιϊ.
1327 2370 1509 2403 Pecunimn
1526 2396 1534 2410 ‚
1550 2371 1699 2415 pretium
1722 2369 1841 2403 renuis
1860 2370 1889 2403 ei

1220 2435 1323 2467 quein
1359 2436 1548 2467 provocare
1582 2424 1653 2462 xis,
1685 2430 1716 2455 ct
1746 2435 1830 2455 auus
1857 2430 1887 2454 ct

1222 2474 1396 2508 deformis.
1420 2475 1484 2508 En.
