1978 3305
491 228 582 273 160

855 228 918 270 M.
944 227 1084 270 VAL.
1123 227 1518 272 MARTIALIS

621 318 832 361 Cominus
857 325 901 360 et
930 315 1119 376 Scythici
1149 315 1288 360 sidera
1316 317 1441 378 pigra
1466 315 1577 379 poli;

553 388 594 430 O
616 403 744 447 quam
773 402 894 447 paene
920 385 998 429 tibi
1025 385 1196 446 Stygias
1221 403 1303 447 ego
1334 396 1484 448 raptus
1511 387 1566 431 ad
1591 387 1728 432 undas

624 455 779 517 Elysiae
809 455 895 499 vidi
925 454 1073 499 nubila
1101 455 1222 500 fusca
1252 454 1410 517 plagae!

552 527 765 584 Quamvis
795 525 928 582 lassa,
949 535 1049 570 tuos
1076 525 1330 587 quaerebant
1354 525 1518 570 lumina
1542 525 1712 583 vultus,

620 599 762 657 Atque
787 605 881 640 erat
902 598 947 640 in
972 595 1114 657 gelido
1139 595 1352 658 plurimus
1377 613 1454 641 ore
1477 596 1665 641 Pudens.

552 668 595 711 Si
627 667 733 710 mihi
758 665 939 711 lanificae
964 666 1132 711 ducunt
1161 683 1248 711 non
1275 665 1393 728 pulla
1418 683 1589 711 sorores

621 737 839 794 Stamina,
863 754 944 782 nee
967 737 1120 782 surdos
1145 753 1231 781 vox
1256 737 1389 781 habet
1412 738 1491 781 ista
1515 739 1660 792 Deos;

552 808 724 869 Sospite
752 824 822 852 me
850 824 997 869 sospes
1020 809 1166 852 Latias
1187 808 1406 852 reveheris
1431 807 1486 851 ad
1510 808 1668 864 urbes,

623 880 680 922 Et
707 879 867 922 referes
892 877 966 939 pili
993 879 1172 939 praemia
1199 876 1342 922 clarus
1371 894 1515 938 eques.

489 1018 629 1050 Triones.
647 1016 727 1049 Aul.
748 1015 882 1049 Gellius
896 1015 955 1048 lib.
975 1015 1029 1056 II,
1043 1027 1074 1048 c.
1091 1028 1108 1048 2
1120 1027 1132 1047 1
1147 1027 1155 1048 :

489 1067 587 1103 ..Sed
614 1080 678 1114 ego
706 1067 849 1114 quidem
880 1080 960 1101 cum
987 1068 1095 1101 Laelio
1123 1075 1158 1100 et

483 1122 645 1157 Varrone
656 1122 780 1163 sentio,
794 1120 854 1166 qui
864 1121 1012 1154 Triones
1024 1119 1158 1153 rustico

484 1175 654 1210 vocabulo
671 1174 861 1220 appellatos
874 1173 1051 1215 scribunt,
1061 1173 1159 1219 quasi

484 1226 653 1275 quosdam
687 1229 835 1267 teriones,
867 1226 936 1260 hoc
963 1234 1034 1267 est,
1063 1238 1159 1259 aran-

485 1281 537 1315 dae
555 1279 780 1325 colendaeque
795 1288 896 1313 terrae
911 1278 1068 1312 idoneos.
1089 1279 1159 1312 Ita-

486 1346 555 1380 que
570 1333 639 1367 hoc
657 1331 769 1374 sidus,
788 1331 884 1378 quod
903 1344 919 1365 a
940 1332 1050 1377 figura
1065 1332 1159 1378 posi-

485 1395 632 1432 turaque
658 1386 732 1431 ipsa
764 1385 845 1431 quia
872 1385 984 1419 simile
1011 1384 1159 1430 plaustri

485 1439 643 1478 videtur,
660 1439 796 1484 antiqui
807 1439 1010 1472 Graecorum
1029 1437 1158 1484 ἅμαξαν

485 1492 672 1534 dixerunt,
691 1491 802 1525 nostri
820 1502 960 1537 quoque
978 1499 1128 1532 veteres,
1141 1503 1160 1524 a

485 1547 600 1579 bubus
624 1545 769 1591 junctis,
799 1544 1074 1590 Septemtriones
1099 1557 1159 1589 ap-

486 1599 662 1645 pellarunt
679 1609 686 1631 :
706 1596 743 1631 id
761 1605 832 1639 est,
849 1610 866 1630 a
886 1605 1018 1643 septem
1034 1597 1160 1637 stellis,

488 1664 529 1685 ex
546 1651 673 1698 quibus
689 1650 786 1696 quasi
802 1649 918 1696 juncti
931 1647 1060 1683 triones
1072 1649 1161 1695 figu-

486 1713 621 1739 rantur.
638 1703 731 1737 Vide
750 1703 809 1737 lib.
832 1704 898 1745 IV,
917 1703 1024 1748 epigr.
1046 1714 1106 1743 xr,
1129 1710 1163 1735 et

489 1758 599 1804 epigr.
622 1770 702 1796 xxv,
728 1769 778 1790 vs.
801 1770 840 1797 2,
860 1768 978 1802 supra.
1001 1757 1052 1789 De
1071 1755 1162 1788 Aulo

489 1809 648 1845 Pudente
669 1811 738 1856 jam
758 1808 892 1843 dictum
911 1809 972 1842 lib.
992 1810 1009 1842 Ι
1023 1835 1031 1850 ,
1053 1808 1161 1854 epigr.

491 1876 590 1898 xxxn
602 1888 612 1904 ,
629 1871 663 1896 et
681 1862 741 1896 lib.
760 1862 807 1903 V,
827 1862 934 1908 epigr.
952 1873 1049 1895 χιιι.

547 1929 579 1950 2.
602 1916 742 1963 Scythici
764 1915 867 1948 sidera
882 1916 969 1957 serre
988 1914 1058 1960 poll
1082 1913 1162 1947 Ald.

489 1971 590 2003 Junt.
609 1968 725 2003 Colin.
739 1968 878 2014 Gryph.
893 1968 1003 2001 Plant.
1017 1967 1162 2000 Junian.

491 2023 649 2056 Pulnian.
675 2022 785 2067 Lang.
810 2021 939 2066 Delph.
967 2029 1032 2054 etc.
1059 2019 1165 2054 Getici

490 2077 695 2121 siderapigra
705 2076 774 2120 poli
783 2072 987 2108 Beverlandi
996 2073 1070 2106 MS.
1084 2085 1162 2106 cuin

489 2130 563 2163 aliis
579 2127 683 2162 codd.

545 2183 578 2216 3.
602 2182 634 2216 O
651 2194 742 2227 qaam
755 2192 847 2225 paene
869 2179 942 2219 tibi,
961 2188 1027 2212 ete.
1049 2179 1162 2221 Quam

493 2248 590 2282 paene
609 2243 768 2268 mortuus
786 2246 872 2266 sum.
890 2231 946 2266 Sic
968 2232 1088 2265 Horat.
1107 2233 1141 2265 ΙΙ
1154 2257 1164 2273 ‚

493 2289 560 2322 Od.
579 2289 619 2322 13
638 2300 646 2322 ε
668 2304 681 2317 α
700 2288 812 2329 Quam
829 2297 926 2332 paene
939 2285 1047 2319 furvae
1059 2297 1163 2330 regna

493 2341 711 2388 Proserpinae
728 2338 900 2373 vidimus!
918 2356 931 2368 n
953 2339 1018 2372 Et).

549 2401 582 2435 4.
595 2395 759 2436 Prosusca
771 2393 948 2426 Pomanus
958 2390 1001 2425 ad
1009 2391 1162 2424 Macrob.

494 2449 634 2481 saturn.
652 2449 668 2480 1
680 2473 688 2488 ‚
712 2446 1089 2491 11‚tentabntflustra;
1103 2443 1163 2477 sed

495 2502 633 2534 frustra.
654 2498 758 2545 Apud
775 2498 881 2531 Ovid.
901 2498 1042 2532 Mehv.
1067 2499 1159 2536 286,

494 2555 619 2599 legitur
637 2571 648 2582 ‹-
663 2553 769 2586 Fusca
787 2559 972 2597 repurgato
987 2551 1163 2596 fugiebant

494 2607 611 2640 nubila
632 2606 714 2640 caelo
734 2623 746 2634 ι-
764 2618 773 2646 ;
795 2605 857 2637 ubi
881 2614 994 2638 tannen
1014 2604 1162 2637 multum

493 2661 623 2693 variant
650 2657 752 2691 codri.
780 2659 860 2690 Ant.
887 2658 925 2689 dv
950 2658 1038 2701 Roor
1059 2669 1161 2701 repo-

1217 1013 1375 1048 nendum
1404 1015 1473 1048 hoc
1498 1015 1619 1049 Nostri
1640 1015 1718 1049 loco
1747 1023 1891 1058 censet,

1218 1067 1325 1100 nubila
1332 1069 1442 1111 furva.
1458 1068 1492 1101 F
1491 1081 1582 1101 ιιι-σω
1600 1067 1781 1114 epitheton
1794 1094 1804 1111 ‚
1820 1081 1892 1115 quo

1217 1132 1354 1166 semper
1375 1119 1419 1154 de
1436 1121 1540 1154 rebus
1558 1121 1703 1154 infernis
1722 1134 1801 1155 usos
1819 1133 1892 1155 esse

1218 1181 1388 1214 auctores,
1399 1171 1534 1206 dudum
1548 1182 1761 1208 monuerunt
1771 1174 1891 1208 Heius.

1219 1225 1263 1259 ad
1277 1225 1382 1260 Ovid.
1397 1226 1482 1260 Met.
1499 1227 1570 1268 ΙΙΙ,
1588 1227 1675 1272 273,
1691 1234 1725 1260 et
1736 1227 1891 1261 Broukh.

1219 1277 1263 1312 ad
1282 1279 1441 1325 Propert.
1460 1280 1526 1321 IV,
1548 1291 1562 1312 1
1575 1291 1588 1312 1
1605 1304 1614 1320 ,
1636 1279 1655 1313 3
1667 1305 1678 1322 ‚
1693 1292 1781 1325 quos
1799 1278 1892 1314 vide.

1218 1354 1271 1358 —
1285 1332 1408 1379 Eb‘siae
1430 1332 1538 1365 nubila
1554 1333 1651 1375 fusca
1674 1333 1796 1378 plagoe.
1818 1332 1893 1366 Etsi

1219 1384 1336 1418 onmia
1376 1385 1412 1417 in
1450 1385 1573 1419 inferis
1607 1385 1676 1419 sint
1712 1386 1807 1419 fusca
1837 1386 1894 1420 vel

1218 1445 1316 1471 atra:
1342 1445 1457 1471 tamen
1480 1436 1734 1471 attendendum
1757 1446 1808 1472 est
1835 1437 1894 1472 hic

1220 1490 1274 1535 agi
1300 1489 1344 1524 de
1368 1491 1487 1536 plaga,
1515 1490 1559 1524 de
1585 1489 1742 1536 quodam
1773 1490 1894 1533 aditu,

1221 1543 1265 1576 ad
1284 1543 1457 1577 feliciores
1469 1542 1582 1585 sedes,
1598 1544 1659 1577 ubi
1672 1556 1802 1590 purum
1821 1552 1895 1578 erat

1219 1597 1359 1637 caelum,
1382 1605 1416 1630 et
1433 1597 1517 1630 caelo
1540 1609 1694 1642 superno
1710 1609 1802 1642 pars.
1825 1597 1893 1631 En.

1276 1649 1308 1682 5.
1330 1649 1480 1694 Quamvis
1496 1650 1585 1695 lapsa
1605 1658 1672 1683 tuos
1686 1649 1894 1684 Beverlandi

1220 1701 1296 1736 MS.
1327 1702 1410 1735 lassa
1434 1710 1467 1735 et
1493 1703 1582 1748 lapsa
1606 1715 1695 1748 saepe
1716 1711 1895 1749 permuta-

1221 1763 1304 1789 runt
1321 1754 1572 1790 lihrarii.Vide
1587 1756 1706 1789 Burm.
1725 1755 1770 1789 ad
1788 1754 1893 1790 Ovid.

1222 1808 1330 1842 Trist.
1349 1809 1384 1841 Π
1400 1835 1409 1851 ,
1431 1808 1500 1850 85;
1519 1806 1562 1842 ad
1581 1809 1742 1855 Propert.
1759 1809 1815 1850 11,
1836 1810 1895 1851 15,

1224 1873 1243 1906 7
1262 1887 1271 1902 ‚
1306 1869 1339 1894 et
1369 1862 1435 1903 IV,
1467 1865 1510 1903 4,
1545 1863 1671 1903 64.--
1690 1862 1894 1906 Quoerebant.

1223 1913 1326 1947 Oculi
1346 1914 1413 1948 mei
1431 1913 1527 1960 quasi
1546 1914 1583 1947 in
1598 1923 1710 1948 morte
1728 1927 1848 1960 graves
1861 1922 1895 1948 et

1222 1975 1379 2001 natantes
1407 1966 1651 2001 desiderabant
1682 1975 1782 2001 tuum
1809 1979 1895 2001 con-

1221 2029 1389 2065 spectum.
1407 2020 1518 2054 Tacit.
1537 2020 1653 2066 Agric.
1673 2020 1735 2062 45,
1750 2020 1810 2053 fin.
1827 2021 1895 2054 En.

1278 2075 1311 2106 6.
1330 2073 1489 2106 Plurimus
1501 2086 1554 2106 ore
1560 2074 1675 2119 pudor.
1690 2072 1896 2107 Beverlandi

1224 2125 1285 2159 MS
1305 2126 1444 2159 exhibet
1461 2138 1469 2159 :
1490 2126 1589 2159 male.
1611 2127 1677 2159 En.

1278 2192 1313 2223 9.
1341 2177 1460 2213 Codex
1488 2178 1602 2212 Oxon.
1635 2191 1741 2224 penes
1767 2178 1896 2213 Farna-

1222 2231 1320 2265 bium
1340 2243 1346 2264 :
1368 2232 1515 2264 reveheris
1534 2232 1579 2264 ed
1597 2245 1680 2265 oras.

1283 2297 1337 2317 10.
1364 2285 1432 2318 Pro
1457 2285 1577 2325 clm-us,
1602 2285 1658 2318 alii
1682 2298 1824 2329 magnus.
1845 2306 1897 2311 ——-

1225 2338 1272 2370 Et
1291 2339 1412 2380 rqfhrcs.
1442 2337 1517 2371 Hoc
1536 2346 1605 2378 est,
1630 2337 1817 2384 primipili,
1837 2351 1896 2371 seu

1224 2391 1330 2436 primi
1356 2391 1570 2424 centurionis
1596 2391 1742 2436 legionis
1762 2391 1897 2424 honore

1224 2452 1257 2477 et
1278 2445 1497 2489 equestribus
1518 2444 1730 2477 ornamentis
1754 2442 1897 2477 decora-

1224 2505 1277 2530 tus
1305 2495 1435 2530 redibis
1459 2508 1466 2529 :
1492 2497 1552 2542 qui
1581 2497 1674 2530 enim
1698 2497 1898 2542 primipilus

1222 2550 1338 2592 flebat,
1350 2550 1463 2583 statim
1479 2550 1513 2582 in
1527 2548 1685 2582 ordinem
1699 2558 1899 2595 equestrem

1223 2602 1504 2643 adscribebatur‚
1520 2611 1604 2636 teste
1625 2603 1745 2648 Lipsio
1765 2601 1811 2636 de
1830 2603 1896 2636 Mi-

1223 2657 1296 2690 litia
1314 2657 1467 2689 Romana
1491 2655 1550 2688 lib.
1575 2656 1619 2688 ΙΙ.
