1978 3305
821 235 881 276 M.
903 234 980 276 VA
998 234 1049 275 L.
1091 233 1486 275 MARTIALIS

1048 378 1276 437 XLIII.

908 531 980 559 Λυ
1029 510 1407 559 εΑεΤΒιοΠΜ.’

527 663 643 705 DUM
676 659 752 703 tibi
782 657 927 702 felices
952 656 1200 718 indulgent,
1225 656 1446 711 castrice,
1469 657 1606 712 Baiae;

596 733 803 790 Canaque
827 727 1028 772 sulfureis
1050 726 1257 789 Nympha
1280 736 1456 770 natatur
1481 728 1626 787 aquis3

525 803 600 844 Me
623 799 889 844 Nomentani
912 797 1175 843 confirmant
1195 797 1282 841 otia
1305 798 1444 852 ruris,

592 872 649 915 Et
673 886 774 915 casa
793 868 1018 930 jugeribus
1043 884 1132 912 non
1153 882 1338 911 onerosa
1365 869 1463 912 suis.

525 942 609 985 Hic
631 941 740 985 mihi
763 939 912 984 Baiani
935 937 1069 993 soles,
1094 936 1320 998 mollisque
1342 937 1581 993 Lucrinus;

592 1013 677 1055 Hie
706 1019 859 1054 vestrae
891 1009 997 1053 mihi
1028 1017 1152 1063 sunt,
1176 1008 1392 1061 castrice,
1415 1008 1586 1052 divitiae.

525 1081 762 1140 Quondam
793 1079 989 1124 laudatas
1012 1094 1290 1140 quocumque
1320 1076 1482 1122 libebat
1504 1077 1560 1122 ad
1584 1078 1722 1123 undas

594 1154 805 1206 Currere,
835 1166 917 1194 nec
946 1148 1098 1210 longas
1128 1149 1402 1210 pertimuisse
1433 1150 1548 1200 vias:

503 1283 518 1297 ⁴¹
531 1285 706 1321 Casu-icus
721 1283 819 1318 Baias
831 1282 1023 1329 petiverat:
1035 1282 1129 1315 Mar-

453 1340 542 1374 tialis
575 1338 640 1380 ait,
672 1337 737 1371 sibi
762 1336 924 1369 Baiarum
951 1335 1031 1368 loco
1058 1347 1130 1368 esse

453 1406 552 1428 suam
566 1392 685 1425 villam
701 1390 957 1423 Nomentanam
970 1414 979 1429 ‚
995 1386 1082 1421 dum
1095 1399 1131 1421 se

453 1446 591 1492 penitus
612 1456 631 1477 a
657 1444 782 1477 morbo
809 1449 945 1475 recreet
968 1454 974 1472 :
1000 1453 1129 1486 aegrum

453 1500 547 1533 enirn
572 1498 668 1531 hunc
699 1495 824 1537 fuisse,
846 1507 865 1527 e
891 1493 1008 1527 verbis
1036 1493 1128 1526 tertii

454 1564 574 1586 versus
595 1549 778 1594 intelligas.

511 1616 542 1639 1.
568 1603 647 1637 Cum
673 1602 728 1634 tibi
751 1598 960 1634 Beverlandi
980 1598 1056 1633 MS.
1078 1619 1124 1625 —

453 1658 575 1692 Felices
586 1655 762 1700 indulgent,
779 1662 844 1687 etc.
858 1653 1003 1686 Nobiles
1018 1652 1130 1698 aquis,

453 1722 617 1750 amoenae,
648 1708 822 1745 salubres,
848 1705 912 1740 tibi
940 1705 1131 1739 liberaliter

454 1776 532 1797 suas
548 1761 688 1796 delicias
699 1759 919 1806 largiuntur3
937 1759 992 1792 vel
1009 1784 1018 1801 ‚
1032 1770 1132 1792 more

455 1816 612 1863 poetico,
642 1821 680 1847 tu
705 1813 864 1846 Baiarum
888 1812 1045 1846 fontibus
1077 1811 1130 1844 in·

455 1869 575 1915 ‹lulges
593 1875 627 1901 et
640 1865 775 1900 lavaris.
799 1865 866 1898 En.

511 1935 545 1954 2.
569 1921 719 1966 Canaque
737 1918 911 1964 sulphureis
930 1916 1016 1949 unda
1036 1925 1130 1949 nata·

457 1984 508 2008 tur
520 1976 621 2021 aquis.
636 1973 717 2006 Non
731 1971 875 2005 omnino
891 1968 1131 2015 spernendum

455 2027 555 2074 quod
576 2026 726 2071 margini
749 2023 964 2069 adscriptum
990 2022 1132 2056 exhibet

455 2080 603 2114 Juntina
620 2086 739 2113 nostra
760 2089 768 2111 :
791 2077 942 2123 Canaque
956 2075 1131 2121 sulphureis

460 2134 607 2180 Nympha
621 2134 754 2178 juvatur
771 2132 871 2176 aquis.
893 2150 944 2155 ——-
967 2128 1130 2175 Canaque.

457 2188 584 2220 Sensus
594 2193 644 2219 est
656 2197 663 2218 ε
677 2185 781 2218 Natas
791 2183 827 2216 in
839 2194 924 2228 aqua
935 2193 1020 2215 cana
1031 2207 1039 2224 ,
1049 2181 1130 2227 quia

460 2240 629 2279 sulfurea;
647 2245 681 2271 et
700 2235 901 2283 Nympham
924 2234 1044 2281 posuit
1065 2247 1130 2280 pro

456 2293 551 2326 sonte
560 2318 569 2333 ,
583 2304 642 2326 seu
656 2302 741 2336 aqua
752 2303 761 2331 ;
776 2289 830 2322 vel
842 2288 888 2321 ob
899 2288 1130 2321 reverentiam

457 2345 610 2379 numinis
629 2355 797 2390 aquarum
810 2342 899 2376 cani.
919 2339 1020 2374 Adde
1035 2339 1130 2386 quod

456 2399 553 2444 aquis
569 2404 740 2444 praeerant
758 2395 952 2441 Nymphae3
975 2401 1008 2426 et
1028 2394 1132 2427 Vete-

456 2464 510 2484 res
527 2463 651 2496 aquam
672 2451 781 2495 ipsam
802 2457 926 2482 vocant
943 2447 1107 2493 rirmplmm
1118 2473 1126 2485 ,

457 2517 560 2550 quam
598 2516 660 2536 nos
704 2510 832 2535 mutata
867 2501 979 2548 prima
1015 2499 1128 2533 littera

457 2558 613 2602 limpham
630 2555 785 2588 dicimus.
799 2555 863 2587 En.

511 2609 542 2643 3.
561 2608 767 2653 Consu-triane.
784 2608 834 2640 Ex
848 2607 915 2640 lioc
927 2606 1035 2640 verbo
1048 2605 1127 2638 licet

452 2663 614 2707 colligere
628 2661 821 2694 Martialem
834 2660 937 2693 fuisse
949 2666 1126 2704 aegrotnm,

1190 1290 1291 1327 atque
1320 1292 1404 1316 tunc
1427 1281 1596 1328 incepisse
1621 1284 1864 1319 convalescere

1189 1335 1223 1367 in
1239 1347 1321 1380 agro
1334 1347 1398 1368 suo
1414 1335 1637 1370 Nomentano
1651 1350 1722 1371 non
1738 1338 1863 1383 procul

1189 1388 1231 1421 ab
1245 1388 1358 1429 Urbe,
1372 1386 1416 1421 de
1427 1401 1498 1433 quo
1510 1389 1571 1423 lib.
1583 1391 1631 1432 ΙΙ,
1644 1402 1700 1436 ep.
1713 1403 1862 1425 xxxvnr.

1243 1444 1276 1480 4.
1293 1440 1368 1474 Νοη
1385 1453 1524 1476 onerosa.
1539 1442 1616 1476 Hoc
1628 1451 1679 1477 est
1689 1469 1699 1484 ‚
1711 1456 1777 1489 pro
1787 1456 1862 1477 mo·

1189 1492 1235 1526 do
1247 1518 1257 1533 ‚
1275 1502 1308 1527 et
1323 1493 1460 1527 ratione
1478 1493 1582 1528 fundi
1598 1495 1784 1538 aedificata,
1799 1509 1863 1531 nec

1188 1546 1293 1579 nimis
1310 1558 1451 1592 magna,
1468 1560 1533 1581 nec
1550 1560 1656 1593 parva
1672 1549 1788 1583 nimis.

1244 1599 1277 1632 5.
1290 1599 1364 1632 Hoc
1376 1601 1452 1632 mihi
1463 1599 1567 1634 codd.
1581 1601 1720 1635 Thuan.
1735 1610 1769 1635 et
1780 1603 1862 1637 Vat.

1189 1671 1240 1677 —-
1255 1652 1322 1684 Hic
1336 1653 1412 1685 mihi
1425 1653 1546 1686 Baiani
1558 1655 1649 1689 soles.
1666 1655 1747 1688 Non
1770 1655 1861 1690 ultra

1189 1704 1451 1739 Nomentanum
1467 1718 1592 1751 agrum
1606 1720 1724 1754 quaero
1739 1708 1862 1742 balnea

1189 1764 1223 1790 et
1250 1756 1391 1792 delicias
1413 1757 1576 1806 (legerim
1605 1760 1723 1806 itaque
1742 1761 1863 1794 delio'ae

1188 1822 1254 1856 pro
1275 1811 1394 1844 diuitiae
1410 1813 1446 1845 in
1467 1825 1518 1858 sq.
1540 1808 1659 1857 versu)
1675 1825 1759 1860 quas
1777 1815 1861 1848 olim

1189 1863 1280 1897 Baiis
1305 1872 1338 1897 et
1365 1864 1401 1897 in
1428 1865 1507 1899 lacu
1529 1866 1682 1900 Lucrino
1708 1879 1863 1912 quaerere

1187 1916 1354 1951 solebam.

1243 1972 1277 2004 6.
1309 1970 1383 2003 Hoc
1409 1971 1485 2003 milu'
1511 1980 1586 2005 sunt
1613 1980 1728 2005 vestroe
1753 1972 1862 2007 codex

1187 2021 1390 2057 Thuaneus.
1410 2024 1476 2057 Hic
1497 2033 1612 2058 nostroe
1634 2026 1711 2058 mihi
1733 2035 1805 2059 sun!
1826 2027 1861 2060 in

1189 2075 1272 2108 aliis.
1290 2077 1341 2109 De
1357 2078 1617 2121 permutatione
1630 2087 1746 2111 nostra»
1761 2087 1795 2112 et
1809 2093 1862 2112 ‘ve-

1188 2136 1263 2160 stroe
1274 2128 1308 2161 in
1323 2130 1534 2164 membranis
1546 2131 1696 2176 antiquis
1708 2130 1789 2165 vide
1800 2145 1862 2166 nos

1189 2179 1232 2214 ad
1249 2181 1376 2215 Catull.
1398 2183 1556 2225 LXVII,
1579 2196 1598 2228 7
1612 2209 1622 2224 ,
1647 2186 1710 2226 18;
1727 2185 1861 2219 Tibull.

1190 2234 1261 2273 111,
1284 2239 1323 2276 4,
1342 2239 1382 2276 43
1399 2244 1432 2269 et
1447 2236 1513 2275 IV,
1530 2249 1546 2269 2
1563 2263 1572 2277 ‚
1589 2241 1648 2277 24.
1663 2238 1731 2271 Pro
1743 2238 1863 2271 {livilioe

1189 2286 1381 2321 Farnabius
1401 2288 1522 2333 legerit
1540 2289 1674 2329 delicioe,
1694 2303 1771 2336 quae
1789 2290 1861 2325 duo

1189 2341 1309 2374 vocab.
1330 2353 1422 2386 saepe
1437 2342 1578 2375 confusa
1598 2355 1616 2376 a
1637 2343 1862 2377 librariis.—

1190 2393 1331 2426 Dim'titr.
1347 2394 1506 2428 Lautitiae
1523 2395 1683 2429 Baiarum
1699 2405 1732 2430 et
1748 2397 1860 2431 luxus.

1244 2459 1277 2491 7.
1305 2446 1425 2480 Codex
1452 2448 1636 2482 Pulmanni
1651 2475 1659 2489 ‚
1682 2462 1862 2496 quacunque

1188 2499 1314 2532 libebat.
1327 2521 1376 2528 -—
1391 2501 1568 2541 Laudatas,
1585 2510 1650 2535 etc.
1666 2502 1774 2535 Baias.
1791 2503 1860 2535 Lu-

1187 2553 1325 2586 crinum
1347 2553 1480 2594 lacum,
1501 2555 1722 2588 Tiburtinam
1736 2582 1745 2594 ‚
1768 2555 1860 2588 Mar·

1188 2606 1287 2644 tiam,
1308 2615 1372 2639 etc.
1394 2607 1472 2639 Lib.
1490 2608 1555 2647 IV,
1574 2607 1684 2653 epigr.
1707 2620 1762 2641 Lx.

1243 2661 1275 2692 S.
1291 2660 1556 2704 Ner-pertimuisse
1570 2665 1647 2693 rius.
1663 2661 1756 2694 Olim
1771 2661 1859 2694 mihi
