1978 3305
398 237 985 281 EPIGRAMMATUM
1024 237 1148 280 LIB.
1187 239 1272 280 XI.

1442 238 1536 300 595

345 325 470 367 Fines
495 340 590 367 mus
614 322 868 384 populatur,
895 332 938 366 et
959 323 1116 367 colono

342 396 567 455 Tanquam
592 410 664 437 sus
689 392 953 454 Calydonius
977 395 1177 448 timetur,

344 466 399 508 Et
430 463 599 509 sublata
622 462 809 507 volantis
831 480 977 525 ungue
998 465 1187 508 Procnes

340 536 393 578 In
416 534 520 578 nido
541 550 662 594 seges
686 543 750 578 est
773 533 1080 590 hirundinin03

343 607 400 649 Et
421 621 555 666 quum
582 613 665 648 stet
690 604 781 647 sine
805 603 937 657 falce,
960 603 1264 665 mentulaque,

343 676 444 719 Non
470 685 535 719 est
556 672 736 717 dimidio
759 672 880 717 locus
905 674 1076 734 Priapo.

343 746 429 788 Vix
454 744 606 805 implet
635 742 1062 804 cochleam'peracta
1091 745 1264 800 messis,

341 817 397 859 Et
425 824 617 859 mustum
647 830 758 858 nuce
788 813 1016 858 condimus
1045 814 1199 875 picata.

340 886 529 940 Errasti,
551 886 675 945 Lupe
690 919 701 940 ‚
727 883 852 928 litera
881 884 956 928 sed
980 900 1091 940 una;

340 957 455 1000 Nam
483 972 569 1016 quo
596 964 793 1014 tempore
818 954 1029 1016 praedium
1058 954 1238 1011 dedisti,

342 1024 521 1069 Mallem
548 1034 596 1068 tu
622 1024 728 1068 mihi
753 1025 985 1086 prandium
1014 1024 1218 1069 dedisses.

131 1141 209 1162 nus.
231 1128 301 1162 Adi
322 1129 405 1162 Juv.
429 1136 492 1162 sat.
505 1129 551 1169 V,
578 1131 648 1168 146
666 1139 700 1160 τα
714 1129 806 1161 Vili-

130 1183 196 1215 bus
219 1182 384 1227 ancipites
404 1181 505 1226 fungi
525 1189 704 1226 ponentur
722 1181 806 1214 ami-

131 1235 180 1268 cis
193 1259 202 1275 ‚
223 1235 364 1268 Boletus
379 1232 536 1267 domiuo.
553 1251 566 1262 »
578 1254 630 1260 --
642 1234 806 1267 ,Μαι-ἱππ).

131 1287 234 1321 Ficus
256 1296 340 1321 sunt
358 1285 541 1332 insipidae:
561 1286 642 1319 alias
662 1287 808 1320 marisca

131 1340 257 1374 ulceris
273 1353 380 1386 genus
400 1347 461 1373 est.

188 1406 202 1426 1
213 1394 246 1427 8.
261 1393 322 1427 Sus
347 1392 555 1439 Calydonius.
571 1392 808 1426 Celeberrima

130 1446 247 1480 bellua
263 1459 368 1492 quam
382 1444 426 1479 ad
436 1444 692 1478 conficiendam
707 1444 807 1490 prin·

130 1499 225 1545 cipes
241 1511 360 1532 omnes
376 1498 524 1532 Graeciae.
538 1498 664 1531 coiere.
676 1499 727 1530 De
741 1498 808 1531 hac

128 1553 199 1597 jam
213 1564 319 1598 supra
333 1551 395 1584 lib.
410 1551 524 1597 Spect.
537 1550 648 1596 epigr.
659 1549 805 1584 xv.Vid.

130 1605 261 1639 volum.
283 1604 458 1650 primum,
477 1616 555 1649 pag.
580 1604 638 1644 25,
660 1616 713 1649 sq.
735 1603 803 1637 En.

186 1669 243 1701 19.
265 1658 413 1690 Procnes.
430 1657 519 1698 Quae
535 1656 601 1690 fuit
621 1656 658 1689 in
678 1656 806 1689 hirun-

130 1710 249 1744 dinem
267 1718 399 1743 mutata
411 1735 420 1751 ,
440 1711 540 1755 cujus
561 1709 707 1743 historia
725 1709 806 1743 satis

129 1772 212 1797 nota
232 1777 240 1796 ε
258 1763 326 1797 hoc
345 1771 396 1796 est
410 1789 419 1804 ,
436 1770 508 1796 tota
523 1774 618 1808 seges
632 1762 703 1796 mei
721 1775 808 1808 prae-

130 1815 179 1849 dii
200 1817 257 1850 vix
278 1815 407 1849 sufficit
427 1813 647 1849 conficiendo
667 1816 729 1849 um'
750 1815 805 1849 hi-

129 1868 292 1903 rundinis
311 1867 411 1902 nido.

187 1935 203 1955 2
214 1933 227 1955 1
238 1949 245 1956 .
259 1922 309 1954 Et
320 1934 412 1968 quum
427 1929 505 1961 stet,
526 1929 592 1954 etc.
610 1921 683 1953 Nec
700 1918 806 1953 dimi-

130 1973 190 2008 dio
218 1974 347 2020 Priapo
371 1974 426 2006 vel
458 1974 585 2007 inermi
614 1973 710 2007 locus
745 1981 806 2007 est.

866 1129 944 1161 Lib.
963 1129 980 1161 I
993 1151 1003 1167 ‚
1028 1129 1137 1174 epigr.
1157 1142 1282 1169 xxxw,
1303 1143 1353 1164 vs.
1372 1132 1406 1172 5,
1425 1140 1459 1165 et
1480 1132 1522 1166 15
1535 1159 1544 1173 ‚

867 1190 902 1215 et
924 1181 987 1214 lib.
1006 1182 1077 1222 ΙΙΙ,
1102 1182 1214 1227 epigr.
1235 1195 1347 1225 LvnI,
1363 1196 1411 1217 vs.
1434 1189 1492 1229 47.

924 1233 981 1267 23.
1008 1233 1164 1267 cochlear
1182 1248 1247 1280 pro
1272 1237 1427 1269 cochleam
1447 1238 1544 1271 exhi-

867 1287 927 1320 bet
959 1286 1071 1320 codex
1109 1289 1371 1335 manuscriptus
1408 1290 1543 1324 Beverl.

869 1340 994 1373 Parum
1018 1348 1134 1373 autem
1153 1342 1308 1374 interest.

923 1392 1088 1432 24.Νιιι·ε
1109 1395 1228 1438 picata.
1261 1394 1389 1428 Resina
1417 1407 1544 1441 nempe

869 1454 902 1478 et
929 1446 1007 1491 pice
1029 1446 1277 1480 oblinebantur
1298 1459 1393 1486 vasa,
1417 1448 1544 1493 quibus

866 1498 990 1531 vinum
1009 1498 1241 1541 condebatur,
1253 1512 1298 1533 ne
1311 1500 1454 1546 spiritus
1469 1501 1545 1535 vini

867 1550 1070 1585 subtili0res
1098 1562 1354 1587 evanescerent.
1376 1554 1458 1588 Juv.
1479 1563 1542 1588 sat.

865 1604 931 1645 IX,
953 1604 998 1638 58
1013 1616 1021 1637 :
1036 1621 1049 1633 ‹-
1065 1605 1153 1637 Nam
1175 1606 1252 1650 quis
1269 1606 1370 1651 plura
1391 1606 1471 1640 linit
1490 1608 1541 1640 vi·

866 1665 968 1691 cturo
991 1655 1084 1691 dolia
1104 1666 1230 1692 musto.
1252 1676 1265 1687 n

922 1722 937 1742 2
948 1710 980 1743 5.
996 1710 1115 1744 Litera.
1129 1728 1141 1740 ιι
1156 1711 1343 1744 Pulmanni
1359 1711 1439 1746 cod.
1458 1713 1542 1758 legit

866 1762 964 1795 literis
989 1762 1131 1804 duabus,
1155 1763 1217 1797 sed
1238 1764 1373 1798 vitiose.
1390 1782 1403 1795 u
1430 1766 1540 1811 Marg.

866 1815 916 1847 ed.
934 1816 1042 1848 Paris.
1062 1817 1172 1861 1617.

923 1880 980 1912 27·
1005 1868 1135 1901 Mallem
1166 1878 1210 1902 m.
1234 1870 1311 1902 Hoc
1343 1879 1410 1912 est,
1439 1871 1539 1905 litera

867 1933 938 1954 una
980 1930 1134 1963 mutata,
1173 1923 1313 1956 mallem
1353 1922 1542 1969 prandium

868 1974 1038 2019 accepisse
1056 1987 1160 2020 quam
1184 1974 1368 2020 praedium.

746 2108 930 2164 XIX.

660 2244 712 2271 m
752 2224 1023 2273 GALLAMf

201 2340 394 2397 QUAERIS
420 2354 498 2382 cur
524 2337 660 2381 nolim
686 2347 728 2381 te
752 2337 937 2390 ducere,
965 2337 1126 2382 Galla?
1156 2339 1316 2384 diserta
1346 2359 1402 2386 es.

184 2438 198 2451 ⁶
218 2443 300 2475 Pete
318 2441 422 2486 hujus
440 2439 695 2486 epigrammatis
715 2439 808 2485 inge-

131 2496 232 2529 nium
257 2503 292 2528 et
317 2493 568 2539 expositionem
597 2505 613 2525 a
642 2492 803 2525 Juvenal.

131 2548 278 2588 sat,V1,
298 2560 346 2580 vs.
373 2549 445 2586 448
469 2545 512 2580 ad
537 2548 622 2590 457.
647 2544 713 2578 Ad.
736 2545 807 2578 Lu-

132 2601 203 2635 cilii
229 2601 311 2634 item
344 2599 452 2645 epigr.
479 2599 541 2632 lib.
574 2599 628 2639 ΙΙ,
655 2610 730 2642 cap.
761 2601 806 2638 46

135 2653 372 2698 Anthologiae‚
383 2657 422 2695 τῇ
437 2650 515 2697 χειρὶ
527 2652 706 2689 σῦλαιιίζει.
720 2651 810 2683 Blar-

867 2439 958 2473 tialis
985 2440 1100 2486 inquit
1127 2440 1293 2476 Brodaeus
1320 2444 1468 2479 Lanuvii
1499 2447 1542 2481 ad

868 2501 984 2537 portas
1004 2505 1075 2526 nou
1096 2494 1249 2540 arrigens
1261 2522 1270 2536 ‚
1290 2495 1400 2531 dicit:
1418 2499 1542 2545 «Saepe
1559 2529 1565 2535 .

868 2545 1099 2579 soloecismum
1115 2565 1146 2589 υ,
1158 2556 1222 2581 etc.

928 2612 957 2632 1.
981 2600 1108 2631 Diserta
1139 2610 1185 2633 est
1220 2602 1431 2637 exhibebant
1462 2604 1541 2638 edd.

872 2660 956 2684 vett.
977 2665 1109 2686 omnes.
1130 2653 1230 2686 Male.

1220 2724 1308 2769 ὅδ’
