1978 3305
478 251 574 305 284

853 253 914 295 M.
941 253 1083 296 VAL.
1121 253 1506 298 MARTIALIS

615 339 708 383 Nec
732 348 774 382 te
797 341 939 384 Roma
963 341 1128 396 minus,
1151 356 1282 401 quam
1306 350 1381 385 tua
1405 343 1626 404 Memphis
1652 354 1794 400 amet,

547 410 752 453 Carmina
780 410 1008 454 Parrhasia
1033 411 1067 454 si
1094 420 1243 455 nostra
1268 411 1468 472 legentur
1498 414 1542 456 in
1569 412 1700 470 aula3

614 474 833 540 (Namque
859 479 1000 524 solent
1024 496 1147 525 sacra
1172 482 1353 526 Caesaris
1379 498 1484 526 aure
1514 477 1628 539 frui).

548 549 704 593 Dicere
734 549 788 593 de
817 550 964 607 nobis,
991 560 1040 594 ut
1068 550 1205 596 lector
1235 551 1466 608 candidus,
1492 552 1627 597 aude:
1868 575 1882 598 5

614 620 904 680 Temporibus
930 630 1108 682 praestat
1136 638 1226 666 non
1255 621 1365 667 nihil
1389 623 1469 666 iste
1498 623 1606 679 tuis;

546 690 640 733 Nec
665 690 816 734 Marso
845 691 1029 735 nimium
1061 692 1203 736 minor
1229 701 1318 749 est,
1343 692 1561 753 doctoque
1587 691 1774 738 Catullo.

615 761 712 804 Hoc
743 761 844 805 satis
873 771 938 805 est
961 778 970 805 :
998 763 1079 823 ipsi
1102 772 1258 807 caetera
1280 762 1442 807 mando
1465 764 1578 807 Deo.

478 892 696 939 —Crispina
718 895 770 928 De
799 908 870 940 quo
898 896 1076 930 Juvenalis
1112 897 1149 930 ll.

478 946 553 979 citt.
569 946 632 980 Ille
642 955 757 980 autem
767 948 921 982 Niliacus
934 949 1151 994 permultum

478 1006 602 1042 potens
632 1000 750 1034 favore
774 1001 840 1034 fuit
865 1001 901 1034 in
928 1002 1004 1035 aula
1027 1002 1150 1035 Domi-

477 1051 573 1085 tiani.
587 1054 834 1088 —Tonantem
848 1055 869 1087 J
873 1066 972 1087 ovem
991 1063 1151 1088 nostrum

478 1105 730 1139 Domitianum.

532 1171 563 1191 2.
595 1159 664 1191 Tua
692 1159 859 1204 Memphis.
889 1160 982 1193 Urbs
1008 1161 1152 1206 AEgypti

477 1211 691 1244 nobilissima
700 1237 709 1253 ‚
719 1211 763 1245 de
774 1212 912 1258 qualib.
924 1212 1038 1258 Spect.
1054 1226 1109 1258 ep.
1123 1226 1151 1247 1.

532 1263 550 1296 3
557 1290 565 1297 .
579 1263 699 1298 Codex
706 1265 737 1298 T
739 1265 848 1298 huan.
859 1265 1007 1310 leguntur
1014 1268 1047 1299 in
1056 1267 1132 1299 aula
1140 1280 1151 1300 :

474 1315 700 1350 Florentinus
720 1329 728 1350 ε
748 1318 895 1363 legantur
909 1321 941 1352 in
958 1332 1080 1353 auram.
1098 1339 1151 1346 -—

474 1369 662 1403 Parrhasia.
699 1371 740 1404 In
767 1371 900 1404 Palatio
935 1372 1150 1414 Domitiani,

475 1422 555 1466 quia
570 1422 619 1456 ibi
639 1423 773 1468 primus
789 1423 974 1458 aedificavit
988 1424 1151 1459 Evander

474 1475 693 1518 Parrhasiu53
716 1477 823 1523 epigr.
844 1490 924 1519 LVI,
942 1491 1059 1524 supra.
1079 1479 1148 1513 En.

529 1528 561 1562 5.
583 1529 653 1562 Alii
678 1542 745 1575 pro
768 1531 870 1571 aude,
899 1531 1019 1576 legunt
1043 1531 1148 1566 audet.

473 1581 549 1615 Hoc
559 1582 807 1628 epigrammate
819 1584 950 1617 librum
960 1584 1149 1630 septimum

1207 896 1380 931 claudunt
1389 895 1469 930 edd.
1480 905 1563 931 vett.
1575 908 1707 931 omnes.
1719 898 1884 932 —Aude.

1210 949 1324 991 Aude,
1335 962 1356 982 o
1365 949 1527 996 Crispine
1538 975 1547 992 ,
1557 958 1596 984 ut
1607 950 1774 984 lectorem
1787 949 1888 985 decet

1209 1001 1397 1035 candidum
1407 1028 1416 1044 ‚
1430 1002 1556 1036 Caesari
1568 1003 1694 1048 legenti
1709 1002 1886 1049 adspirare

1210 1055 1278 1088 hoc
1294 1055 1408 1101 elogio
1422 1067 1430 1087 ε
1448 1055 1540 1088 Certe
1555 1063 1586 1087 et
1597 1056 1647 1088 hic
1660 1055 1824 1089 Martialis
1841 1064 1887 1089 est

1211 1111 1270 1141 oevi
1285 1109 1375 1154 hujus
1393 1110 1440 1140 tui
1455 1116 1667 1141 ornamentum
1680 1135 1690 1148 ,
1709 1121 1728 1141 ο
1743 1108 1865 1143 Caesar.

1266 1173 1299 1206 7.
1331 1161 1399 1195 Nec
1428 1161 1552 1195 Marso.
1582 1162 1635 1194 De
1665 1161 1720 1194 his
1749 1160 1888 1196 duobus

1210 1214 1326 1248 Poetis
1339 1239 1349 1256 ,
1376 1213 1437 1259 qui
1465 1214 1712 1260 epigrammata
1739 1214 1887 1260 scripse-

1210 1274 1314 1307 runt,
1341 1266 1422 1300 vide
1443 1267 1503 1300 lib.
1524 1268 1580 1308 II,
1606 1266 1714 1312 epigr.
1737 1279 1834 1302 Lxx1.

1265 1322 1300 1356 8,
1320 1319 1443 1353 Mando
1463 1320 1542 1354 Deo.
1562 1319 1765 1353 Domitiano
1779 1345 1788 1361 ,
1811 1320 1886 1362 cui,

1210 1385 1322 1418 quum
1344 1373 1388 1406 sit
1407 1385 1486 1418 erga
1500 1372 1595 1406 viros
1611 1373 1728 1418 magni
1750 1371 1885 1417 ingenii

1209 1426 1362 1460 liberalis
1380 1435 1415 1459 et
1435 1425 1616 1458 literarum
1636 1425 1825 1459 aestimator
1841 1426 1887 1459 si·

1209 1479 1286 1512 mul
1310 1491 1349 1513 ac
1367 1479 1482 1512 fautor
1503 1479 1659 1523 egregius
1671 1504 1680 1520 ‚
1699 1491 1791 1512 curae
1820 1478 1888 1512 erit

1208 1532 1337 1565 laboris
1357 1531 1540 1577 praemium
1562 1531 1651 1564 mihi
1676 1531 1886 1576 persolvere.

1210 1583 1293 1618 Vid.
1310 1584 1370 1618 lib.
1383 1585 1430 1626 V,
1444 1584 1553 1630 epigr.
1569 1596 1640 1618 VIII
1651 1610 1661 1626 ,
1678 1596 1729 1618 vs.
1750 1596 1780 1617 1.

971 1876 1040 1903 Al)
1079 1854 1397 1904 PONTICUMJ‘

544 2001 771 2052 PoNTlcE‚
795 1992 872 2059 per
896 2014 1019 2059 reges
1045 1997 1273 2053 discurris,
1297 2007 1341 2042 et
1364 1999 1509 2042 omnia
1536 1997 1722 2054 lustras3

611 2071 775 2129 Magna
795 2068 969 2130 quidem
996 2069 1208 2130 sequeris,
1230 2069 1432 2123 Pontice;
1456 2084 1639 2130 magnus
1664 2068 1798 2112 homo
1825 2085 1883 2112 es.

524 2205 538 2220 '
559 2209 658 2243 Nihil
676 2209 744 2243 hoc
763 2209 798 2242 in
817 2209 1066 2255 epigrammate
1087 2221 1146 2242 va-

475 2263 566 2298 riant
588 2262 682 2296 libri.

525 2338 576 2343 -—
590 2317 666 2349 Hoc
681 2315 894 2362 epigramma
911 2327 977 2361 pro
990 2315 1147 2360 legitimo

472 2383 544 2402 non
560 2381 745 2414 agnoscere
764 2369 978 2415 profitentur
991 2367 1147 2401 Raderus

472 2432 504 2456 et
522 2423 712 2456 Farnabius
723 2448 732 2464 ‚
750 2430 790 2455 ut
808 2430 842 2456 et
858 2420 931 2455 duo
943 2422 1122 2467 sequentia
1135 2445 1145 2462 ‚

474 2477 543 2509 sivo
568 2474 661 2521 quod
686 2489 704 2508 ο
727 2475 837 2508 veteri
862 2474 1051 2520 exemplari
1074 2475 1146 2508 An-

472 2529 605 2574 glicano
622 2529 801 2573 scripserit
822 2528 1054 2569 Pulmannus,
1074 2528 1146 2561 sive

473 2581 567 2626 quod
583 2608 591 2622 ‚
625 2589 662 2614 ut
699 2582 902 2627 pronuntiat
932 2581 1123 2614 Farnabius
1137 2607 1146 2621 ‚

474 2635 642 2668 Martialis
655 2647 797 2668 acumen
811 2635 843 2667 in
856 2635 909 2667 liis
919 2634 1144 2668 desideretur.

484 2712 513 2715 --
527 2688 640 2722 Miror
652 2700 658 2721 :
672 2701 784 2732 nequo
797 2687 887 2720 onim
901 2687 1090 2733 priusillud
1102 2689 1144 2721 ita

1206 2207 1414 2254 illepidum,
1433 2216 1467 2242 et
1496 2220 1573 2254 quae
1601 2216 1795 2254 sequuntur
1816 2208 1886 2241 ele-

1206 2262 1329 2307 gantiae
1347 2270 1380 2295 et
1398 2261 1477 2294 salis
1495 2261 1648 2294 multum
1669 2261 1809 2294 habent.
1830 2261 1883 2293 An

1207 2323 1322 2348 tamen
1334 2315 1452 2348 Nostri
1466 2315 1642 2360 opusculis
1657 2313 1888 2348 adnumeran-

1207 2367 1248 2402 da
1260 2393 1270 2409 ,
1285 2368 1334 2401 nil
1349 2367 1564 2401 decreverim
1580 2380 1588 2401 :
1607 2360 1640 2401 1⁰
1654 2367 1700 2401 ob
1720 2379 1885 2400 versuum

1207 2421 1375 2455 clausulas
1384 2422 1471 2464 sacis
1488 2423 1554 2454 sinc
1575 2420 1679 2461 turba,
1693 2429 1727 2454 et
1741 2420 1883 2457 videare,

1207 2488 1248 2509 eo
1263 2474 1480 2520 negligentiae
1496 2474 1552 2507 vix
1568 2474 1603 2507 in
1617 2473 1715 2507 libris
1735 2471 1885 2519 quinde-

1206 2528 1273 2561 cim
1292 2529 1343 2561 bis
1367 2526 1510 2573 delapso
1533 2527 1716 2568 Martiale;
1740 2520 1776 2559 2⁰
1799 2525 1883 2571 quia

1208 2583 1241 2615 in
1278 2581 1437 2626 ambigua
1467 2593 1551 2613 voce
1581 2588 1615 2613 et
1648 2578 1735 2612 ‹luos
1763 2590 1885 2612 sensus

1207 2634 1602 2679 prael'crcnte,Ji›diat11t·.
1618 2635 1714 2677 jocus
1737 2641 1798 2665 est.
1814 2632 1880 2664 En.

1267 2701 1292 2720 ι.
1312 2689 1373 2720 Ιίϊ
1391 2700 1475 2729 reges
1493 2687 1649 2719 ,liseur-ris.
1678 2685 1715 2718 {tl
1739 2693 1808 2722 est,
1824 2697 1885 2730 per
