1978 3305
359 209 940 253 EPIGRAMMATUM
978 209 1102 251 LIB.
1143 209 1228 251 XI.

1394 207 1494 252 (523

735 361 853 415 LV.

449 517 511 544 DF.
550 516 711 552 LUPO‚
754 516 817 543 ‚an
855 495 1141 544 unmeumf

161 642 424 684 HORTATUR
448 637 541 682 fieri
568 638 683 698 quod
709 648 751 681 te
777 640 950 698 Lupus,
976 638 1163 692 Urbice‚
1187 647 1352 698 patrem
1368 674 1378 693 ,

230 711 297 753 Ne
319 708 469 753 credas
494 725 503 750 :
527 707 631 751 nihil
655 717 744 761 est,
767 707 886 767 quod
911 708 1054 751 minus
1079 707 1147 751 ille
1172 707 1287 751 velit.

160 782 240 823 Ars
268 788 331 822 est
361 777 587 838 captandi,
608 777 725 838 quod
746 776 855 821 nolis
879 776 988 821 velle
1010 777 1170 830 videm

230 850 297 893 Ne
323 848 454 892 facias
478 857 622 909 optat,
643 847 761 908 quod
786 857 911 908 rogat
935 857 984 890 ut
1006 847 1150 892 facias.

159 919 289 963 Dicat
314 927 609 979 praegnantem
637 927 712 962 tua
736 934 780 961 se
803 918 1020 962 Cosconia
1049 927 1241 970 tanturm

228 987 433 1048 Pallidi—or
457 987 531 1032 fiet
550 990 638 1049 jam
663 989 857 1049 pariente
879 990 1041 1048 Lupus.

158 1059 215 1101 At
240 1068 287 1102 tu
311 1057 489 1103 consilio
516 1058 700 1102 videaris
727 1068 776 1101 ut
799 1075 900 1102 usus
926 1058 1073 1112 amici,

224 1129 293 1172 Sic
318 1145 512 1184 morere,
537 1138 586 1172 ut
612 1128 773 1172 factum
800 1138 842 1171 te
864 1137 989 1188 putet
1012 1144 1103 1172 esse
1126 1137 1306 1189 patrem.

141 1256 155 1268 ⁶
166 1259 226 1292 Ad
242 1259 281 1292 U.
295 1260 334 1292 de
348 1260 385 1292 L.
401 1259 456 1293 ed.
468 1260 568 1293 Bar-b.
585 1259 765 1292 Omittunt

87 1313 140 1344 De
160 1313 250 1357 Lupo
268 1311 349 1345 edd.
373 1319 456 1346 vett.
479 1320 513 1345 et
530 1312 656 1357 Delph.

140 1386 192 1390 —
207 1365 331 1399 Monet
346 1365 518 1398 Urbicum
532 1390 542 1406 ‚
562 1373 604 1398 ut
621 1365 761 1410 Lupum

88 1425 304 1462 captatorem
317 1417 474 1450 fallacem
487 1418 581 1451 fallat
590 1445 598 1458 ‚
613 1418 676 1451 etsi
693 1418 763 1450 cal-

89 1468 177 1503 lidus
191 1469 378 1503 consilium
394 1482 494 1504 suum
506 1478 597 1516 tegat
610 1479 643 1504 et
659 1470 764 1504 simu-

88 1522 136 1555 let
155 1522 221 1554 sibi
241 1535 313 1556 esse
331 1522 368 1555 in
386 1524 478 1557 votis
497 1524 608 1557 amico
627 1522 703 1556 dari
720 1522 762 1555 li·

89 1575 193 1607 beros
215 1586 232 1607 a
255 1577 416 1621 conjuge.

147 1639 177 1659 1.
201 1627 458 1672 Hortatur-fieri,
481 1636 547 1661 etc.
565 1627 673 1669 Quod
692 1629 761 1661 Lu-

88 1692 152 1725 pus
165 1688 198 1713 te
211 1680 372 1714 hortatur
383 1681 501 1714 liberis
514 1693 657 1726 operam
667 1679 761 1714 dare.

88 1733 172 1773 Vel,
189 1732 284 1777 quod
298 1734 420 1779 Lupus
437 1733 501 1767 tibi
515 1742 617 1767 vovet
633 1734 762 1767 liberos

88 1796 130 1818 ex
155 1797 272 1819 uxore.
293 1807 343 1812 —-
368 1787 457 1819 Fieri
471 1794 604 1831 patrem.
629 1787 763 1832 Nempe

88 1836 288 1883 adoptando
304 1838 417 1871 filium
431 1864 441 1879 ‚
454 1839 510 1872 vel
525 1839 642 1885 potius
657 1851 762 1884 gene—

87 1889 217 1933 rando,
235 1891 293 1923 cui
309 1891 484 1936 relinquas
505 1899 563 1924 tua
583 1893 684 1924 bona.

878 1259 911 1292 3.
928 1259 1026 1304 Quod
1043 1260 1132 1298 nolis,
1152 1267 1215 1293 etc.
1235 1260 1310 1294 Hoc
1324 1270 1392 1294 est:
1405 1262 1498 1294 Nolle

822 1311 928 1344 videri
936 1312 1017 1344 ‘velle
1024 1320 1165 1357 captare
1175 1320 1416 1347 testamentum
1430 1327 1497 1347 una

824 1373 874 1398 est
889 1377 930 1397 ex
948 1364 1079 1398 artibus
1094 1365 1149 1398 his
1166 1366 1327 1411 plurimis
1344 1379 1447 1412 quas,
1460 1377 1496 1399 ut

823 1417 894 1450 voti
917 1417 1045 1450 certius
1067 1426 1246 1463 compotes
1267 1419 1373 1459 fiant,
1398 1418 1498 1452 adhi-

822 1470 905 1503 bent
927 1469 1152 1515 heredipetae.
1171 1471 1238 1504 En.

878 1524 910 1556 5.
930 1523 1031 1555 Dicat
1041 1532 1272 1567 praegnantem‚
1291 1532 1354 1557 etc.
1373 1525 1495 1569 Fingat

822 1574 929 1608 modo
944 1587 980 1608 se
992 1576 1205 1621 concepisse.
1222 1597 1274 1603 —
1292 1578 1362 1609 Tua
1380 1577 1494 1610 Cosco-

822 1630 887 1661 nia.
908 1628 1008 1661 Uxor
1031 1636 1099 1661 tua.

877 1693 910 1724 7.
928 1682 1045 1714 Amici.
1067 1681 1182 1726 Lupi,
1200 1682 1259 1726 qui
1278 1682 1386 1714 amice
1400 1690 1434 1714 et
1454 1682 1494 1715 fi-

822 1733 948 1766 deliter
962 1733 1030 1766 hoc
1044 1734 1260 1767 consuluisse
1277 1733 1387 1767 videri
1408 1736 1495 1768 vult.

877 1787 910 1819 8.
942 1786 986 1818 L't
1000 1787 1136 1828 factum.
1161 1787 1237 1820 Hoc
1263 1795 1332 1825 est,
1358 1800 1497 1820 morere

824 1839 913 1871 facto
932 1846 1139 1872 testamento
1152 1866 1160 1880 ‚
1184 1840 1218 1872 in
1239 1852 1309 1885 quo
1329 1841 1496 1885 captatori

824 1891 912 1924 nihil
927 1891 1114 1936 relinquas.

710 2027 808 2081 LV
821 2028 863 2082 Ι.

523 2184 576 2212 m
615 2163 1060 2212 CHAEREMonr.⁴

155 2308 297 2364 QUOD
326 2309 507 2352 nimium
537 2308 706 2362 laudas,
730 2309 993 2353 Chaeremon
1018 2309 1163 2353 Stoice
1178 2345 1189 2362 ,
1212 2321 1397 2356 mortem
1413 2348 1424 2364 ‚

225 2379 305 2421 Vis
335 2379 527 2422 animum
557 2379 688 2422 mirer
717 2379 1034 2440 suspiciamque
1062 2389 1202 2423 tuum.

139 2512 153 2525 '
163 2516 444 2557 Chaeremonem,
458 2526 609 2552 mortem
627 2531 667 2551 ex
679 2530 757 2552 sen·

88 2569 194 2602 tentia
231 2569 429 2603 Stoicorum
462 2570 758 2604 contemnendam

86 2620 319 2662 dictitantem‚
337 2623 518 2668 suggillat;
532 2623 758 2669 ostenditque

818 2531 898 2552 eum
909 2529 981 2551 non
1002 2531 1042 2552 ex
1059 2519 1164 2552 animi
1179 2521 1372 2554 constantia
1387 2522 1493 2555 vitam

818 2570 948 2611 odisse,
962 2570 1024 2605 sed
1038 2572 1083 2605 ob
1097 2572 1358 2606 mendicitatem
1377 2574 1490 2608 lucem

819 2625 945 2669 fugere.
974 2624 1087 2658 Fortis
1110 2625 1166 2659 ille
1193 2634 1242 2659 est
1256 2651 1264 2665 ‚
1291 2627 1352 2672 qui
1380 2641 1490 2672 7:322!-
