1978 3305
359 261 936 305 EPIGRAMMATUM
973 261 1098 304 LIB.
1137 261 1222 303 IX.

1395 259 1494 315 [403

650 413 942 469 XXXII.

542 563 613 591 DE
652 563 823 590 VELII
863 543 1056 590 voTo.*

165 683 283 728 DUM
309 699 454 727 comes
478 683 650 726 Arctois
677 682 862 726 haereret
887 682 1068 726 Caesaris
1098 684 1228 727 armis

239 752 411 807 Velius,
441 752 555 796 hanc
586 753 719 796 Marti
746 768 828 812 pro
852 751 963 796 duce
987 753 1110 796 vovit
1134 769 1271 797 avem.

167 826 292 868 Luna
323 832 476 884 quater
504 822 630 866 binos
659 838 749 866 non
774 832 865 866 tota
896 832 1123 883 peregerat
1153 823 1307 877 orbes,

238 893 398 938 Debita
428 892 636 954 poscebat
659 892 749 952 jam
783 893 862 936 sibi
888 902 992 936 vota
1016 894 1148 937 Deus.

169 967 269 1025 Ipse
300 980 398 1008 suas
428 979 555 1007 anser
584 964 839 1025 properavit
865 962 986 1007 laetus
1016 963 1071 1007 ad
1100 979 1219 1019 aras,

240 1036 298 1079 Et
324 1034 482 1079 cecidit
509 1035 667 1078 sanctis
693 1034 836 1078 hostia
863 1049 999 1094 parva
1029 1033 1147 1078 focis.

172 1106 287 1149 Octo
317 1104 438 1149 vides
469 1103 617 1166 patulo
648 1103 837 1166 pendere
864 1105 1125 1148 numismata
1150 1115 1291 1149 rostro

173 1225 333 1278 Βαίὲιος
362 1220 632 1288 Ᾰρκτῴουσδε
659 1228 751 1269 κιὼν
781 1227 866 1285 ἅμα
893 1226 1092 1297 Καίσαρι,
1123 1222 1241 1286 ῥέξειν

244 1289 399 1348 Ηῦξαθ
425 1298 522 1358 ὑπὲρ
548 1297 674 1340 κείνου
700 1297 852 1344 πτηνὸν
879 1299 984 1355 Αρτ,ἰ’
1008 1291 1119 1340 τόδε.

174 1370 319 1412 Κύκλα
345 1368 414 1426 μὲν
440 1369 484 1411 οὐ
512 1369 612 1428 μήνη
641 1361 702 1417 δὶς
726 1368 904 1427 τέσσαρα
929 1371 1102 1421 πλῆσεν,
1123 1368 1269 1429 ἀπῄτει

245 1440 329 1489 Τῆς
353 1441 470 1497 εὐχῆς
493 1442 512 1481 ὁ
536 1438 620 1488 θεὸς
645 1442 773 1499 χρεῖος
796 1437 1059 1495 ὀφειλόμενον.

177 1509 302 1560 Εὐθὺς
331 1508 406 1569 χὴν
439 1510 607 1568 βωμοῖσι
632 1508 856 1568 παρίςαται
886 1509 1195 1562 αὐτοκέλευςος,

248 1578 330 1622 Καὶ
349 1581 444 1622 πέσε
467 1578 556 1639 θῦμ’
580 1579 682 1639 ἱεροῦ
710 1579 822 1632 βαιὸν
847 1579 908 1620 ἐπ’
937 1578 1133 1638 ἐσχαρίου.

180 1641 304 1692 Ona-‹⁸1›
333 1652 425 1709 ὁρᾷς
453 1652 587 1710 εὐρῆος
616 1650 776 1708 άπ-ήορα
804 1650 986 1708 κέρματα
1014 1649 1214 1708 ῥοίμφους;

164 1784 178 1798 “
192 1788 314 1822 Velius
342 1788 487 1833 Crispus
506 1787 542 1820 in
566 1786 788 1832 expeditione

113 1841 301 1876 Sarmatica
318 1865 328 1882 ‚
344 1848 511 1886 sequutus
528 1839 767 1873 Domitianum
779 1865 788 1883 ‚

114 1895 209 1928 vovit
230 1893 337 1928 Marti
365 1905 538 1934 anserem,
560 1893 655 1927 velut
673 1901 788 1926 custo-

115 1947 196 1981 dem
219 1946 380 1981 Caesaris:
402 1946 497 1979 hunc
522 1945 641 1979 laudat
662 1946 789 1987 Poeta,

115 2009 147 2035 et
170 2001 271 2034 simul
296 2007 472 2033 auctorem
502 1999 596 2045 pacis
619 2011 690 2032 esse
713 1999 788 2032 Cae-

116 2066 225 2087 sarem
270 2065 312 2086 ex
348 2052 596 2086 numismatum
630 2051 789 2097 symbolo

117 2105 279 2140 ostendit.
297 2106 482 2139 Rmmzus.

170 2181 220 2186 —
239 2160 290 2192 De
314 2158 404 2191 Vebii
424 2166 501 2191 voto
522 2158 558 2190 in
581 2156 662 2191 Ald.
689 2158 789 2190 Junt.

120 2211 232 2246 Colin.
264 2220 327 2245 etc.
348 2212 400 2244 De
425 2211 515 2243 Vibii
544 2218 620 2243 voto
651 2210 687 2243 in
716 2210 790 2243 aliis

120 2273 203 2298 vett.
220 2265 280 2298 Ad
304 2264 459 2297 Coesarem
486 2263 524 2296 de
549 2276 656 2296 ansere
684 2262 793 2297 codex

121 2316 317 2350 PuImanni.

181 2383 212 2403 1.
235 2371 320 2402 Dum
348 2382 445 2401 comes
467 2368 627 2402 Archadis
658 2368 791 2401 Beverl.

123 2423 199 2456 MS.
216 2443 267 2450 —-
283 2423 367 2455 Dum
389 2434 486 2454 comes
508 2421 647 2454 Arctois.
670 2422 721 2453 De
740 2433 796 2453 ex-

123 2475 305 2522 peditione
342 2474 538 2514 Sarmatiae,
569 2486 645 2519 quae
670 2481 719 2506 est
753 2471 797 2505 ad

124 2529 415 2574 Septemtrionem
428 2553 437 2568 ‚
451 2528 520 2572 jam
542 2538 631 2571 saepe
650 2525 795 2559 dictum.

125 2581 365 2615 Videlib.VII
379 2606 388 2620 ,
405 2579 665 2626 epigr.v.Vibii
685 2579 799 2623 cujus-

127 2633 206 2668 dam
226 2633 438 2668 mentionem
460 2633 539 2666 facit
557 2631 747 2666 Suetonius
764 2632 798 2664 in

129 2686 329 2720 Domitiano
348 2699 421 2732 cap.
444 2685 477 2719 3.

905 1800 936 1819 2.
961 1787 1078 1819 Vebius
1092 1787 1172 1820 hanc
1193 1787 1229 1820 in
1252 1787 1333 1822 edd.
1353 1797 1435 1824 vett.
1460 1793 1524 1824 Vi-

849 1839 917 1871 bius
933 1839 1014 1871 hane
1029 1840 1064 1872 in
1082 1840 1168 1873 aliis.
1188 1840 1298 1874 Velius
1312 1842 1391 1875 Ιιαηε
1401 1844 1523 1878 Bever-

848 1890 946 1925 landi
970 1892 1045 1925 MS.
1060 1914 1112 1919 -—
1130 1894 1228 1926 Vovit
1240 1908 1335 1928 avem.
1355 1897 1523 1931 Anserem

848 1957 976 1990 nempe
995 1946 1142 1979 Romani
1161 1947 1305 1992 Imperii
1328 1949 1522 1983 custodem.

848 1998 926 2032 Lib.
948 1998 1036 2030 XIII
1051 2025 1059 2039 ‚
1074 1999 1184 2045 epigr.
1202 2013 1317 2034 Lxxlv.

904 2050 936 2084 3.
961 2051 1053 2083 Luna
1082 2060 1192 2098 quaret-
1226 2053 1323 2087 binos.
1357 2054 1525 2088 Nondum

851 2103 954 2149 elapsi
973 2112 1071 2137 erant
1085 2113 1164 2138 octo
1184 2119 1337 2146 menses,
1357 2109 1424 2151 jain
1444 2108 1523 2141 Sar-

850 2157 1013 2190 maticum
1030 2157 1161 2191 bellum
1180 2167 1254 2192 erat
1271 2160 1479 2194 confectum.

908 2213 940 2249 4.
951 2210 1049 2243 Deus.
1062 2210 1172 2252 Mars;
1187 2210 1357 2246 redeunte
1370 2213 1502 2248 Caesare
1512 2240 1523 2254 ‚

852 2270 951 2308 parta
974 2274 1016 2295 ex
1035 2262 1197 2298 Sarmatis
1214 2265 1342 2298 laurea.

908 2314 940 2348 5.
964 2315 1035 2359 Ipse
1049 2329 1122 2348 suas
1147 2330 1246 2350 anser.
1269 2318 1390 2358 Quum
1412 2328 1528 2353 autem

853 2367 1005 2400 renitens
1028 2368 1092 2401 iret
1114 2367 1155 2402 ad
1182 2382 1275 2411 aras,
1298 2382 1374 2416 quae
1403 2372 1528 2406 immo-

853 2419 957 2453 landa
988 2428 1061 2453 erat
1095 2421 1250 2463 victima,
1287 2436 1389 2457 omen
1416 2426 1529 2459 infau-

857 2481 950 2506 stum
970 2473 1172 2507 habebatur.

912 2528 944 2559 6.
963 2527 1012 2559 Et
1025 2527 1146 2560 cecidit.
1167 2528 1317 2562 Solenne
1332 2531 1476 2565 verbum
1496 2532 1532 2565 in

859 2578 972 2612 sacris.
992 2578 1083 2613 Vide
1102 2580 1254 2615 Brisson.
1272 2582 1333 2615 lib.
1352 2583 1390 2615 Ι.
1413 2584 1531 2618 Form.

915 2645 948 2675 7.
980 2632 1062 2665 Octo
1094 2633 1194 2666 vides.
1225 2633 1279 2667 Ad
1307 2636 1430 2670 Martis
1454 2650 1534 2671 sane

862 2693 1006 2717 statuam
1026 2685 1135 2729 pozita
1154 2688 1219 2720 fuit
1232 2698 1392 2732 argentea
1408 2692 1536 2723 ancoris

1209 2758 1296 2801 26²
