1978 3305
409 225 469 269 (32

775 226 838 268 M.
864 226 1005 268 VAL.
1045 224 1438 268 MARTIALIS

543 314 686 369 Quem
713 322 854 356 sectus
880 311 1017 355 ululat
1041 312 1191 355 matris
1216 311 1385 355 entheae
1410 310 1586 366 Gallus,

546 383 737 426 Theatra
766 381 952 442 loqueris
965 417 976 435 ‚
998 391 1041 426 et
1065 380 1224 442 gradus
1239 416 1251 437 ‚
1271 390 1315 425 et
1335 381 1500 436 edicta,

543 452 818 512 Trabeasque
833 486 845 504 ‚
869 461 911 495 et
935 451 1062 507 Idus,
1087 450 1350 512 fibulasque,
1372 469 1634 513 censusque;

542 524 601 565 Et
625 523 842 582 pumicata
870 538 1083 582 pauperes
1109 538 1243 565 manu
1271 531 1501 566 monstras.

541 592 703 635 Sedere
730 593 775 634 in
803 593 997 651 equitum
1023 591 1150 636 liceat
1179 608 1235 636 an
1261 592 1340 636 tibi
1365 593 1577 649 scamnis,

545 661 742 716 valebo,
767 661 952 722 Didyme
976 679 984 705 ε
1011 679 1101 706 non
1125 662 1227 707 licet
1252 663 1520 706 maritorum.

460 802 493 835 3.
516 800 624 833 Sectus
648 799 776 834 Gallus.
803 800 980 833 castratus
1006 800 1078 845 Cy-

402 855 496 888 beles
514 852 682 887 sacerdos.
701 874 753 879 ——
774 853 895 886 Ululut'.
915 853 956 885 In
976 853 1080 886 sacris

406 908 557 940 ululatus
577 905 782 951 requiritur.
812 926 865 931 —-
883 905 1001 938 Blatrz's
1024 919 1079 938 en-

408 961 496 993 tlaeeae.
509 959 657 1004 Cybeles
669 958 815 991 numine
828 970 891 991 suo
904 957 1056 991 afflantis
1069 983 1080 1000 ‚

406 1023 439 1047 et
458 1011 654 1045 sacerdotes
672 1011 707 1044 in
725 1012 881 1044 furorem
901 1011 1080 1045 vertentis.

463 1070 497 1106 4.
521 1066 659 1098 Theatra
680 1064 824 1110 loqueris.
844 1064 863 1095 J
869 1076 908 1096 us
929 1065 964 1096 in
981 1064 1079 1096 thea-

407 1128 462 1152 tro
479 1116 678 1163 spectandi,
692 1117 789 1162 quasi
809 1115 852 1149 ad
871 1124 904 1149 te
921 1124 1081 1162 spectent

409 1172 467 1205 illa
481 1170 655 1217 equestria
671 1169 816 1215 insignia
828 1195 837 1210 ‚
858 1168 954 1202 sedes
967 1177 1000 1202 et
1017 1170 1080 1203 lio-

407 1237 523 1258 nores.
549 1243 602 1248 —
632 1223 772 1257 Gradus.
800 1221 1079 1264 Quatuordecim

407 1277 544 1323 gradus.
567 1297 619 1302 —
639 1276 770 1309 Edicta.
791 1276 936 1309 Decreta
957 1276 1080 1309 Domi-

407 1331 504 1364 tiani.
523 1328 603 1362 Vid.
618 1341 712 1374 supr.
729 1328 837 1374 epigr.
850 1340 942 1361 vnr:
963 1346 976 1358 ιι
993 1328 1079 1362 Edi-

407 1392 502 1417 ctum
533 1381 668 1415 domini
699 1380 826 1428 deique
855 1382 981 1423 nostri,
999 1382 1079 1423 Quo

407 1436 567 1470 subsellia
583 1435 743 1468 certiora.
763 1452 777 1464 ›‚

465 1491 497 1523 5.
523 1488 720 1532 Trabeasque
728 1514 737 1528 ‚
769 1496 800 1520 et
826 1488 914 1521 Idus.
937 1487 1081 1533 Equites

407 1542 556 1576 Romani
575 1541 742 1580 trabeati,
757 1553 816 1574 seu
836 1539 951 1573 induti
972 1549 1080 1574 vestes

408 1595 564 1629 trabibus
592 1606 790 1640 pannorum
818 1594 902 1626 albis
932 1601 966 1627 et
994 1606 1080 1639 pur-

407 1648 525 1694 pureis
548 1648 747 1680 intertextas
766 1646 1081 1680 transvehebantur

407 1701 522 1734 idibus
538 1701 645 1746 juliiS.
662 1700 780 1733 Valer.
803 1700 899 1733 Max.
923 1699 984 1732 lib.
1004 1699 1057 1732 XI
1071 1724 1080 1740 ‚

409 1767 483 1799 cap.
504 1767 515 1787 1
531 1767 542 1787 1
553 1781 560 1787 .
575 1752 658 1786 Vid.
676 1753 815 1799 Bayssus
828 1778 836 1793 ‚
852 1751 896 1785 de
909 1764 947 1785 re
962 1752 1082 1785 vestia-

409 1808 460 1840 ria
473 1832 481 1848 ‚
498 1819 571 1852 cap.
592 1818 642 1838 10.
666 1806 935 1839 Coronabantur
951 1814 984 1838 et
997 1805 1083 1838 oleae

410 1860 514 1894 ramis
531 1860 566 1892 in
587 1871 626 1892 ea
640 1859 894 1892 transvectione
906 1885 914 1899 ,
930 1866 968 1891 ut
981 1857 1084 1892 docet

409 1912 671 1958 DionysHalic.
690 1912 750 1945 lib.
763 1912 826 1944 VI.
845 1912 964 1958 Antiq.
980 1913 1082 1945 Rom.

411 1967 529 2007 Quare
559 1965 660 1997 idibus
677 1966 798 2010 juliis?
824 1963 928 2005 Quod
959 1978 999 1998 eo
1026 1964 1083 1998 die

409 2019 542 2064 equites
555 2045 563 2059 ‚
582 2018 724 2051 Castore
741 2027 773 2051 et
790 2018 930 2051 Polluce
948 2018 1029 2051 visis
1047 2018 1083 2051 in

410 2072 529 2116 praelio
553 2084 618 2117 pro
641 2083 679 2104 re
705 2072 860 2104 Romana
889 2071 1059 2104 stantibus
1074 2097 1083 2113 ‚

412 2125 553 2157 Latinos
591 2124 752 2158 vicerint.
790 2145 842 2150 —
878 2124 1082 2169 Fibulasque.

412 2178 491 2210 Non
512 2177 759 2223 adstrigmenta
779 2177 835 2210 illa
860 2185 893 2210 et
911 2176 1085 2211 custodias

412 2230 556 2276 pudoris
569 2257 577 2273 s
590 2229 634 2263 ‹le
651 2231 779 2275 quibus
792 2230 854 2263 lib.
867 2231 937 2263 VII
949 2256 958 2271 ,
973 2230 1084 2275 epigr.

414 2296 538 2324 1.xxx1‚
566 2293 599 2317 et
627 2284 686 2317 lib.
717 2283 821 2323 XIV,
847 2283 956 2328 epigr.
979 2296 1086 2325 ccxv,

412 2336 469 2369 sed
494 2337 614 2370 [ilmlas
638 2337 710 2370 illas
731 2337 764 2369 in
791 2337 980 2370 nobilitatis
1003 2337 1085 2370 insi-

412 2402 479 2435 gne
498 2390 672 2435 equitibus
691 2389 860 2431 indultas,
873 2399 905 2422 et
919 2389 1088 2423 Tribunis

411 2456 531 2476 aureas
552 2443 584 2475 in
606 2443 721 2476 trabea
744 2443 798 2476 vcl
823 2442 1008 2488 chlamyde
1028 2455 1086 2489 ge-

409 2505 522 2530 statas.
550 2497 626 2529 Liv.
651 2496 824 2529 Plutarch.
855 2496 1030 2530 Pancirol.
1053 2505 1086 2530 et

1138 801 1207 834 alii.
1230 822 1281 826 --
1303 800 1489 847 Censusque.
1514 802 1699 847 Equestres
1724 802 1810 843 ;lib.

1139 854 1204 894 IV,
1221 853 1328 899 epigr.
1349 866 1446 887 van
1458 879 1468 895 ,
1486 867 1535 887 vs.
1561 867 1592 888 1.

1192 908 1226 939 6.
1246 906 1411 939 Pumicata
1426 933 1434 945 ‚
1461 915 1526 940 etc.
1552 907 1694 940 Pumice
1716 907 1810 940 laevi-

1138 967 1214 1003 gata
1228 984 1237 1000 ‚
1258 971 1336 1004 quae
1353 958 1580 993 delicatorum
1602 967 1675 993 erat
1694 960 1810 992 molli-

1139 1012 1214 1044 ties.
1236 1012 1325 1044 Nam
1347 1023 1389 1044 eo
1409 1012 1587 1054 mollitiei,
1607 1024 1678 1045 non
1696 1011 1809 1045 dicam

1139 1064 1316 1109 elegantiae
1329 1090 1339 1105 ,
1360 1064 1518 1098 devoluti
1540 1073 1636 1098 eraut
1651 1091 1661 1106 ‚
1681 1073 1721 1098 ut
1740 1077 1812 1097 non

1138 1118 1250 1150 solum
1270 1130 1410 1159 manus,
1429 1117 1489 1150 sed
1508 1126 1541 1150 et
1557 1118 1638 1151 alias
1654 1118 1813 1163 corporis

1138 1178 1252 1215 partes
1270 1197 1280 1210 ‚
1315 1171 1452 1216 pumice
1483 1169 1549 1203 sibi
1586 1170 1783 1216 laevigarent
1803 1182 1811 1203 :

1138 1235 1275 1268 expono
1291 1236 1374 1269 ergo
1386 1225 1577 1268 pumicatam
1593 1236 1716 1256 manum
1734 1249 1742 1263 ,
1763 1231 1813 1255 te-

1137 1288 1257 1309 neram
1270 1301 1280 1317 ,
1293 1277 1428 1317 laevem,
1444 1276 1604 1315 mollem,
1617 1275 1814 1315 delicatam,

1138 1330 1256 1374 quales
1292 1337 1372 1363 sunt
1399 1329 1572 1362 nobilium
1600 1329 1811 1362 feminarum

1140 1390 1174 1415 et
1194 1394 1400 1427 puerorum.
1427 1382 1518 1415 Plin.
1546 1382 1610 1415 lib.
1632 1382 1814 1422 XXXVI,

1139 1443 1173 1469 et
1191 1435 1252 1468 lib.
1274 1436 1327 1475 ΙΙ,
1345 1447 1422 1480 cap.
1450 1446 1464 1467 1
1477 1448 1489 1468 1
1507 1447 1516 1476 3
1535 1435 1665 1468 Juven.
1686 1434 1755 1468 Sat.
1772 1446 1810 1467 vx

1138 1497 1173 1522 et
1192 1501 1286 1529 Vl11;
1306 1487 1427 1522 Sidon.
1440 1488 1554 1533 Apoll.
1568 1487 1627 1521 lib.
1647 1488 1664 1520 I
1677 1513 1686 1528 ‚
1706 1487 1808 1533 epist.

1141 1554 1160 1586 7
1175 1567 1184 1582 ,
1212 1549 1277 1574 etc.
1299 1563 1352 1568 —
1371 1542 1531 1585 pauperes
1556 1548 1720 1573 monstras.
1746 1540 1813 1573 Per

1138 1602 1396 1639 contemptum.

1194 1659 1229 1692 7.
1244 1647 1408 1680 Salem...
1422 1660 1463 1678 un
1478 1647 1580 1679 liceat.
1595 1646 1724 1679 Utrum
1738 1657 1815 1691 per-

1140 1699 1299 1733 miserint
1333 1699 1396 1732 tibi
1427 1698 1547 1733 sedere
1577 1698 1814 1744 designatores

1141 1752 1302 1786 Oceanus
1328 1761 1361 1786 et
1382 1753 1521 1786 Lectius
1549 1750 1815 1798 quatuordecim

1141 1806 1177 1839 in
1198 1806 1358 1851 equitum
1378 1805 1560 1838 subselliis.

1195 1859 1228 1892 8.
1249 1858 1372 1892 l'idubo
1398 1858 1533 1904 Didyme
1555 1858 1591 1891 in
1611 1858 1711 1890 Junt.
1731 1869 1813 1890 ann.

1147 1916 1255 1952 1512;
1278 1911 1435 1957 quamvis
1455 1912 1489 1944 in
1511 1911 1671 1944 lemmate
1690 1910 1816 1943 habeat

1142 1965 1340 1998 Dindimum.
1359 1986 1411 1990 —-
1431 1966 1449 1996 Ῑ
1458 1964 1562 1997 ἰ’[ΙεΙνο.
1580 1965 1635 1996 An
1652 1963 1697 1997 sis
1713 1975 1816 1996 verus

1143 2030 1269 2064 eques,
1301 2018 1327 2051 si
1352 2030 1479 2063 nempe
1508 2015 1742 2062 designatores
1769 2016 1815 2048 si-

1143 2072 1257 2104 verint
1280 2070 1401 2104 sedere
1428 2080 1462 2104 te
1488 2071 1523 2104 in
1549 2067 1816 2116 quatuordecim

1143 2124 1328 2157 subselliis.
1358 2145 1408 2150 -—
1433 2124 1507 2157 Non
1527 2124 1610 2156 licet.
1635 2121 1762 2155 ¹Sedere
1781 2122 1816 2154 in

1144 2177 1292 2211 scamnis
1329 2177 1534 2210 maritorum
1548 2201 1558 2216 ‚
1584 2176 1665 2222 quia
1707 2173 1817 2221 spado

1145 2242 1200 2272 es,
1218 2230 1273 2264 vel
1292 2230 1522 2264 effoeminatus
1540 2237 1579 2263 ut
1603 2227 1722 2275 spado.
1749 2228 1818 2261 Or-

1144 2282 1262 2317 dinem
1301 2296 1385 2316 vero
1419 2283 1625 2316 maritorum
1661 2282 1744 2315 olim
1782 2281 1818 2314 in

1144 2337 1282 2370 theatro
1305 2335 1389 2369 locis
1408 2336 1562 2369 honestis
1587 2335 1817 2369 constituerat

1145 2392 1332 2435 Augustus.
1361 2390 1548 2422 Suetonius
1576 2389 1611 2422 in
1638 2391 1819 2434 Augusto,

1145 2455 1218 2488 cap.
1235 2447 1278 2483 44
1292 2456 1300 2484 ;
1316 2443 1427 2476 Tacit.
1440 2443 1566 2476 Annal.
1579 2443 1650 2483 1113
1667 2443 1706 2475 A.
1725 2441 1815 2474 Gell.

1144 2496 1205 2529 lib.
1228 2498 1284 2537 ΙΙ,
1303 2508 1377 2542 cap.
1401 2497 1458 2530 15.
