1978 3305
840 236 899 277 M.
930 236 1063 278 VAL.
1105 236 1496 279 MARTIALIS

1093 390 1227 447 CII.

979 547 1043 575 DE
1076 527 1362 575 PHILENOf

677 674 786 728 QUA
817 671 957 715 factus
986 672 1151 714 ratione
1182 672 1236 714 sit
1262 672 1470 732 requiris,

674 742 763 798 Qui
789 758 1012 803 nunquam
1040 741 1191 796 futuit,
1213 752 1337 802 pater
1368 740 1600 785 Philenus'z‘

678 812 946 867 Gaditanus,
970 814 1118 867 Avite,
1148 814 1262 856 dicat
1288 812 1426 865 istud,

678 885 767 939 Qui
800 883 952 928 scribit
984 882 1112 936 nihil,
1140 893 1182 926 et
1213 893 1359 927 tamen
1387 892 1514 944 poeta
1546 892 1620 925 est.

521 1002 534 1015 ¹
560 1006 617 1039 Ad
644 1007 678 1039 A
685 1008 801 1046 vitum,
838 1006 876 1038 de
908 1006 1054 1038 Plzilaeno
1083 1004 1137 1038 ed.

469 1059 607 1092 Bai-boa.

521 1133 572 1138 —-
584 1113 691 1145 Jocus
705 1120 756 1145 est
773 1112 810 1144 in
823 1111 1010 1144 Philenum
1026 1119 1059 1144 et
1075 1111 1141 1145 Ga-

468 1164 650 1207 ditanum,
675 1177 826 1210 quorum
857 1165 943 1198 alter
969 1163 1141 1198 adulterio

468 1219 585 1251 uxoris
607 1219 757 1251 habebat
780 1218 890 1258 filios,
916 1218 1002 1252 alter
1028 1218 1142 1251 alieno

468 1272 622 1304 carmine
642 1272 708 1304 sihi
730 1270 908 1305 vindicato
929 1271 1069 1304 volebat
1091 1271 1142 1303 vi-

469 1323 545 1358 deri
568 1332 682 1370 poeta.

527 1391 556 1410 2.
567 1378 730 1410 Philaenus
738 1377 794 1412 ed.
802 1378 902 1411 Βανά.
912 1378 1142 1423 proPlzilelms.

525 1432 558 1464 3.
583 1431 787 1471 Gaditanus,
822 1440 886 1464 etc.
907 1431 1030 1476 Neque
1049 1431 1142 1464 enim

469 1483 610 1517 dolebat
622 1483 679 1517 ille
689 1481 898 1529 ψευδοπάτηρ
912 1484 1068 1530 conjugis
1079 1484 1146 1517 sibi

470 1536 642 1570 adulterio
658 1538 753 1571 nasci
773 1537 865 1571 filios
886 1550 894 1571 ε
917 1538 984 1570 hoc
1013 1537 1147 1571 scilicet

470 1599 573 1635 pacto
583 1591 769 1624 habiturus
777 1589 874 1636 quod
882 1591 971 1623 male
979 1591 1148 1624 salsorum

1200 1004 1331 1038 facetiis
1353 1013 1387 1038 et
1406 1003 1654 1037 scommatibus
1672 1016 1878 1049 responsum

1200 1059 1386 1103 ingererem
1395 1056 1478 1090 dein
1484 1058 1562 1102 jure
1570 1056 1679 1089 trium
1688 1057 1879 1090 liberorum

1201 1110 1380 1144 ornandus
1394 1136 1404 1152 ,
1429 1108 1527 1155 quod
1552 1109 1713 1155 plurimis
1734 1109 1771 1143 id
1792 1118 1881 1144 tem-

1201 1164 1297 1210 poris
1317 1163 1573 1210 optatissimum
1601 1162 1677 1196 fuit.
1705 1162 1812 1196 Unde
1833 1163 1881 1196 sic

1202 1216 1297 1263 apud
1306 1217 1389 1250 Juv.
1401 1216 1538 1250 adulter
1551 1216 1785 1249 mercenarius
1797 1241 1806 1256 ‚
1819 1224 1879 1249 sat.

1203 1283 1240 1304 1x
1254 1297 1262 1312 ‚
1280 1272 1324 1304 82
1341 1282 1370 1303 2«
1380 1270 1524 1303 Nullum
1539 1282 1621 1314 ergo
1633 1268 1797 1302 meritum
1811 1278 1882 1310 est,

1203 1324 1337 1369 ingrate
1349 1336 1387 1357 ac
1396 1322 1541 1369 perfide,
1554 1321 1806 1367 nullum,qu0d
1819 1322 1883 1355 tihi

1203 1377 1333 1410 filiolus
1355 1377 1410 1410 vel
1433 1376 1504 1410 filia
1531 1375 1687 1409 nascitur
1712 1388 1752 1409 ex
1774 1375 1848 1408 me!
1864 1393 1877 1404 υ

1205 1439 1238 1463 et
1257 1442 1335 1475 quae
1354 1438 1570 1475 sequuntur;
1591 1428 1884 1474 quaeingeniosis-

1206 1483 1291 1517 sima
1327 1482 1471 1529 quidem
1498 1491 1532 1515 et
1567 1481 1779 1515 amarissimo
1816 1481 1884 1514 sale

1207 1549 1323 1583 sparsa
1335 1544 1462 1570 cuncta
1476 1536 1568 1581 legas
1580 1560 1590 1577 ,
1605 1543 1725 1568 auctor
1740 1534 1802 1568 tibi
1820 1546 1884 1580 ego

1207 1589 1536 1623 vehementissimus
1555 1601 1644 1622 sum.
1660 1588 1726 1621 Eu.

1088 1726 1264 1783 CIII.

658 1886 726 1914 AD
766 1885 1068 1913 MUNICIPES
1105 1884 1234 1913 SUOS
1274 1860 1684 1912 BlLBlLlTANOS.*

543 2006 830 2059 MUMClPES,
857 2007 1051 2064 Augusta
1082 2003 1185 2047 inihi
1213 2020 1322 2063 quos
1350 2000 1512 2046 Bilbilis
1537 2002 1624 2045 acri

527 2138 539 2149 ‘
563 2139 642 2172 Suos
675 2138 807 2171 omittit
832 2135 939 2170 codex
964 2136 1147 2171 Pulmann.

474 2193 653 2226 Biblitanos
676 2204 742 2237 pro
767 2191 905 2225 Bilbilit.
927 2189 983 2223 ed.
1005 2190 1147 2223 But-hou.

473 2246 588 2279 nescio
609 2258 651 2278 an
672 2257 734 2290 per
759 2256 926 2278 errorem.
947 2243 1006 2277 Ad
1020 2242 1150 2276 Bilbili-

473 2308 563 2331 tanos
585 2311 680 2343 agros
704 2297 786 2332 edd.
808 2305 891 2331 vett.
904 2297 1014 2330 ——Ut
1029 2305 1067 2329 ut
1087 2295 1129 2329 sit
1142 2321 1150 2336 ,

474 2353 578 2386 Poeta
609 2351 807 2386 rediturum
833 2363 869 2384 se
895 2350 992 2384 brevi
1020 2350 1056 2383 in
1085 2361 1147 2394 pa-

475 2406 573 2439 iriam
596 2405 666 2438 suis
688 2405 822 2438 civibus
844 2403 1040 2437 denuntiat.

533 2472 543 2492 1
554 2486 561 2492 .
580 2459 756 2503 Municipes
769 2466 905 2502 ungusta
919 2485 925 2491 .
939 2484 945 2490 .
958 2483 963 2489 .
977 2458 1048 2501 agri
1065 2455 1148 2489 edd.

475 2521 555 2545 wit.
597 2512 782 2544 BilbiJitano
811 2523 876 2556 pro
914 2511 1039 2543 Bilbilis
1073 2512 1149 2541 ucri.

473 2564 551 2598 cod.
573 2565 707 2598 Bevcrl.
721 2565 965 2610 ——fllunicae'Ja-s.
985 2563 1060 2595 lloc
1081 2571 1130 2595 cst
1145 2589 1152 2602 ‚

473 2618 504 2650 ()
515 2618 605 2651 cives
617 2618 897 2658 13i11›ilitani,1nei
910 2617 1152 2662 populares.—

482 2673 647 2711 :tw-usta,
668 2680 730 2703 etc.
749 2672 827 2703 [ib.
842 2672 854 2703 l
869 2697 875 2703 .
891 2684 943 2715 ep.
962 2684 996 2709 1,,
1016 2671 1050 2700 'lt
1069 2689 1077 2697 r·
1093 2669 1151 2701 Vi—

1210 2135 1310 2169 debis
1330 2135 1450 2175 aham,
1466 2133 1647 2167 Liciniane
1660 2158 1668 2172 ,
1684 2131 1839 2164 Bilbilim
1857 2144 1887 2171 „3

1209 2189 1270 2222 uhi
1289 2188 1424 2234 egimus
1439 2187 1543 2220 etiam
1558 2184 1602 2219 de
1618 2186 1746 2219 Salone
1764 2183 1886 2217 fluvio.

1211 2241 1294 2276 Vid.
1305 2253 1446 2287 quoque
1462 2238 1586 2273 Sidon.
1601 2238 1795 2284 Apollinar.
1809 2249 1886 2282 cap.

1212 2308 1268 2329 21.
1288 2294 1436 2329 Colonia
1451 2293 1523 2327 scil.
1545 2292 1680 2326 Bilbilis
1697 2301 1731 2325 et
1744 2291 1780 2324 in
1799 2302 1888 2324 aereo

1209 2349 1344 2383 Tiberii
1362 2359 1509 2382 nummo
1526 2346 1692 2391 inscripta
1713 2345 1864 2389 Augusta
1880 2370 1887 2382 ,

1211 2411 1295 2436 teste
1321 2401 1483 2446 Adelpho
1511 2400 1652 2433 Occone
1676 2398 1710 2431 in
1732 2396 1886 2430 Tiberio.

1212 2456 1280 2488 Alii
1307 2456 1368 2500 leg.
1401 2461 1549 2499 augusta.
1577 2453 1621 2486 Et
1647 2460 1684 2485 ut
1718 2451 1890 2484 Gruterus

1214 2509 1344 2554 inquit,
1365 2515 1501 2552 ungenta
1522 2508 1596 2550 agri
1618 2505 1803 2538 vocabitur
1824 2501 1893 2535 Bil-

1214 2562 1291 2595 bilis
1305 2588 1312 2601 ‚
1335 2561 1390 2594 cui
1410 2561 1483 2593 fero
1503 2559 1590 2592 nihil
1613 2557 1771 2592 additum
1792 2555 1864 2600 agri
1883 2580 1891 2595 ‚

1213 2616 1259 2648 ob
1277 2623 1431 2649 monte-m
1444 2614 1477 2647 in
1490 2626 1558 2659 qno
1575 2610 1890 2657 poniturf-Acrm

1218 2669 1281 2702 Alii
1296 2669 1413 2712 legunt
1430 2667 1510 2699 alto:
1534 2665 1612 2698 alibi
1629 2664 1719 2698 enim
1736 2661 1890 2696 Bilbilim
