1978 3305
485 220 573 269 1¹4

858 214 918 256 M.
937 213 1077 256 VAL.
1117 212 1502 256 MARTIALIS

614 307 755 363 Atque
781 303 942 345 intrare
966 299 1119 343 domos
1139 299 1258 359 jussa
1278 298 1490 344 Pudicitia
1514 310 1603 353 est3

544 376 631 418 Aut
664 373 828 427 minus,
853 380 928 414 aut
957 378 1072 413 certe
1098 385 1186 412 non
1216 367 1311 429 plus
1340 370 1555 413 tricesima
1582 369 1653 413 lux
1678 379 1738 413 cst
1765 387 1772 412 ς

614 446 669 487 Et
694 442 818 485 nubit
845 440 1013 483 decimo
1033 439 1122 499 jam
1148 437 1379 482 Thelesina
1404 440 1512 483 viro.

545 515 655 570 Quae
683 512 807 555 nubit
838 511 984 562 toties,
1010 525 1099 553 non
1125 508 1279 552 nubit:
1306 508 1502 552 adultera
1532 509 1624 569 lege
1651 519 1725 553 est.
1866 530 1879 552 5

615 581 832 625 Offendor
859 579 1027 623 moecha
1059 578 1321 640 simpliciore
1347 580 1502 623 minus.

477 733 565 767 saepe
587 719 755 754 ludebant
778 719 815 751 in
837 717 1030 752 accusando
1050 716 1148 750 adul·

474 784 566 814 tero,
584 773 629 806 ita
647 782 686 805 ut
696 771 873 805 nonnullae
889 771 980 804 intra
992 782 1146 803 mensem

472 827 586 860 decies
598 826 774 859 nuberent
786 850 795 866 ,
810 831 850 857 ut
861 823 935 857 haec
947 823 1146 856 Thelesina.

473 880 613 912 -Julia
627 879 676 911 les
684 877 822 923 populis,
839 885 903 910 etc.
917 877 970 909 Ex
979 888 1049 922 quo
1061 885 1147 909 tem-

473 945 558 978 pore
584 930 802 964 Domitianus
830 929 1008 963 revocavit
1037 929 1148 974 legem

472 985 599 1018 Juliam
614 997 631 1017 a
646 984 684 1017 C.
697 983 793 1016 Julio
808 983 942 1016 Caesare
956 981 1148 1015 Octaviano

473 1046 593 1071 eontra
612 1036 789 1070 adulteros
810 1035 927 1068 latam.
943 1033 1036 1067 Vide
1052 1033 1146 1067 Suet.

476 1090 604 1124 Domit.
621 1103 699 1135 cap.
720 1091 755 1130 8.,
768 1095 802 1121 et
821 1100 925 1133 supra
943 1087 1146 1132 epigramm.

474 1155 503 1176 ιι
524 1151 557 1176 et
579 1155 628 1176 1v.
645 1142 805 1175 Primum
822 1140 890 1173 hoc
914 1139 1088 1172 distichon
1113 1139 1148 1171 in

472 1195 556 1229 edit.
576 1194 792 1229 Scriveriana
812 1191 1046 1235 desideratur,
1065 1204 1151 1226 con-

473 1249 596 1281 silione
618 1247 748 1293 ipsius,
768 1258 810 1278 an
830 1245 965 1278 incuria
988 1253 1148 1291 typogra-

473 1300 602 1347 phica?
626 1301 697 1333 hoc
726 1297 868 1332 videtur
894 1310 936 1332 ex
962 1298 1147 1338 lemmate,

474 1354 534 1387 ubi
554 1352 707 1386 Faustini
727 1351 872 1384 mentio.

532 1420 562 1439 2.
580 1407 620 1439 In
638 1404 718 1438 edd.
734 1411 817 1438 vett.
834 1411 881 1436 est
899 1404 935 1436 in
951 1403 1021 1436 fine
1039 1402 1146 1437 deest.

530 1459 561 1491 3.
582 1459 650 1491 Aut
667 1461 778 1497 minus,
799 1465 864 1490 etc.
881 1457 976 1490 Intra
995 1469 1148 1489 mensem

475 1512 526 1545 vel
544 1512 587 1545 30
601 1510 674 1544 dies
686 1509 872 1544 Thelesina
887 1512 1004 1554 nupsit
1022 1508 1146 1543 decies.

1263 720 1297 756 4.
1314 717 1363 750 Et
1371 717 1465 750 nubet
1478 717 1604 762 legitur
1618 718 1652 750 in
1668 716 1788 751 codice
1801 717 1882 750 Pul-

1210 781 1340 803 manni.

1263 822 1295 855 5.
1326 822 1483 855 Adultera
1514 823 1581 866 lege
1611 830 1666 855 est.
1696 822 1727 854 T
1729 821 1882 856 helesina

1207 874 1321 916 enim,
1347 886 1392 907 ne
1416 873 1576 908 adulterii
1599 884 1840 917 accusaretur,
1864 887 1882 908 a

1206 928 1332 960 marito
1350 926 1531 973 repudiata
1550 928 1703 961 nubebat
1722 928 1882 970 moecho,

1208 987 1312 1025 atque
1334 980 1486 1025 conjugii
1511 980 1654 1013 nomine
1675 981 1883 1026 praetexebat

1209 1030 1429 1065 adulterium.
1453 1031 1509 1065 Sic
1530 1041 1603 1066 erat
1623 1032 1779 1066 adultera
1798 1033 1884 1079 legi-

1209 1084 1290 1118 tima
1300 1111 1309 1126 ‚
1319 1093 1359 1118 ut
1368 1083 1502 1119 dictum
1511 1085 1629 1127 lib.V,
1640 1086 1747 1131 epigr.
1760 1098 1865 1119 Lxxvr
1874 1111 1883 1127 ,

1211 1145 1244 1171 et
1265 1138 1376 1183 epigr.
1395 1150 1472 1171 xxn
1491 1137 1592 1171 infra.

1253 1194 1298 1227 6.
1321 1191 1445 1224 Asoeelza
1459 1218 1468 1231 ,
1490 1199 1554 1224 etc.
1575 1191 1660 1232 Quae
1680 1191 1883 1236 simpliciter

1208 1243 1342 1277 moecha
1363 1252 1434 1284 est,
1455 1256 1569 1288 neque
1591 1244 1701 1288 legem
1726 1243 1884 1289 ipsasque

1208 1297 1347 1342 nuptias
1378 1296 1560 1330 adulterat.
1594 1297 1671 1330 Lib.
1706 1297 1742 1336 Ι,
1773 1297 1882 1341 epigr.

1211 1361 1393 1392 Lxxxvtn,
1422 1358 1455 1383 et
1479 1350 1540 1382 lib.
1569 1350 1638 1388 III,
1659 1348 1768 1394 epigr.
1794 1362 1882 1383 κιιι.

1208 1402 1355 1435 Tertull.
1372 1402 1555 1448 Apologet.
1570 1414 1643 1447 cap.
1660 1404 1680 1436 6
1697 1413 1705 1434 :
1723 1401 1814 1434 «Ubi
1834 1410 1883 1435 est

1209 1454 1265 1488 illa
1278 1454 1420 1488 felicitas
1434 1454 1738 1497 matrimoniorum
1756 1453 1799 1486 de
1814 1467 1885 1486 mo-

1208 1507 1305 1541 ribus
1321 1508 1444 1553 utique
1462 1516 1664 1554 prosperata
1684 1524 1696 1537 n
1711 1531 1718 1542 ,
1740 1515 1803 1539 etc.

1091 1638 1268 1693 VIII.

988 1788 1052 1815 ΑΙ)
1100 1787 1379 1817 SEVERUM.

687 1910 936 1952 Pam-mnus
963 1906 1071 1957 (luo,
1095 1914 1280 1965 quatuor
1306 1904 1510 1956 Tribuni,

687 1981 861 2038 Septem
893 1975 1130 2027 Causidffii,
1156 1975 1305 2018 decem
1331 1976 1496 2025 Poetae,

687 2047 925 2107 Cujusdam
958 2045 1088 2088 modo
1121 2046 1293 2105 nuptias
1323 2045 1525 2105 petebant

685 2121 716 2161 A
750 2117 938 2178 quodam
972 2133 1071 2159 sene.
1096 2133 1103 2157 :
1132 2132 1218 2159 non
1244 2124 1437 2159 moratus
1467 2114 1536 2158 ille

686 2189 878 2232 Praeconi
900 2186 1019 2230 dedit
1040 2185 1208 2246 Eulogo
1232 2184 1432 2246 puellam.

530 2335 556 2355 1.
572 2323 735 2354 praa-ones
747 2320 809 2352 αἰιυ
821 2319 968 2352 Juntina
983 2325 1099 2351 nostra
1113 2318 1148 2350 in

478 2375 640 2419 margine.
659 2395 710 2400 —-
730 2374 888 2406 Pru>10res
903 2371 978 2410 duo,
999 2379 1063 2404 etc.
1080 2370 1152 2403 Ho-

477 2440 579 2460 nores
598 2427 643 2459 ait
658 2429 770 2471 jacere
790 2434 822 2458 vt
843 2425 950 2457 bonas
971 2432 1060 2457 artes
1080 2435 1088 2456 ε
1113 2423 1146 2455 in

478 2480 589 2525 pretio
611 2492 682 2511 esse
702 2477 929 2517 citharoedos,
947 2476 1128 2511 choraulas
1140 2502 1149 2515 ‚

476 2545 650 2578 praecones
667 2557 675 2570 ‚
693 2532 741 2563 nti
762 2539 794 2563 et
813 2530 970 2576 queritur
985 2529 1148 2562 Juvenal.

477 2594 537 2618 sat.
559 2597 624 2625 ιιι,
643 2597 688 2616 vs.
714 2597 752 2617 21
776 2591 808 2615 et
825 2595 920 2628 seqq.

529 2639 561 2671 3.
576 2637 755 2679 Fususilam.
771 2635 938 2674 Subandi,
956 2635 1076 2679 puellm
1093 2634 1147 2667 eni

1210 2325 1306 2363 pater
1323 2316 1585 2362 propinquusve
1600 2324 1671 2349 erat
1689 2329 1804 2350 senex.
1819 2317 1881 2350 En.

1264 2371 1296 2402 5.
1326 2370 1472 2402 Fra-roni
1494 2369 1598 2407 dedic,
1628 2377 1694 2402 etc.
1718 2370 1762 2402 lis
1790 2371 1882 2403 enini

1210 2422 1425 2467 temporibus
1448 2434 1649 2467 praeconnm
1677 2424 1817 2455 fortuna
1841 2423 1882 2455 ad

1211 2474 1378 2508 invidiam
1404 2487 1514 2520 usque
1536 2475 1647 2516 lanta;
1670 2474 1764 2520 quod
1790 2476 1882 2508 Mar-

1210 2528 1278 2560 tiali
1294 2527 1566 2572 indignationem
1582 2528 1747 2560 excitabat
1763 2529 1821 2560 lib.
1838 2529 1882 2566 V,

1209 2581 1318 2626 epigr.
1357 2593 1410 2614 isi
1437 2593 1551 2626 snpra.
1582 2580 1636 2612 Nil
1671 2588 1786 2613 antem
1817 2581 1881 2613 mi—

1211 2646 1286 2666 rnin
1300 2659 1308 2673 ‚
1326 2634 1459 2667 luxuria
1476 2646 1560 2666 cres(
1572 2641 1668 2673 cnte;
1686 2642 1717 2666 at
1733 2634 1814 2666 olim
1831 2635 1882 2667 in-
