1978 3305
381 231 960 276 EPIGRAMMATUM
998 233 1119 276 LIB.
1146 236 1227 276 VI.

1393 236 1480 297 193

158 318 304 364 Pullus
327 320 523 364 abortivo
546 336 626 364 nec
651 336 784 380 quum
808 322 1015 381 putrescit
1036 322 1079 364 in
1100 338 1209 374 ovo;
1474 345 1486 366 s

224 390 449 451 Amphora
472 399 680 451 corrupto
704 406 783 434 nec
812 391 957 434 vitiata
981 407 1098 451 garo.

157 461 288 504 Virus
313 470 362 504 ut
385 461 470 504 hoc
495 460 577 504 alio
603 458 730 504 fallax
754 470 970 521 permutet
992 462 1146 513 odore,

225 531 437 592 Deposita
461 531 630 591 quoties
653 530 806 574 balnea
835 540 954 574 veste
980 534 1109 591 petit3

157 599 373 645 Psilothro
401 601 539 657 viret,
569 609 645 644 aut
669 600 789 644 acida
820 599 923 643 latet
952 600 1085 646 oblita
1110 612 1251 657 creta3

226 672 314 715 Aut
337 672 495 731 tegitur
519 670 668 732 pingui
693 679 843 730 terque
868 679 1106 730 quaterque
1131 671 1240 716 faba.

160 741 308 798 Quum
339 740 451 784 bene
480 757 525 784 se
551 749 690 784 tutam
723 756 801 799 per
831 739 1004 784 fraudes
1029 740 1148 784 mille
1175 745 1365 802 putavit,

226 811 387 854 Omnia
412 827 547 871 quum
571 810 696 866 fecit,
715 809 881 854 Thaida
902 810 1032 853 Thais
1066 810 1165 855 olet.

88 956 189 982 tracta
202 974 211 988 ,
241 956 306 983 etc.
340 967 392 974 —
419 949 527 983 Urbis
557 961 637 995 pars
666 957 761 983 trans

86 1002 243 1035 Tiberim
265 1001 384 1035 viliori
409 1002 599 1047 plebeculae
624 1002 762 1036 coleba-

84 1062 164 1097 tur,
182 1062 217 1088 et
234 1054 273 1087 in
292 1066 331 1088 ea
349 1054 600 1088 exercebantur
619 1053 762 1088 sordida

85 1115 120 1141 et
141 1105 261 1141 foetida
285 1118 410 1152 opera,
430 1115 470 1140 ut
494 1107 762 1148 excoriationes‚

85 1160 308 1205 sulphurata,
323 1167 389 1193 etc.
410 1160 442 1191 V
445 1159 501 1193 ide
517 1159 579 1192 lib.
597 1161 631 1200 Ι,
649 1160 757 1205 epigr.

85 1224 180 1254 x1.11,
201 1224 252 1246 vs.
280 1212 326 1254 33
351 1212 510 1246 Juvenal.
536 1211 650 1256 Satyr.
675 1224 758 1253 mv,

85 1278 135 1299 vs.
159 1265 243 1298 203.

141 1316 176 1352 5.
190 1317 304 1350 Pullus
322 1316 463 1349 abortivo
480 1330 546 1350 ovo.
570 1317 643 1350 Nec
660 1319 759 1362 pejus

85 1371 157 1404 olet
176 1370 295 1416 pullus
324 1369 502 1403 abortivus
533 1369 569 1402 in
599 1382 666 1403 ovo
693 1382 759 1415 pu-

85 1421 191 1456 trido.

140 1478 174 1510 6.
197 1474 317 1509 Codex
336 1475 523 1509 Pulmanni
539 1486 547 1508 :
568 1487 622 1507 nec
641 1477 758 1507 vitiata

86 1528 176 1562 cado.
192 1548 244 1555 ——
256 1528 360 1563 Garo.
378 1528 511 1561 Garum
529 1540 570 1561 ex
586 1528 758 1562 intestinis

86 1580 238 1626 piscium
247 1581 315 1614 sale
325 1580 505 1614 maceratis
516 1579 756 1614 conficiebant.

87 1633 165 1667 Hoc
182 1634 359 1679 liquamen
373 1633 507 1678 ,magni
525 1632 619 1679 apud
634 1635 759 1667 Roma-

86 1698 154 1720 nos
170 1686 295 1732 pretii,
311 1686 360 1720 sic
376 1686 598 1731 appellabant
613 1698 631 1718 a
644 1685 755 1731 pisce,

87 1750 193 1784 quem
207 1739 321 1773 Graeci
338 1739 524 1772 nominant
544 1739 671 1772 Ganos
688 1764 697 1780 ‚
717 1751 758 1772 ex

87 1803 159 1837 quo
187 1791 291 1825 fiebat
319 1792 499 1838 primum:
533 1804 597 1825 nos
625 1791 759 1825 Gallice

86 1856 256 1878 vocamus
301 1845 333 1877 la
377 1857 519 1877 saumuro
534 1857 545 1877 .·
584 1853 704 1889 postea
740 1857 759 1877 e

87 1897 257 1931 scombris
274 1906 308 1931 et
326 1897 524 1931 saxatilibus
545 1897 759 1943 minutisque

88 1949 241 1996 piscibus
262 1951 391 1984 factum
415 1957 466 1983 est
492 1957 586 1983 tanta
612 1951 758 1983 aestima-

89 2002 202 2044 tione,
220 2011 260 2037 ut
280 2003 396 2037 nullus
414 2003 530 2048 liquor
550 2010 677 2048 praeter
697 2015 760 2036 un-

88 2063 215 2100 guenta
237 2063 325 2090 esset
348 2056 383 2089 in
405 2056 596 2100 majoribus
617 2054 758 2090 deliciis.

89 2106 158 2141 Sed
184 2119 269 2153 garo
297 2117 463 2154 corrupto
483 2108 572 2141 nihil
598 2116 649 2141 est
670 2108 759 2141 foeti-

89 2159 169 2193 dius
184 2183 194 2199 ‚
209 2162 289 2207 quia
305 2174 402 2202 sane,
419 2169 458 2195 ut
472 2161 586 2201 aiunt,
602 2164 759 2206 corruptio

90 2215 197 2257 optimi
219 2216 363 2259 pessima.
386 2215 438 2247 De
457 2213 633 2247 sociorum
653 2226 733 2258 gai-0
746 2241 755 2253 ,

90 2264 185 2310 quod
204 2266 262 2299 ille
277 2267 420 2312 Apicius
438 2266 666 2312 excogitavit,
686 2266 756 2300 vid.

93 2318 182 2351 Plin.
204 2319 274 2359 IX,
290 2331 363 2363 cap.
384 2332 448 2363 173
467 2319 546 2352 Sen.
569 2319 668 2364 epist.
692 2319 757 2363 953

92 2370 210 2404 Horat.
225 2371 278 2411 II,
291 2371 359 2405 Sat.
378 2384 425 2412 iv,
441 2371 506 2416 733
521 2379 555 2404 et
571 2373 605 2412 8,
621 2374 679 2411 46.

145 2436 177 2467 7.
212 2424 308 2456 Virus
331 2432 365 2456 ut
389 2425 445 2456 hoc
470 2423 552 2465 alio,
583 2432 647 2457 etc.
673 2424 761 2457 Gra-

90 2476 300 2509 veolentiam
333 2485 372 2509 ut
405 2477 517 2509 lotura
552 2475 760 2509 dissimulet.

90 2528 177 2568 Vel,
197 2528 255 2563 illa
273 2529 378 2562 Thais
389 2529 508 2572 fallax,
522 2528 681 2573 quamvis
702 2529 762 2562 foe-

822 950 983 991 obruere,
997 958 1062 983 etc.
1079 951 1158 983 Lib.
1172 952 1202 992 Ι,
1215 952 1304 997 epig.
1315 965 1493 989 Lxxan.

877 1014 910 1045 9.
929 1002 1070 1035 Psilotro
1090 1006 1170 1036 vitet
1186 1003 1282 1039 Junt.
1310 1016 1365 1039 an.
1385 1007 1493 1041 1512.

821 1055 961 1087 Psilotro
982 1057 1062 1087 nitet
1085 1055 1122 1088 in
1145 1055 1218 1089 aliis
1245 1065 1328 1091 vett.
1356 1061 1436 1091 nitet
1460 1070 1494 1093 et

820 1109 902 1139 vitet
918 1108 973 1140 vix
990 1106 1158 1153 distingui
1172 1119 1318 1153 possunt
1336 1110 1372 1143 in
1389 1111 1492 1146 codd.

817 1159 869 1192 Ex
883 1160 1041 1193 Juntinae
1056 1161 1206 1194 lectione
1221 1164 1302 1194 vitet
1318 1164 1415 1197 nullo
1431 1177 1492 1198 ne-

817 1212 912 1256 gotio
936 1212 976 1246 fit
999 1212 1102 1246 lectio
1127 1221 1266 1255 nostra,
1287 1228 1389 1261 quam
1411 1218 1492 1251 satis

816 1264 933 1298 firmat
957 1264 1067 1298 codex
1091 1266 1280 1300 Thuaneus
1298 1279 1306 1300 :
1326 1277 1382 1301 aut
1408 1272 1492 1302 acita

817 1317 894 1349 latet
921 1316 1013 1350 idem
1040 1317 1178 1351 Thuan.
1203 1327 1259 1351 aut
1288 1321 1380 1354 acida
1415 1326 1493 1355 nitet

817 1368 1025 1402 Beverlandi
1051 1370 1124 1403 MS.
1142 1392 1194 1397 -—-
1211 1372 1382 1407 Psilothro.
1417 1376 1492 1409 Psi-

817 1422 930 1455 lothra
952 1431 1033 1456 sunt
1059 1422 1309 1458 medicamenta
1337 1440 1396 1460 seu
1422 1440 1491 1461 un-

817 1483 942 1519 guenta
951 1501 959 1514 ‚
973 1475 1100 1520 quibus
1113 1476 1232 1521 pilosae
1243 1480 1399 1524 corporis
1410 1492 1492 1525 par-

817 1535 866 1560 tes
879 1528 1090 1573 glabrautur.
1105 1529 1184 1561 Lib.
1194 1530 1248 1570 II,
1264 1531 1372 1577 epigr.
1386 1546 1487 1573 xxlx,

817 1592 867 1614 vs.
901 1583 944 1621 (33
963 1589 998 1614 et
1023 1581 1084 1614 lib.
1119 1582 1195 1621 III,
1226 1583 1335 1629 epigr.
1365 1593 1490 1627 LXXIV,

816 1645 865 1666 vs.
887 1645 916 1666 1.
945 1654 998 1660 —
1015 1634 1121 1667 Acida
1150 1635 1228 1666 latet
1250 1636 1360 1671 oblita.
1381 1639 1489 1672 Aceto

815 1694 996 1719 macerata.
1027 1686 1104 1720 Lib.
1127 1688 1200 1728 HI,
1225 1688 1333 1734 epigr.
1359 1703 1488 1733 Lxxw,

818 1750 866 1771 rs.
885 1743 918 1776 ά.
938 1760 988 1765 ——
1008 1738 1113 1772 Creta.
1134 1740 1282 1774 Cimolia
1295 1767 1303 1782 ‚
1325 1742 1410 1776 Chia
1426 1757 1488 1778 seu

817 1791 946 1833 Samia,
966 1804 1032 1837 qua
1057 1793 1247 1825 utebantur
1271 1794 1420 1830 foeminae
1445 1796 1489 1830 ad

817 1843 925 1877 cutim
946 1843 1209 1878 emendandam.

874 1909 927 1930 10.
954 1898 1025 1930 Aut
1043 1900 1159 1942 tegitur
1181 1901 1267 1942 pista
1292 1900 1328 1934 iu
1350 1901 1487 1936 Beverl.

816 1949 890 1982 MS.
915 1971 966 1976 —
987 1950 1088 1982 Faba.
1119 1951 1308 1995 Unguento
1330 1954 1420 1987 facto
1445 1968 1487 1987 ex

817 2003 927 2035 farina
947 2003 1108 2036 tritarum
1127 2004 1283 2037 fabarum
1295 2031 1303 2043 ,
1328 2006 1423 2050 quod
1439 2008 1488 2039 lo-

817 2063 973 2089 mentum
988 2056 1103 2088 vocari
1121 2065 1221 2101 putat
1240 2058 1413 2092 Domitius
1426 2060 1486 2092 lib.

817 2109 892 2147 ΙΙΙ,
914 2109 1021 2154 epigr.
1043 2121 1135 2142 XLII.

874 2172 887 2192 1
901 2173 931 2194 1.
965 2161 1043 2194 Cum
1076 2162 1150 2194 bene
1181 2175 1318 2195 securam
1352 2164 1487 2209 profert

818 2211 910 2245 idem
931 2213 1344 2259 Beverlandus.—Quum
1365 2217 1438 2249 bene
1456 2231 1488 2250 se

820 2273 926 2298 tutam.
950 2268 979 2299 A
996 2279 1054 2299 sua
1073 2267 1307 2311 graveolentia
1335 2269 1464 2304 scilicet
1477 2296 1486 2311 ‚

818 2331 953 2363 semper
979 2319 1135 2352 nativum
1159 2318 1302 2353 odorem
1330 2322 1488 2356 omnium

818 2371 1005 2416 pessimum
1024 2372 1094 2404 olet
1109 2371 1226 2405 Thais.

879 2436 890 2455 1
901 2438 933 2457 2.
958 2424 1081 2456 Thaida
1103 2424 1199 2457 leais
1215 2425 1287 2460 olet.
1302 2448 1353 2452 -—
1370 2428 1490 2472 Impu-

822 2488 895 2507 ram
913 2477 1029 2520 lupam
1045 2485 1078 2510 et
1091 2475 1219 2510 olidam
1234 2490 1384 2524 capram.
1403 2480 1491 2513 Nam

823 2528 947 2561 mulier
976 2529 1106 2574 optime
1139 2530 1230 2571 olet,
1260 2544 1369 2577 quum
1402 2533 1490 2565 nihil

91 2591 201 2614 torem
230 2582 386 2628 corporis
416 2590 528 2626 tegere
557 2589 702 2614 conetur
730 2589 765 2614 et
823 2580 902 2613 olet.

165 2713 225 2753 II.

1198 2711 1252 2755 13
