1978 3305
407 214 993 258 EPIGRAMMATUM
1032 214 1155 256 LIB.
1195 214 1284 256 XI.

1455 211 1550 258 585

285 303 431 346 Caesar
453 302 648 346 Circeios
669 318 677 344 ε
694 301 784 362 jam
809 302 989 362 stropha
1010 298 1106 344 talis
1127 300 1228 344 abit.

217 371 443 433 Penelopae
471 371 572 415 licet
597 388 689 416 esse
716 371 792 415 tibi
816 372 896 416 sub
919 371 1117 432 principe
1137 371 1309 420 Nerva;

288 442 372 486 Sed
399 442 603 503 prohibet
629 442 820 497 scabies,
846 443 1154 503 ingeniumque
1177 449 1314 484 vetus.

216 511 398 567 Infelix,
418 512 521 573 quid
547 511 676 574 ages?
701 527 860 573 aegram
884 511 1106 556 simulabis
1128 509 1345 555 amicam?

288 583 482 628 Haerebit
503 582 690 626 dominae
711 584 778 625 vir
800 599 945 626 comes
968 584 1059 643 ipse
1082 598 1194 637 suae3

217 653 304 697 Ibit
326 663 369 697 et
389 653 443 697 ad
467 652 645 698 fratrem
667 662 813 696 tecum
828 687 839 707 ‚
862 662 1134 712 matremque
1149 687 1160 706 ‚
1183 660 1451 711 patremque.

287 724 409 780 Quas
433 723 567 783 igitur
592 722 765 766 fraudes
792 723 1012 783 ingeniosa
1043 720 1198 782 paras?

220 794 349 838 Dicet
370 803 414 837 et
432 793 693 853 hystericam
717 809 761 836 se
785 792 966 836 forsitan
992 791 1127 836 altera
1146 792 1317 836 moecha

288 866 339 908 In
360 864 623 908 Sinuessano
645 862 755 907 velle
776 863 925 907 sedere
946 862 1056 907 lacu.

218 934 398 995 Quanto
419 943 467 977 tu
489 931 661 978 melius!
686 935 853 994 quoties
872 933 1017 995 placet
1037 935 1099 977 ire
1120 933 1312 978 fututum
1325 969 1337 989 ‚

289 1005 400 1061 Quae
421 1020 573 1048 verum
596 1007 733 1048 mavis
754 1004 923 1061 dicere,
943 1003 1113 1059 Paulla,
1132 1005 1238 1048 viro.

149 1159 184 1190 in
205 1158 380 1190 Albanum
395 1181 405 1196 ,
422 1157 484 1191 ubi
497 1158 720 1203 quinquatria
736 1158 822 1191 cele-

148 1211 341 1243 brabantur
353 1235 362 1251 ‚
382 1211 443 1243 lib.
463 1211 528 1251 IV,
548 1211 657 1256 epigr.
672 1223 685 1243 1
699 1236 708 1252 ‚
722 1210 772 1244 ire
785 1223 821 1244 se

147 1262 285 1296 (licebat
305 1263 435 1296 Paulla.
454 1263 638 1296 Videntur
664 1263 758 1296 enim
777 1264 820 1296 iis

146 1316 363 1361 temporibus
380 1315 556 1361 principes
573 1316 654 1349 mali
673 1315 716 1349 ad
733 1316 822 1349 arhi-

147 1368 253 1401 trium
281 1381 384 1402 suum
415 1368 555 1414 jussisse
587 1370 643 1402 vel
671 1369 821 1402 illustres

146 1421 292 1455 feminas
313 1420 356 1454 ad
377 1434 413 1455 se
426 1422 566 1463 venire3
583 1434 697 1467 neque
710 1423 821 1468 impe-

146 1474 312 1508 ratoriam
326 1473 509 1508 libidinem
521 1483 582 1508 aut
594 1476 738 1508 maritus
751 1488 823 1508 mo-

147 1527 291 1560 rabatur
323 1536 383 1560 aut
404 1536 526 1573 pater:
556 1536 591 1563 et
622 1527 659 1567 id
679 1540 821 1573 quoque

148 1579 369 1613 Domitianus
385 1580 483 1621 fecit,
501 1592 702 1627 quanquam
717 1580 822 1626 pudi-

146 1632 236 1666 citiae
266 1641 305 1666 ut
331 1635 400 1678 jam
430 1645 521 1678 saepe
540 1632 691 1666 vidimus
712 1634 822 1667 simu-

148 1686 250 1719 lator.
279 1686 424 1720 Mortuo
453 1694 568 1720 autem
600 1686 819 1726 Domitiano,

149 1739 217 1771 tale
242 1739 375 1784 jussum
401 1741 471 1784 jam
492 1739 609 1773 Paulla
634 1748 824 1784 praetexere

147 1791 328 1836 nequibat.

203 1848 236 1884 4.
248 1843 485 1878 Circaeos.Ald.
496 1846 592 1878 Junt.
606 1845 718 1879 Colin.
732 1863 743 1874 α
753 1844 823 1878 Cir-

149 1899 229 1929 ceios
255 1897 411 1943 reposuit
431 1898 579 1939 Junius‚
604 1906 638 1931 et
659 1897 796 1930 Circoeos
813 1925 819 1935 ‚

149 1949 245 1995 quod
261 1950 297 1982 in
311 1950 385 1983 aliis
396 1951 481 1983 libb.
499 1951 640 1996 legitur,
651 1951 794 1996 repulit.
805 1968 818 1979 »ι

150 2002 322 2035 Palmam.
349 2025 401 2029 —-
430 2003 578 2037 Circeios.
618 2004 822 2036 Promonto-

148 2055 244 2088 rium
265 2056 425 2089 Latii.-
437 2056 584 2101 Stroplca.
608 2056 756 2090 Fallacia
774 2065 824 2090 est

150 2105 230 2147 (lib.
249 2109 319 2150 ΙΙΙ,
331 2109 441 2154 epigr.
458 2121 525 2150 vn,
543 2108 605 2151 6,),
619 2118 651 2142 et
666 2122 730 2143 nos
740 2109 824 2143 Gal-

149 2161 213 2194 lica
244 2161 364 2207 lingua
390 2174 552 2196 vocamus
588 2171 669 2203 tour,
694 2163 823 2202 demam

149 2213 329 2247 derivatur
360 2226 445 2248 vero
471 2228 490 2249 a
525 2216 649 2249 Graeco'
679 2217 803 2260 στρέφει)
816 2241 825 2253 ,

151 2265 249 2312 quod
269 2275 321 2300 est
338 2275 469 2301 vertere.
485 2269 553 2301 En.

207 2319 240 2352 5.
270 2320 448 2365 Penelopae.
476 2322 584 2366 Cujus
612 2320 780 2366 pudicitia
808 2333 825 2352 a

151 2372 264 2417 poetis
285 2372 455 2406 celebrata
473 2382 536 2407 est.

206 2427 239 2458 6.
252 2425 435 2470 Ingeniique
445 2434 542 2459 metus
551 2425 628 2459 MS.
640 2426 825 2459 Pulmann.

151 2497 203 2503 —
221 2477 357 2511 Scabies.
379 2478 561 2519 Pruritns‚
584 2488 618 2512 et
649 2486 748 2511 vetus
769 2486 827 2511 tua

151 2530 273 2564 libido.
293 2530 399 2572 Quod
416 2544 480 2576 per
495 2532 555 2565 has
572 2544 671 2565 voces
689 2532 824 2571 scabies,

152 2583 239 2615 ulcus
254 2609 261 2621 ‚
284 2592 317 2616 et
335 2583 399 2617 alia
420 2585 548 2618 morbis
566 2585 677 2618 simile
696 2584 828 2630 aliquid

153 2634 367 2680 designantia
406 2636 618 2671 indicabant.
644 2636 724 2670 Vid.
755 2638 826 2683 huj.

881 1158 942 1191 lib.
961 1157 1071 1203 epigr.
1094 1169 1156 1198 Lx,
1177 1169 1226 1190 vs.
1243 1170 1259 1190 2
1275 1169 1283 1190 :
1299 1173 1313 1186 «
1329 1155 1398 1190 Sed
1416 1156 1556 1201 Phlogis

881 1210 979 1243 ulcus
997 1210 1120 1250 habet,
1143 1217 1208 1243 etc.
1231 1227 1245 1238 ι»

935 1276 968 1307 7.
989 1263 1132 1308 AEgram
1156 1262 1337 1302 simulabis,
1365 1270 1432 1295 etc.
1460 1261 1555 1294 Num

880 1316 1025 1350 amicam
1043 1315 1242 1349 ementieris
1259 1315 1330 1348 acri
1352 1315 1477 1347 morbo
1494 1313 1556 1346 de-

883 1368 987 1403 tineri
1022 1377 1056 1402 et
1083 1370 1154 1414 jam
1183 1368 1390 1401 morituram
1425 1367 1556 1401 iterum

882 1431 986 1468 atque
1005 1422 1132 1455 iterum
1149 1421 1300 1467 rogitare
1316 1432 1352 1453 se
1373 1428 1413 1454 ut
1431 1419 1558 1454 adeas?

937 1477 971 1509 8.
989 1474 1154 1514 Haerebit,
1177 1483 1242 1507 etc.
1262 1474 1412 1507 Maritus
1429 1482 1512 1506 tuus
1523 1480 1556 1506 te

882 1527 1119 1562 comitabitur.

939 1593 953 1613 1
966 1592 994 1614 1.
1006 1581 1199 1613 Hictericam
1212 1580 1367 1613 habuere
1381 1577 1461 1612 edd.
1473 1586 1558 1611 vett.

882 1646 976 1666 omn.
995 1632 1089 1678 quod
1106 1633 1222 1666 morbi
1238 1645 1347 1678 genus
1363 1640 1413 1665 est
1426 1631 1559 1665 Gallice

883 1687 1075 1730 lajamzisse.
1090 1685 1173 1719 Sed.
1187 1686 1376 1719 Turnebus
1393 1683 1482 1718 Adv.
1495 1684 1556 1717 lib.

884 1740 973 1772 VIII
986 1764 995 1779 ,
1023 1751 1099 1784 cap.
1141 1743 1160 1779 4
1173 1765 1182 1780 ,
1218 1737 1405 1784 legendum
1442 1745 1560 1770 censet

884 1793 1067 1838 iissem-icam
1081 1818 1090 1833 ,
1108 1800 1148 1825 ut
1165 1793 1307 1825 morbus
1324 1791 1437 1824 vulvae
1457 1790 1559 1823 intel-

881 1845 1027 1889 ligatur,
1046 1845 1105 1891 qui
1125 1843 1272 1878 libidine
1288 1844 1495 1890 plerumque
1513 1843 1559 1875 le-

882 1906 983 1931 vatur
1005 1909 1013 1931 :
1040 1899 1160 1943 ὑστέρα
1185 1898 1278 1931 enim
1305 1907 1458 1930 extrema
1483 1908 1558 1928 mu-

882 1951 994 1991 lieris,
1012 1952 1126 1984 vulva.
1143 1950 1225 1983 Vid.
1245 1950 1353 1996 epigr.
1374 1961 1489 1987 Lxxxx,
1509 1949 1559 1981 in-

883 2004 945 2037 fra.
967 2004 1091 2038 Lectio
1113 2011 1228 2037 autem
1250 2004 1307 2036 illa
1326 2003 1459 2048 optime
1478 2014 1557 2034 cnm

885 2056 924 2090 iis
941 2057 1103 2102 congruit
1121 2069 1200 2102 quae
1218 2055 1414 2101 precedunt
1432 2063 1467 2088 et
1483 2067 1560 2098 quae

884 2118 1088 2155 sequuntur.
1105 2110 1148 2144 Et
1160 2110 1327 2142 Turnebo
1345 2109 1560 2141 Pnlmannns

884 2163 1106 2209 suffragatur,
1136 2163 1320 2207 linter-icam
1346 2173 1488 2207 quoque
1512 2160 1560 2192 le-

885 2228 978 2260 gens.
1001 2217 1074 2249 Nos
1096 2214 1310 2248 admisimus.

943 2280 998 2300 12.
1020 2268 1209 2303 Sinuessano
1223 2295 1230 2305 ,
1255 2276 1321 2301 etc.
1346 2266 1562 2300 Sinuessanae

886 2329 999 2354 autem
1020 2333 1116 2366 aqnae
1142 2321 1177 2353 in
1203 2319 1393 2366 Campania
1420 2319 1562 2352 femina-

885 2386 966 2406 rum
983 2374 1157 2407 sterilitati
1178 2373 1323 2419 aliisque
1343 2372 1476 2405 morbis
1494 2384 1565 2405 me-

887 2425 1073 2464 dehantur.
1091 2426 1181 2459 Plin.
1196 2426 1254 2460 lib.
1274 2426 1412 2467 XXXI,
1432 2437 1506 2470 cap.
1527 2438 1557 2457 2.

887 2479 988 2514 Cluv.
1010 2479 1085 2513 Ital.
1106 2487 1177 2513 ant.
1199 2479 1257 2513 lib.
1279 2479 1354 2519 ΙΙΙ,
1372 2490 1447 2524 cap.
1472 2490 1526 2511 10.

948 2546 958 2566 1
971 2537 1003 2571 4.
1029 2533 1109 2576 (711oe
1133 2546 1240 2565 verum
1258 2534 1362 2565 mavis.
1385 2531 1474 2572 Qnae
1494 2543 1562 2563 ma-

890 2586 941 2618 vis
967 2586 1066 2619 fateri
1092 2585 1293 2627 libidinem,
1319 2597 1423 2630 quam
1441 2583 1559 2617 dolosa

890 2639 1109 2672 excusatione
1134 2639 1194 2672 uti.
