1978 3305
508 227 604 273 238

878 229 938 271 M.
965 229 1106 272 VAL.
1147 230 1537 276 MARTIALIS

713 315 830 360 Felix
861 315 983 359 litera
1008 317 1167 377 pagina
1193 315 1362 361 salutat.

714 388 843 429 Hunc
873 395 923 429 tu
948 402 1026 446 per
1046 385 1210 431 Siculas
1229 396 1402 431 secutus
1428 389 1566 433 undas
1582 425 1593 444 ,

714 457 755 499 O
780 454 935 512 nullis,
956 456 1113 513 Ovidi,
1138 457 1320 502 tacende
1341 457 1522 519 linguis,

712 527 920 586 Sprevisti
949 527 1112 571 domini
1145 527 1326 573 furentis
1356 529 1452 573 iras.

711 598 900 641 Miretur
923 596 1127 659 Pyladem
1155 615 1281 643 suum
1303 601 1510 644 Vetustas
1527 636 1538 656 ‚

711 668 848 712 Haesit
877 669 952 729 qui
982 685 1128 713 comes
1153 668 1290 713 exsuli
1318 671 1524 731 parentis.

710 738 820 795 Quis
844 739 1093 783 discrimina
1120 749 1347 801 comparet
1374 740 1597 785 duorum?

709 810 881 853 Haesisti
903 826 1049 854 comes
1074 810 1210 854 exsuli
1232 811 1433 856 Neronis.

553 941 584 977 4.
602 937 698 970 Felix
714 937 806 969 litera
821 936 963 978 dicitur,
977 946 1016 971 ut
1035 938 1174 984 opinor,

499 989 598 1036 quod
614 991 733 1024 bearet
749 990 866 1035 ipsum
883 991 1092 1025 Caesonium.

555 1042 584 1077 5.
606 1044 703 1076 Hunc
723 1051 767 1076 tu.
783 1042 876 1075 Vide
897 1043 1005 1089 epigr.
1025 1043 1173 1089 praeced.

554 1110 588 1141 7.
608 1097 747 1129 Domini.
763 1096 926 1129 Neronis.

552 1151 585 1183 ὃ.
600 1150 738 1182 lilii-etur
750 1148 914 1195 Pyladem.
930 1148 1001 1189 Qui
1016 1161 1051 1182 se
1066 1149 1176 1182 comi-

499 1210 567 1235 tem
581 1201 739 1247 adjunxit
753 1202 867 1235 Oresti
887 1202 1078 1243 exsulanti,
1094 1215 1139 1235 ne
1155 1215 1172 1235 a

497 1263 607 1288 matre
628 1268 690 1288 sua
717 1255 1000 1300 Clytaemnestra,
1021 1263 1060 1288 ut
1082 1256 1172 1300 Aga-

497 1321 661 1341 memnon
686 1317 797 1353 pater‚
815 1308 1084 1342 interficeretur.
1101 1308 1172 1342 Eu-

496 1360 628 1407 ripides
648 1362 684 1394 in
707 1361 830 1395 Oreste
843 1387 852 1402 ‚
874 1369 908 1394 et
929 1361 1119 1408 Sophocles
1136 1362 1171 1395 in

496 1415 642 1448 Electra.
667 1413 804 1447 Deinde
836 1426 995 1448 reversus
1026 1423 1172 1449 matrem

494 1466 648 1506 occidit,
681 1476 714 1501 et
741 1480 883 1500 rursum
905 1494 914 1511 ,
941 1467 1000 1500 sed
1026 1476 1171 1513 sponte,

493 1521 674 1554 exsulavit.

1288 952 1325 983 9.
1347 939 1458 972 Comes
1476 939 1591 972 exsulis
1607 941 1750 984 pat-entis
1771 939 1910 972 exhibet

1235 992 1328 1025 solus
1362 991 1519 1024 omnium
1555 991 1667 1025 codex
1710 992 1908 1025 Pulmanni.

1294 1056 1350 1077 10.
1373 1045 1526 1077 Duorum.
1549 1044 1689 1089 Pyladis
1717 1057 1843 1090 nempe
1876 1054 1910 1078 et

1235 1095 1354 1131 Ovidii
1370 1107 1378 1129 τ
1391 1097 1450 1130 ille
1460 1097 1571 1136 enim,
1585 1097 1746 1131 Orestem
1760 1106 1910 1138 secutus,

1235 1162 1308 1183 non
1344 1157 1482 1183 tantum
1515 1150 1712 1195 periculum
1747 1159 1910 1195 expertus

1235 1212 1302 1244 est,
1319 1211 1492 1249 quantum
1511 1202 1598 1236 adiit
1621 1202 1784 1242 Ovidius,
1812 1202 1909 1236 dam-

1232 1264 1354 1290 natum
1379 1269 1397 1289 a
1419 1256 1559 1290 Nerone
1584 1257 1770 1290 saevissimo
1791 1266 1910 1301 tyran·

1233 1321 1280 1342 no
1303 1309 1502 1343 Caesonium
1536 1309 1734 1343 comitatus.
1763 1308 1910 1355 Pylades

1232 1362 1323 1395 nihil
1344 1362 1493 1396 habehat
1514 1375 1531 1395 a
1551 1363 1814 1408 Clytaemnestra
1837 1375 1909 1396 me-

1232 1414 1429 1457 tuendum3
1451 1423 1489 1449 tu
1510 1415 1636 1449 merito
1660 1416 1783 1450 timere
1805 1424 1907 1460 pote-

1231 1480 1307 1509 ras,
1326 1481 1370 1502 ne
1390 1469 1427 1501 in
1447 1478 1480 1502 te
1501 1469 1606 1502 etiam
1625 1469 1761 1502 saeviret
1783 1469 1879 1502 Nero
1899 1480 1906 1501 ε

1232 1521 1349 1566 itaque
1358 1520 1526 1566 Pyladem
1537 1522 1639 1567 longe
1649 1522 1832 1568 superasti.
1840 1522 1907 1555 En.

1089 1664 1145 1718 X
1156 1663 1307 1719 LVI.

1022 1803 1090 1830 AD
1132 1801 1382 1830 PRISCUM.

561 1910 905 1952 COMMENDARE
937 1918 1060 1951 tuum
1090 1908 1195 1952 dum
1226 1910 1290 1952 vis
1320 1909 1426 1952 milii
1454 1909 1646 1954 carmine
1677 1898 1874 1960 munus,>

637 1980 913 2040 Maeonioque
940 1980 1062 2040 cupis
1083 1979 1252 2023 doctius
1279 1995 1354 2023 ore
1378 1977 1521 2040 loqui3

566 2050 801 2094 Excrucias
825 2049 972 2093 multis
999 2051 1162 2111 pariter
1182 2067 1252 2094 me
1274 2059 1402 2111 teque
1423 2049 1602 2105 diebus;

634 2122 691 2163 Et
717 2130 790 2164 tua
813 2120 866 2164 de
891 2130 1064 2174 nostro,
1089 2122 1262 2176 Prisce,
1283 2120 1435 2164 Thalia
1462 2119 1615 2181 placet.

554 2253 584 2275 1.
604 2241 840 2283 Commendare,
860 2251 925 2277 etc.
940 2242 1078 2276 Priscus
1096 2243 1172 2288 pol-

495 2294 611 2328 licitus
634 2296 745 2329 fuerat
761 2296 915 2330 Martiali
935 2308 1082 2338 munus3
1103 2305 1172 2330 tra-

497 2348 601 2381 hebat
629 2357 742 2382 autem
783 2362 914 2383 moram
953 2357 992 2383 ut
1019 2349 1172 2383 carmine

497 2414 559 2434 suo
570 2427 578 2440 ,
596 2401 695 2447 quod
708 2403 823 2437 Poetae
838 2403 1024 2449 approbari
1038 2402 1152 2435 voluit
1164 2429 1172 2442 ‚

498 2466 625 2487 munus
643 2465 827 2490 exornaret
844 2468 851 2489 :
868 2464 901 2489 at
916 2457 1020 2489 Poeta
1034 2482 1042 2495 ‚
1069 2468 1171 2500 quem

498 2509 675 2551 premebat
692 2518 838 2554 egestas,
852 2509 941 2555 petit
955 2509 1018 2542 sibi
1034 2509 1123 2542 mitti
1138 2507 1172 2542 id

499 2561 676 2602 muneris,
697 2563 750 2595 vel
777 2563 851 2596 sine
875 2563 1051 2603 carinium
1080 2561 1172 2608 quod

499 2614 640 2659 utrique
658 2615 785 2649 minori
810 2616 897 2650 foret
917 2615 1093 2650 molestiae.

553 2680 582 2698 a.
609 2668 758 2700 ,Ma-onia.
783 2669 856 2702 Cur
880 2670 1051 2702 Homerus
1071 2681 1171 2702 voca-

1232 2251 1331 2276 retur
1350 2242 1523 2276 Maeonius
1549 2241 1683 2276 dictum
1706 2251 1756 2276 est
1778 2243 1838 2277 lib.
1861 2245 1906 2280 V.

1233 2296 1341 2341 epigr.
1364 2308 1399 2328 x.

1289 2353 1322 2388 [ί.
1336 2349 1455 2386 Prisce,
1478 2349 1593 2381 Thalia
1614 2357 1694 2382 lace!
1707 2348 1818 2383 codex
1831 2349 1907 2383 Pul-

1233 2401 1349 2434 manni
1361 2415 1369 2443 ;
1382 2401 1430 2435 sie
1446 2402 1528 2447 legit
1540 2403 1729 2435 Turnebus
1740 2428 1749 2443 ,
1763 2401 1906 2436 Advers.

1234 2456 1292 2488 lil).
1313 2456 1448 2496 XXIV,
1467 2467 1545 2501 cap.
1567 2457 1624 2489 28.
1644 2477 1695 2482 ——
1715 2455 1761 2488 E!
1787 2463 1839 2488 tem
1870 2457 1909 2488 dc

1234 2517 1350 2542 nostro.
1375 2509 1420 2541 Et
1449 2508 1512 2542 tibi
1534 2507 1730 2554 jucundum
1758 2517 1807 2542 est
1835 2520 1907 2542 me-

1234 2561 1339 2595 ditari
1360 2562 1512 2595 carmina
1536 2574 1614 2595 cum
1643 2573 1720 2594 meo
1750 2560 1904 2595 damno:

1235 2628 1360 2648 munus
1371 2615 1465 2649 enim
1476 2615 1682 2660 promissum
1699 2627 1769 2648 non
1786 2615 1905 2648 mittis.

1235 2667 1339 2708 Quod
1358 2669 1451 2701 enim
1471 2680 1588 2701 versus
1601 2681 1635 2701 se
1651 2669 1799 2701 scribere
1810 2679 1908 2701 accu-
