1978 3305
371 248 955 292 EPIGRAMMATUM
993 250 1120 293 LIR.
1149 251 1297 292 VIII.

1439 248 1533 297 355

668 402 994 456 LXVIII.

621 550 684 577 AD
724 530 1047 578 ENTELLumf

199 668 291 724 Qui
315 669 533 727 Corcyraei
556 667 664 710 vidit
690 668 886 728 pomaria
913 669 1049 727 regis,

269 739 382 793 Rus,
409 736 599 791 Entelle‚
626 747 710 780 tuae
736 737 938 797 praeferat
963 736 1033 780 ille
1057 737 1222 781 domus.

198 807 351 851 Invida
377 823 621 868 purpureos
644 817 743 851 urat
768 824 822 850 ne
853 807 1009 850 bruma
1035 823 1254 861 racemos,

265 879 323 920 Et
351 876 540 938 gelidum
566 877 726 921 Bacchi
754 892 935 920 munera
965 877 1100 938 frigus
1127 877 1250 931 edat3

198 947 388 991 Condita
416 948 644 1008 perspicua
669 948 777 990 vivit
799 947 1016 992 vindemia
1040 949 1234 1009 gemma,

265 1020 322 1061 Et
352 1019 514 1079 tegitur
543 1017 666 1073 felix,
690 1035 772 1062 nec
797 1027 942 1061 tamen
968 1034 1050 1061 uva
1081 1017 1195 1062 latet.

195 1089 446 1132 Femineum
474 1088 590 1132 lucet
615 1089 674 1132 sic
700 1105 779 1148 per
804 1088 1067 1148 bombycina
1090 1105 1272 1150 corpus;

197 1198 254 1261 ὃς
275 1218 347 1254 τοῦ
370 1214 579 1271 Κορκύρτ,ς
601 1213 765 1271 ὄρχους,
786 1199 982 1265 Ῑῖντελλε,
1005 1212 1197 1272 τυράννου

268 1276 380 1331 Εἷδε,
411 1284 622 1341 προτιμῴη
646 1281 716 1324 τὸν
738 1283 804 1324 σὸν
826 1276 1048 1325 ἐνοικίδιον.

197 1353 429 1412 Πορφυρέας
448 1354 512 1394 ἵνα
533 1354 586 1411 μὴ
608 1350 792 1410 ςαφυλὰς
815 1352 923 1394 κατὰ
949 1352 1102 1411 πάχνος
1124 1352 1247 1412 ἰάπτῃ
1264 1386 1274 1405 ,

266 1423 349 1465 Καὶ
370 1421 494 1481 ψύχος
516 1424 674 1481 Βάκχου
696 1424 749 1482 μὴ
772 1420 892 1483 γάνος
912 1417 989 1469 ἡδὺ
1011 1417 1138 1482 δάκῃ,

196 1496 252 1552 Ζῇ
271 1492 421 1552 τοίχοις
441 1494 658 1553 ἔμφρουρος
678 1494 716 1534 ἐν
738 1495 941 1535 ὑελινοῖσιν
963 1494 1098 1552 ὀπώρη
1111 1509 1119 1517 ·

271 1563 464 1606 Κεύθεται
483 1557 703 1620 εὐδαίμων,
723 1563 814 1605 οὔτε
831 1562 994 1618 λέληθε,
1019 1563 1180 1621 βότρυς.

197 1635 320 1676 Οὕτω
339 1635 453 1677 λιτὸν
475 1635 569 1693 ὕφος
594 1628 791 1692 διαφαίνει
811 1638 952 1692 χρῶτα
970 1634 1175 1693 γυναικὸς,

179 1767 193 1780 '‘
213 1769 441 1804 vindemiam
462 1771 592 1804 Entelli
617 1770 802 1804 florentem

126 1824 228 1857 etiam
241 1824 547 1869 hyeme‚miroque
560 1823 709 1856 artificio
721 1836 806 1856 con-

126 1885 296 1910 servatam
315 1875 443 1910 laudat.

184 1942 215 1963 1.
246 1929 427 1976 Cereri-cei,
457 1937 522 1962 etc.
550 1929 685 1962 Alcinoi
714 1929 803 1974 regis

126 1983 323 2015 Phaeacum.
341 1983 499 2027 Namque
514 1982 668 2028 Corcyra
679 2007 687 2022 ‚
699 1981 803 2015 maris

127 2035 218 2068 Ionii
235 2035 347 2068 insula
363 2043 414 2068 est
426 2031 567 2077 (diebus
580 2035 710 2068 nostris
723 2034 801 2068 Cor-

124 2082 203 2131 sou)
217 2114 225 2129 ,
240 2088 299 2121 ubi
320 2087 576 2121 laudatissimos
603 2088 724 2121 hortos
748 2100 804 2120 co-

128 2141 195 2174 luit
214 2140 395 2174 Alcinous.
413 2139 518 2174 Vide.
536 2141 594 2173 lib.
603 2136 674 2181 '1V‚
692 2140 801 2186 epigr.

129 2205 222 2234 nav,
242 2206 291 2227 vs.
314 2206 372 2237 29.
393 2214 446 2220 —-
467 2194 617 2239 Quisquis
641 2193 804 2239 Corcyroei

128 2245 231 2279 codd.
249 2247 331 2279 Vat.
351 2254 386 2279 et
403 2246 554 2279 Florent.

184 2299 218 2331 3.
244 2298 325 2331 Ura!
341 2311 379 2330 ue
403 2298 511 2331 bruma
535 2311 682 2331 racemos.
705 2299 804 2331 Inter

128 2351 209 2384 alias
227 2351 366 2384 arbores
382 2351 462 2384 vitis
479 2351 672 2396 praesertim
687 2351 804 2383 uritur

127 2404 273 2449 frigore,
295 2416 405 2448 quum
425 2404 467 2436 ab
493 2416 536 2436 eo
551 2403 803 2436 circumobses-

128 2470 184 2490 sus
203 2457 297 2490 calor
317 2456 481 2490 naturalis
504 2455 649 2489 interius
665 2463 803 2488 contra-

128 2509 227 2542 hitur
240 2508 331 2542 ultra
349 2507 505 2541 modum.

184 2566 215 2602 4.
240 2562 362 2595 Bacchi
386 2574 522 2594 manera.
547 2561 686 2602 Quibus
704 2559 805 2593 valde

130 2614 310 2648 inimicum
328 2623 378 2647 est
394 2614 513 2659 frigus.

448 2679 582 2712 gemma.
614 2664 803 2710 Lapidibus

187 2669 203 2700 5
214 2694 219 2699 .
248 2668 418 2712 Perspicua

862 1770 1099 1815 specularibus
1114 1794 1121 1807 ‚
1143 1779 1181 1803 ut
1200 1769 1307 1815 epigr.
1328 1783 1403 1811 xlv,
1425 1782 1540 1816 supra.

916 1836 951 1867 7.
970 1824 1034 1855 Per
1052 1822 1235 1868 bombycina
1249 1836 1370 1868 corpus.
1388 1823 1540 1857 Multitia

861 1888 880 1908 e
902 1875 1076 1921 bombyce
1099 1876 1154 1908 vel
1180 1875 1290 1908 serico
1321 1875 1472 1917 intexta,
1494 1876 1539 1909 ita

863 1928 979 1961 tenuia
991 1937 1024 1961 et
1042 1927 1217 1973 pellucida
1239 1936 1279 1960 ut
1301 1928 1479 1972 «Sumptis
1497 1929 1537 1961 iis

861 1981 988 2014 mulier
999 1993 1122 2026 parum
1136 1979 1272 2026 liquido
1283 1980 1415 2014 nudam
1423 1994 1534 2015 senon

863 2046 934 2067 esse
952 2034 1178 2080 juravisset.»
1199 2034 1349 2074 Seneca,
1372 2034 1482 2079 Epist.
1504 2042 1538 2067 et

861 2087 995 2120 Plinius
1005 2113 1014 2129 ,
1025 2087 1115 2121 Hist.
1126 2086 1206 2120 Nat.
1215 2086 1278 2119 lib.
1289 2087 1341 2119 XI
1353 2112 1362 2127 ‚
1372 2098 1402 2119 c.
1419 2099 1436 2119 2
1446 2099 1463 2119 2
1477 2111 1486 2127 ‚
1497 2085 1540 2119 de

862 2140 1044 2185 Pamphila
1063 2140 1135 2173 Coa
1155 2152 1232 2185 quae
1251 2138 1287 2171 id
1304 2150 1413 2183 genus
1433 2139 1538 2172 vestis

861 2193 974 2237 prima
983 2193 1133 2237 reperit,
1146 2204 1238 2225 «non
1249 2190 1445 2226 fraudanda
1464 2192 1542 2237 glo-

861 2246 911 2278 ria
940 2245 1139 2290 excogitatae
1159 2243 1304 2277 rationis
1328 2251 1369 2277 ut
1393 2243 1539 2277 feminas

862 2296 1019 2330 denudet
1027 2297 1129 2330 vestis
1138 2314 1150 2325 r·
1160 2323 1166 2329 .
1178 2295 1268 2329 Add.
1279 2296 1401 2329 etSen.
1416 2296 1538 2330 Benef.

860 2350 921 2383 lib.
941 2351 1031 2392 VII,
1047 2362 1122 2394 cap.
1143 2357 1223 2391 9‚et
1233 2349 1315 2381 Juv.
1333 2357 1394 2382 sat.
1415 2361 1467 2389 11,
1486 2361 1538 2382 vs.

864 2404 910 2436 66
925 2428 934 2444 ‚
951 2411 984 2435 et
1000 2401 1162 2435 Publium
1187 2402 1312 2446 Syrum
1334 2401 1394 2446 qui
1410 2409 1536 2435 ventum

866 2455 1002 2487 textilem
1015 2481 1023 2494 ‚
1042 2454 1185 2486 nebulam
1199 2455 1312 2486 lineum
1333 2454 1406 2487 haec
1424 2462 1535 2487 vocat.

864 2505 1073 2553 Hujusmodi
1084 2515 1195 2540 vestes
1208 2507 1325 2541 vitreae
1338 2505 1452 2552 primo
1463 2519 1534 2539 non

864 2560 1031 2593 matronis
1042 2559 1208 2593 Romanis
1220 2559 1255 2593 in
1269 2572 1332 2593 usu
1346 2567 1462 2600 erant,
1477 2558 1535 2592 sed

864 2612 945 2646 solis
977 2612 1232 2646 meretricibus.
1267 2634 1319 2639 --
1357 2613 1535 2645 Femineum

866 2666 946 2697 lueet
963 2678 1057 2710 supra
1074 2666 1154 2698 Vat.
1176 2673 1210 2698 et
1232 2665 1325 2698 Flor.

1199 2735 1291 2780 23²
