1978 3305
482 224 578 279 482

849 223 909 264 M.
937 222 1077 264 VAI..
1117 222 1388 265 MARTIA
1407 222 1512 264 ms

1142 372 1213 427 X.

986 527 1037 554 ix
1078 505 1388 554 PAULLUM.*

549 658 700 712 Quum
727 662 795 707 tu,
819 650 1044 711 laurigeris
1069 666 1233 693 annum
1260 650 1333 710 qui
1362 648 1550 692 fascibus
1572 649 1728 701 intras,

621 726 753 768 Mane
778 721 989 767 salutator
1009 720 1154 765 limina
1177 719 1294 764 mille
1315 730 1450 774 tera53

549 797 631 840 llic
661 811 744 856 ego
769 792 874 854 quid
906 790 1090 836 faciam?
1117 790 1221 852 quid
1245 790 1393 845 nobis,
1419 790 1589 840 Paulle,
1615 789 1842 851 relinquis,

620 867 710 923 Qui
731 864 784 908 de
807 862 934 925 plebe
958 862 1113 906 Numae
1128 897 1139 917 ‚
1165 861 1384 921 densaque
1410 861 1538 904 turba
1563 859 1741 904 sumus?

550 939 638 994 Qui
665 952 736 980 me
758 935 980 995 respiciet,
1006 932 1254 986 dominum,
1274 948 1509 992 regemque
1532 930 1728 975 vocabo?

621 1009 717 1050 Hoc
739 1015 787 1049 tu
809 1002 903 1060 (sed
924 1012 1088 1063 quanto
1109 997 1360 1058 blandiusl)
1382 1003 1473 1062 ipse
1494 1002 1611 1045 facis.

553 1081 798 1128 Lecticam,
825 1073 1030 1119 sellamve
1056 1071 1236 1132 sequar?
1264 1087 1344 1116 nec
1375 1071 1489 1115 ferre
1518 1087 1715 1127 recusas3

618 1150 699 1191 Per
723 1145 914 1189 medium
940 1159 1108 1205 pugnas
1134 1153 1177 1187 et
1201 1143 1322 1203 prior
1347 1143 1407 1185 ire
1432 1141 1586 1185 lutum.

547 1219 712 1279 Saepius
737 1231 962 1276 assurgam
991 1214 1190 1257 recitanti
1214 1211 1435 1257 carmina?
1460 1222 1506 1256 tu
1535 1222 1645 1266 stas,

618 1290 674 1331 Et
703 1288 865 1348 pariter
896 1286 1089 1345 geminas
1118 1283 1258 1327 tendis
1286 1285 1329 1326 in
1355 1299 1431 1326 ora
1459 1299 1624 1326 manus.

547 1358 666 1416 Quid
695 1358 825 1401 faciet
851 1371 1038 1416 pauper,
1065 1356 1132 1397 cui
1165 1370 1253 1397 non
1286 1353 1381 1398 licet
1407 1370 1499 1397 esse
1522 1352 1701 1396 clienti?

528 1479 542 1491 '
561 1481 695 1514 Divites
715 1486 749 1511 et
766 1479 877 1511 claros
896 1489 992 1522 aeque
1013 1476 1154 1509 serviles

475 1548 547 1568 esse
568 1543 671 1579 atque
688 1543 858 1578 pauperes
869 1543 879 1573 ⁴,
890 1531 998 1563 immo
1009 1530 1079 1573 jam
1092 1540 1153 1573 pa-

475 1598 595 1622 tronos
615 1587 707 1632 ipsos
725 1585 895 1618 clientum
915 1582 1014 1616 obire
1039 1590 1154 1627 partes

474 1641 644 1687 queritur.
1067 1666 1069 1670 .

534 1708 563 1728 1.
585 1691 735 1726 Fastibus
754 1692 852 1722 intrat
869 1686 946 1721 cod.
964 1687 1102 1720 Beverl.
1119 1694 1154 1720 et

475 1761 523 1782 vs.
540 1751 573 1788 4.
595 1745 686 1789 Quid
697 1741 995 1789 :phoeba—Quum
1012 1749 1044 1772 m
1056 1767 1063 1779 ,
1084 1741 1154 1772 lau-

475 1803 596 1845 rigeris.
608 1800 710 1831 Anno
720 1798 874 1834 ineunte,
890 1795 995 1827 fasces
1010 1793 1153 1826 laureati

472 1853 696 1900 gestabantur
724 1857 803 1883 ante
832 1859 941 1880 novos
971 1846 1152 1880 Consules.

474 1909 527 1940 De
558 1903 803 1939 salutatoribus
834 1899 970 1933 dictum
998 1899 1060 1932 lib.
1096 1900 1154 1934 11.

475 1959 584 2005 epigr.
606 1968 715 1990 xvm.

531 2017 564 2052 4.
588 2011 640 2043 De
656 2008 746 2055 plebe
772 2007 900 2040 Νιιηιιε.
928 2005 999 2046 Qui
1028 2016 1154 2050 nempe

476 2076 610 2111 pauper
626 2063 692 2096 fuit
707 2062 798 2094 inter
811 2071 920 2104 reges.
939 2058 1068 2090 Sensus
1081 2066 1131 2089 est
1145 2069 1152 2090 :

474 2116 570 2160 Quid
601 2115 727 2150 sacient
745 2124 937 2160 pauperes,
956 2123 1065 2156 quum
1087 2111 1154 2143 viri

474 2171 557 2205 clari
566 2179 599 2204 et
607 2168 743 2202 nobiles
751 2178 873 2200 eorum
885 2164 1001 2198 officia
1009 2163 1156 2197 obeant?

531 2226 565 2259 5.
595 2223 753 2267 Respiciet!
783 2217 862 2252 edd.
892 2225 976 2251 vett.
1000 2217 1156 2262 Respa-ies

472 2276 550 2311 cod.
570 2275 754 2309 Pulmann.
772 2294 824 2299 —-
838 2272 1020 2310 Dominum,
1039 2282 1155 2314 regem-

474 2345 541 2377 que.
568 2330 761 2363 Patronnm
774 2352 783 2367 ‚
804 2337 894 2370 quos
912 2335 1010 2368 reges
1031 2331 1063 2356 et
1091 2321 1155 2356 do-

476 2386 591 2417 minos
612 2381 804 2419 vocabant,
823 2385 862 2411 ut
882 2389 987 2422 supra
1004 2388 1107 2421 saepe.

532 2440 565 2469 6.
587 2435 658 2468 Hoc
677 2442 730 2469 tu.
754 2441 822 2465 etc·
843 2431 964 2475 Egone
987 2438 1020 2463 te
1041 2438 1156 2475 patro-

478 2501 561 2522 num
581 2487 750 2526 salutabo,
766 2485 825 2530 qui
841 2483 914 2529 ipse
929 2483 1014 2516 alios
1029 2483 1154 2516 salutas

476 2543 588 2575 multo
605 2538 768 2574 blandius
786 2549 889 2583 quam
909 2548 972 2582 ego
989 2535 1048 2569 te?

529 2607 564 2639 7.
586 2593 764 2638 Sellamque
775 2617 781 2623 .
795 2617 802 2623 .
816 2617 822 2623 .
837 2603 941 2622 recuso
963 2588 1045 2622 edd.
1069 2596 1152 2622 vett.

474 2657 507 2681 et
528 2645 703 2681 Farnabii.
723 2645 876 2678 sellamve
894 2641 972 2677 cod„
993 2642 1151 2676 Pulman.

1268 1477 1301 1509 8.
1326 1476 1392 1507 Per
1411 1475 1542 1507 medium
1557 1501 1564 1513 ,
1587 1483 1651 1506 etc.
1676 1472 1742 1506 Sed
1765 1482 1799 1507 et
1821 1474 1893 1519 ipse

1212 1527 1296 1561 alios
1321 1526 1488 1573 praecedis
1516 1527 1737 1560 anteambulo
1762 1539 1894 1560 comes-

1213 1593 1303 1627 que,
1323 1581 1386 1613 lib.
1410 1581 1483 1621 Ill,
1504 1580 1613 1626 epigr.
1635 1591 1762 1618 xxxvl,
1787 1593 1834 1613 vs.
1858 1585 1891 1620 4.

1267 1634 1412 1678 9.Testis
1422 1646 1488 1678 pro
1503 1641 1536 1665 tu
1548 1641 1612 1666 sta-5
1623 1632 1739 1666 Pulm.
1760 1631 1892 1665 cod.—

1215 1687 1394 1731 Assur-gam
1424 1688 1579 1720 recitanti.
1602 1686 1651 1719 Ut
1670 1684 1891 1731 applaudam.

1272 1751 1324 1772 10.
1351 1739 1400 1772 Et
1417 1741 1541 1784 pariter
1567 1742 1721 1784 geminas.
1748 1737 1891 1784 Signum

1213 1801 1263 1825 est
1284 1791 1525 1838 applaudentis
1546 1800 1580 1825 et
1599 1790 1786 1825 adulantis.

1271 1858 1284 1878 1
1298 1857 1330 1887 1,
1343 1858 1356 1879 1
1369 1858 1398 1878 2.
1414 1844 1566 1878 Clientem
1575 1843 1654 1878 cod.
1667 1843 1891 1878 Beverl.Vi‹l.

1212 1898 1334 1932 Heius.
1371 1897 1412 1931 ad
1441 1897 1548 1931 Ovid.
1581 1898 1680 1944 epist.
1714 1910 1791 1938 xlv,
1831 1900 1890 1934 64.

1214 1952 1296 1985 Mox
1316 1952 1459 1985 Dimisit.
1477 1968 1488 1980 n
1505 1951 1676 1990 Memini,
1692 1963 1799 1996 quum
1819 1951 1892 1995 pri-

1213 2017 1309 2037 mum
1330 2005 1366 2037 in
1388 2005 1485 2037 hunc
1506 2004 1573 2037 loc.
1594 2002 1806 2044 inciderem,
1828 2011 1893 2035 sta·

1214 2057 1274 2090 tim
1302 2058 1515 2091 succurrisse
1539 2057 1626 2090 mihi
1650 2057 1782 2089 Derisie.
1803 2073 1816 2085 ›-
1845 2057 1893 2088 De

1214 2110 1315 2153 Rooy'.
1340 2131 1392 2136 -—
1420 2111 1541 2143 Divfieit
1568 2117 1709 2148 nostras,
1735 2117 1803 2142 etc.
1835 2109 1893 2142 Sic

1213 2161 1294 2196 edd.
1311 2163 1462 2208 autiquae
1477 2171 1511 2196 et
1526 2161 1636 2196 codex
1654 2162 1841 2196 Pulmanni
1859 2170 1893 2196 et

1213 2216 1270 2249 hic
1292 2228 1432 2250 sensus:
1454 2218 1568 2261 AEque
1589 2228 1710 2249 sumus
1727 2215 1894 2255 clientes,

1214 2281 1274 2301 vos
1291 2269 1476 2314 purpurati
1493 2278 1628 2302 tantum
1644 2267 1803 2302 distincti
1812 2268 1894 2302 estis

1214 2335 1231 2355 a
1256 2323 1357 2355 nobis
1382 2322 1517 2367 togatis.
1535 2322 1601 2355 Vel
1623 2334 1684 2355 vos
1704 2321 1892 2367 purpurati

1212 2375 1355 2409 clientes
1384 2375 1576 2409 exclusistis
1605 2387 1669 2407 nos
1693 2382 1827 2419 togatos
1848 2374 1892 2408 ab

1212 2428 1330 2463 officio
1339 2428 1521 2461 clientum.
1531 2428 1688 2461 Turneb.
1698 2427 1759 2460 lib.
1772 2427 1873 2460 XXX
1884 2452 1894 2467 ‚

1215 2481 1272 2515 30.
1288 2482 1438 2526 Purpura
1453 2481 1547 2514 enim
1568 2480 1704 2525 insigne
1716 2481 1891 2513 Romano-

1213 2547 1290 2567 rum
1325 2535 1599 2579 magistratuum.
1627 2533 1663 2567 Si
1688 2533 1889 2578 18883άίωὲ-

1213 2591 1262 2626 sit,
1283 2600 1361 2622 cum
1380 2588 1534 2622 Gruter-o
1548 2589 1795 2631 interpretare:
1812 2585 1833 2618 J
1837 2597 1890 2619 uo-

1215 2642 1257 2674 sit
1278 2653 1349 2673 esse
1371 2641 1529 2681 feriatas,
1552 2639 1689 2673 inutiles
1708 2636 1885 2672 reddidit:
