1978 3305
357 203 939 247 EPIGRAMMATUM
977 204 1102 246 LIB.
1143 192 1228 245 xp

1381 203 1476 264 569
1527 193 1529 196 ¹

214 294 333 335 Dum
355 291 601 352 myrrham,
628 301 670 335 et
692 292 850 335 casiam
873 290 1023 334 flebilis
1047 307 1156 334 uxor
1177 291 1304 340 emit;

144 362 440 417 Jamrscrobe‚
461 362 551 421 jam
574 361 708 415 lecto,
725 362 814 421 jam
834 360 1089 421 pollinctore
1110 370 1261 421 parato

216 431 444 475 Haereclem
470 432 639 492 Scripsit
663 448 732 475 me
754 433 896 475 Numa
915 448 923 473 ε
943 430 1174 474 convaluit.

134 580 164 598 2.
189 566 274 598 Dum
287 565 454 611 myrrham.
470 566 633 598 Aromata
647 565 747 611 quip-

78 631 122 664 pe
143 619 179 651 in
194 630 321 663 rogum
337 617 591 663 injiciebantur.

133 672 167 705 3.
186 671 370 704 Pollectore.
402 669 513 703 codex
543 670 675 703 Beverl.
697 690 748 695 —-

78 724 203 757 Scrobe.
224 723 406 769 Sepulcro,
430 723 577 756 tumulo.
593 723 748 754 —Lecto

79 777 200 815 ferali,
220 788 289 821 quo
317 774 516 808 efferendus
537 784 632 815 erat;
653 783 685 807 et
706 775 750 815 is,

80 838 119 862 ut
137 827 276 869 lectica,
291 830 502 873 τετράφορος,
529 828 676 873 ἔξάφορος
698 828 750 860 vel

81 881 267 926 ὀκτώφορος.
280 902 332 907 —
344 880 417 912 Jam
427 881 613 925 pollinctore
622 888 750 925 parato.

80 934 336 978 Νεκραλείπτης.
366 933 436 974 Qui
461 945 588 978 corpus
621 933 752 966 mortui

79 987 171 1020 lavat
196 994 298 1031 atque
319 986 437 1031 ungit,
457 986 644 1031 pollinctor
666 985 752 1019 dici-

807 573 882 604 tur,
901 565 1000 609 quasi
1020 564 1120 608 pellis
1137 573 1271 596 unctor.
1291 562 1373 595 Vid.
1394 563 1484 596 Tur-

807 617 915 649 nebus
943 616 1002 648 lib.
1026 616 1204 657 XXVIII,
1226 629 1299 662 cap.
1328 617 1386 649 31.
1416 616 1479 648 His

809 669 971 701 omnibus
981 681 1056 713 quae
1067 669 1244 714 exsequias
1255 668 1409 701 indicant
1422 668 1479 701 de-

809 722 914 754 clarat
934 721 1056 762 Poeta,
1076 722 1227 754 Numam
1250 723 1318 765 jam
1342 721 1479 755 concla-

811 782 944 807 matum
963 782 997 806 et
1010 774 1118 807 humo
1138 773 1320 808 conditum
1340 774 1452 807 fuisse.

866 832 898 868 4.
927 826 1110 860 Convaluie.
1132 828 1170 859 In
1195 827 1258 860 hac
1278 839 1362 859 voce
1385 828 1483 872 jocus

811 889 881 921 est,
913 880 1007 924 quasi
1038 878 1129 913 dicat
1159 879 1239 912 ideo
1268 879 1484 912 convaluisse

813 933 979 975 Numam,
1002 940 1041 965 ut
1056 932 1128 978 ipse
1146 932 1267 965 infelix
1286 934 1359 976 ejus
1377 932 1485 965 haere-

813 984 954 1019 ditatein
976 998 1046 1018 uon
1069 993 1352 1031 consequeretur.

637 1122 929 1180 XCVIII.

614 1278 627 1304 Ι
643 1278 669 1305 N
711 1277 907 1306 PUBLIU
921 1277 968 1305 M.

294 1387 459 1428 ADDAT
485 1400 617 1444 quum
646 1384 751 1427 mihi
773 1384 1010 1428 Caecubum
1038 1385 1254 1440 minister,

294 1454 409 1498 Idaeo
435 1453 665 1498 resolutior
693 1454 880 1507 cinaedo,

294 1526 396 1582 Quo
423 1541 502 1568 nec
529 1523 616 1568 filia
639 1524 815 1579 cultior,
836 1541 916 1568 nec
941 1542 1073 1580 uxor,

294 1596 387 1639 Nec
418 1605 557 1638 mater
586 1604 683 1648 tua,
714 1612 794 1639 nec
822 1612 945 1639 soror
976 1596 1215 1649 recumbit3

293 1667 372 1709 Vis
401 1675 593 1726 spectem
623 1666 766 1726 potius
797 1675 892 1709 tuas
920 1665 1140 1717 lacernas,

295 1738 351 1780 Et
380 1737 537 1780 citrum
564 1746 709 1791 vetus,
730 1736 990 1797 Indicosque
1016 1736 1194 1780 dentes?

296 1808 533 1867 Suspectus
563 1807 639 1850 tibi
670 1823 723 1850 ne
748 1816 893 1850 tamen
920 1807 1197 1862 recumbam,

294 1879 456 1921 Praesta
485 1877 538 1921 de
566 1894 717 1938 grege,
748 1877 1007 1938 sordidaque
1038 1877 1136 1921 villa

295 1949 484 2003 Tonsos,
511 1947 782 2001 horridulos,
807 1948 958 2003 rudes,
986 1948 1161 2009 pusillos

297 2018 468 2062 Hircosi
492 2018 598 2062 mihi
621 2017 730 2062 filios
756 2018 935 2063 subulci.

148 2165 160 2185 1
171 2179 179 2185 .
208 2152 322 2186 Addat
351 2165 443 2197 quum
475 2154 551 2186 mila·
580 2153 758 2186 Caecubam.

91 2204 166 2238 Hoc
194 2213 244 2238 est
271 2204 444 2239 effundat.
465 2227 518 2232 —-
539 2206 669 2239 Addere
695 2219 760 2252 pro

90 2258 167 2290 dare
178 2257 310 2290 Latinis
324 2257 584 2291 usitatissimum
595 2283 605 2298 ‚
621 2271 762 2304 praeser-

91 2309 155 2342 tim
173 2310 233 2342 ubi
252 2308 296 2343 de
314 2310 396 2343 vino
412 2310 539 2355 agitur.
559 2311 684 2345 Noster
699 2312 760 2344 lib.

91 2362 160 2403 IX,
176 2363 342 2408 epigram·
363 2375 456 2404 κων,
472 2376 520 2396 vs.
546 2375 559 2396 1
576 2375 582 2395 :
597 2379 608 2391 «ι
622 2363 762 2397 Addere

91 2414 178 2459 quid
203 2427 329 2456 cessas,
351 2428 451 2460 puer,
479 2416 673 2450 immortale
697 2417 762 2451 Fa-

93 2468 252 2508 lernuin3
269 2486 282 2497 n
305 2477 339 2501 et
355 2469 493 2513 passim.
515 2469 582 2501 En.

148 2534 179 2554 2.
199 2521 287 2553 ldaeo
307 2521 437 2554 cinoeclo.
458 2521 533 2554 Hoc
549 2531 617 2562 est,
642 2523 761 2566 Gany-

92 2572 204 2607 mede.
219 2574 298 2606 Lib.
314 2574 367 2615 11,
386 2574 492 2619 epigr.
511 2587 618 2617 xmu,
634 2588 681 2608 vs.
706 2588 717 2608 1
729 2576 760 2608 3.

94 2647 144 2652 —
154 2626 280 2660 Nonne
291 2628 426 2660 servulo
437 2640 454 2659 e
469 2628 616 2673 Phrygia
629 2628 642 2660 Ρ
657 2629 763 2661 Phrv-

818 2166 900 2198 gum
921 2154 1015 2186 enim
1032 2153 1344 2186 celebratam‘olim
1364 2163 1395 2186 et
1417 2155 1493 2199 pul-

821 2205 1059 2239 chritudinem
1082 2214 1114 2238 et
1134 2206 1327 2239 mollitiem.
1347 2206 1413 2239 En.

877 2259 909 2292 5.
926 2259 1076 2303 Spectem.
1091 2258 1168 2291 Lib.
1183 2259 1235 2291 IX
1248 2283 1258 2299 ,
1273 2272 1328 2304 ep.
1346 2272 1441 2300 xxw,
1460 2259 1492 2292 3.

875 2314 907 2343 6.
930 2312 977 2344 Et
1000 2314 1111 2344 cin-um
1139 2319 1238 2345 vetus.
1266 2312 1422 2345 Mensam
1451 2313 1495 2344 ci-

822 2374 930 2397 tream
966 2365 1080 2410 operis
1115 2364 1269 2409 antiqui,
1309 2373 1342 2398 et
1375 2364 1495 2398 dentes

822 2417 992 2450 eburneos
1008 2418 1136 2463 quibus
1152 2417 1238 2450 fulta
1260 2425 1335 2451 stat.

877 2482 910 2514 7.
926 2469 1101 2514 Suspeclns.
1120 2469 1174 2502 Ad
1193 2471 1298 2516 epigr.
1316 2483 1417 2516 supra
1435 2471 1493 2503 cit.

879 2524 912 2556 8.
933 2523 1058 2555 Proesta
1077 2523 1115 2555 de
1134 2536 1232 2567 grege
1247 2550 1255 2563 ,
1279 2532 1341 2557 etc.
1367 2523 1492 2558 Praesta

824 2576 1002 2609 ministros
1026 2576 1190 2609 incultos.

884 2641 935 2663 ιω,
961 2629 1101 2662 Sulmlci.
1122 2629 1272 2662 Gallice.
1291 2631 1449 2673 [toreham.
