1978 3305
356 215 936 260 EPIGRAMMATUM
974 215 1100 258 LIB.
1130 215 1216 257 VI.

1399 212 1488 270 145

680 365 892 422 XLII.

210 515 276 543 DE
315 513 556 543 ETRUSCI
594 513 876 554 THERMIS,
913 514 984 542 AD
1023 495 1372 544 OPPIANU'M'.qk

294 636 497 678 Enmsm
524 633 607 677 nisi
630 632 855 677 thermulis
881 632 1060 690 lavaris,

294 703 448 747 Illotus
472 703 696 759 morieris,-
718 703 933 764 Oppiane.

296 772 437 817 Nullae
459 774 518 817 sic
540 773 618 817 tibi
639 772 916 817 blandientur
940 773 1067 818 undae
1087 791 1095 816 :

294 846 385 887 Nec
413 843 555 888 fontes
586 844 727 905 Aponi
750 843 878 888 rudes
900 842 1054 904 puellis
1068 879 1079 898 ‚

295 915 398 958 Non
423 913 563 958 mollis
585 914 785 958 Sinuessa
801 949 812 971 ,
836 913 1075 974 fervidique
1482 939 1494 962 5

302 983 480 1028 Fluctus
502 980 717 1039 Passeris,
743 994 818 1028 aut
839 985 1053 1045 superbus
1074 985 1248 1042 Anxur,

143 1115 156 1131 ³
175 1120 226 1152 De
248 1119 398 1152 Hetrusci
421 1119 544 1151 thermis
565 1126 613 1151 est
635 1119 761 1151 lemma

90 1173 127 1206 in
152 1171 231 1206 Ald.
253 1172 350 1205 Junt.
375 1172 489 1205 Colin.
511 1170 648 1217 Gryph.
674 1171 760 1204 aliis.

143 1246 195 1252 -—
230 1227 260 1257 A
299 1224 424 1257 morbo
463 1223 615 1269 Oppiani
658 1224 764 1257 sumit

92 1278 307 1312 occasionem
340 1275 591 1310 laudandarum
623 1276 763 1310 Etrusci

92 1331 327 1371 thermarum,
350 1342 435 1375 quas
455 1330 517 1362 lib.
537 1329 567 1363 I.
590 1328 763 1362 Silvarum

92 1383 258 1430 Papinius
269 1384 442 1429 eleganter
452 1381 616 1415 describit
629 1383 764 1415 :Romae

93 1445 188 1471 erant
210 1436 246 1469 in
266 1436 340 1482 ipsa
358 1436 456 1469 urbe.
477 1435 684 1480 Oppianum
704 1448 763 1468 au-

93 1498 163 1523 tem
173 1498 311 1535 poetam
325 1501 384 1522 sua
397 1488 563 1533 opinione
573 1514 582 1529 ‚
598 1500 670 1521 non
680 1500 764 1534 poe-

95 1551 164 1576 tam
175 1542 341 1575 Martialis
353 1540 496 1587 judicio,
508 1541 543 1574 in
556 1541 610 1574 his
622 1541 766 1574 thermis

94 1596 189 1628 luem
204 1594 319 1628 morbi
337 1595 572 1627 abstersurum
587 1593 686 1630 dicit,
705 1602 767 1627 aut

95 1648 232 1682 illotum
241 1646 651 1692 moriturum.Oppianus
661 1647 754 1680 enini
762 1673 770 1689 ‚

95 1709 134 1734 ut
149 1702 211 1734 lib.
232 1701 264 1733 V
268 1701 303 1733 II
325 1700 434 1746 leges,
456 1698 608 1745 pallidus
626 1700 767 1733 affecta-

95 1754 155 1788 bat
170 1754 310 1799 poesin,
327 1765 367 1786 eo
382 1753 497 1786 solum
515 1753 656 1786 nomine
672 1751 769 1798 quod

96 1807 241 1852 palleret
260 1818 268 1839 :
285 1806 417 1852 pallent
436 1805 528 1838 enim
548 1806 593 1838 ob
612 1804 767 1839 studium

96 1860 181 1893 boni
200 1867 322 1905 poetae.
343 1857 410 1892 Sed
432 1858 618 1904 Oppianus
637 1866 769 1892 naturae

97 1912 184 1946 vitio
201 1912 396 1953 laborabat,
413 1923 484 1944 non
507 1911 585 1946 alio.

156 1978 188 1999 1.
209 1966 250 1998 In
277 1964 376 1998 editt.
396 1976 504 2009 supra
526 1964 620 1997 citat.
647 1964 767 1997 laveris.

98 2017 284 2052 Pulmanni
301 2016 429 2058 codex,
443 2017 768 2057 lavaris.—Etrusci,

98 2080 165 2106 etc.
181 2070 319 2106 Claudii
333 2070 470 2104 Etrusci
482 2069 627 2103 balneis.
641 2091 693 2096 -——
705 2070 770 2102 La-

101 2127 203 2164 amris,-
231 2125 340 2157 uteris
369 2123 602 2157 Thermarum
632 2123 771 2156 illarum

101 2178 210 2223 aquis.

158 2244 189 2263 2.
212 2230 325 2263 Illotus
353 2231 504 2262 morieris.
533 2229 658 2274 Neque
679 2228 772 2262 enim

101 2284 176 2317 aliae
203 2283 346 2315 thermae
368 2282 460 2315 labes
483 2290 560 2315 tuas
582 2290 615 2314 et
643 2282 773 2314 malum

103 2339 256 2370 colorem
270 2331 351 2374 (lib.
366 2335 436 2367 vll
449 2359 459 2374 ‚
471 2335 578 2380 epigr.
594 2332 644 2374 1v)
657 2335 774 2368 eluere

102 2390 231 2422 valent.
242 2388 309 2420 Vel
322 2386 414 2420 ludit
429 2387 464 2420 in
477 2387 704 2432 homonymia
717 2391 772 2420 τοῦ

103 2443 229 2480 illotus,
248 2449 286 2474 ut
305 2448 506 2485 opponatur
521 2440 622 2478 lauto,·
642 2439 679 2472 id
702 2448 752 2473 est
766 2465 775 2481 ,

104 2493 270 2529 sordidus
282 2519 291 2535 ‚
309 2492 456 2526 liberali.
473 2492 607 2525 Mortui
624 2505 707 2525 vero
727 2493 775 2525 la-

104 2548 276 2580 vabantur
289 2558 376 2592 aqua
390 2544 516 2585 calida,
531 2544 623 2578 unde
637 2545 706 2590 joci
720 2558 777 2578 oc-

106 2601 208 2635 casio.
229 2600 366 2632 Herald.

821 1118 938 1151 Abano
951 1145 959 1157 ‚
984 1130 1090 1164 quem
1110 1119 1262 1154 celebrat
1281 1121 1495 1158 Claudianus

821 1171 938 1204 Carm.
951 1171 1086 1214 XLIX;
1098 1180 1131 1205 at
1142 1173 1234 1206 inter
1246 1175 1340 1208 varia
1351 1176 1498 1210 miracu·

822 1223 854 1256 la
870 1224 1026 1258 mirificis
1041 1225 1198 1259 versibus
1211 1225 1383 1273 descripta
1395 1255 1404 1270 ‚
1424 1243 1498 1263 non

820 1276 926 1310 refert
941 1289 1076 1310 causam
1087 1303 1096 1318 ‚
1110 1291 1174 1312 cur
1186 1279 1243 1313 isti
1256 1280 1369 1315 fontes
1380 1283 1497 1327 puellis

822 1329 913 1361 rudes
927 1328 1108 1371 dicantur,
1126 1331 1149 1364 i.
1171 1344 1200 1364 e.
1223 1332 1345 1367 intacti
1357 1335 1495 1380 puellis.

822 1381 949 1415 Scribit
967 1383 1060 1416 enim
1079 1383 1320 1420 Theodoricus
1341 1399 1404 1421 rex
1426 1400 1498 1423 esse

822 1434 858 1467 in
866 1435 1083 1481 aquisAponi
1095 1436 1301 1482 stupendam
1311 1439 1497 1485 quamdam

824 1488 1051 1522 continentiae
1075 1487 1297 1536 disciplinam
1324 1504 1332 1525 :
1354 1506 1436 1527 nam
1460 1494 1497 1528 in

824 1539 953 1573 undam
965 1567 973 1582 ‚
985 1554 1053 1587 qua
1069 1542 1134 1575 viri
1149 1543 1368 1587 reficiuntur,
1383 1546 1411 1579 si
1426 1560 1500 1581 tnu-

824 1593 888 1626 lier
911 1592 1119 1636 descendat,
1143 1595 1365 1640 incenditur,
1389 1607 1423 1632 et
1443 1613 1499 1634 ca·

824 1646 899 1679 lore
918 1646 1087 1681 exuritur.
1105 1647 1198 1682 Vide
1220 1650 1416 1685 Cassiodor.
1435 1653 1498 1687 lib.

825 1699 881 1740 II,
907 1699 1005 1745 epist.
1032 1700 1093 1745 39;
1114 1708 1148 1734 et
1175 1702 1316 1736 Cluver.
1340 1705 1419 1739 Ital.
1437 1706 1498 1740 lib.

826 1752 842 1784 I
854 1777 863 1792 ‚
897 1763 972 1798 cap.
1005 1754 1062 1787 18.
1080 1754 1147 1787 Vel
1177 1754 1221 1787 ad
1253 1757 1500 1792 verecundiam

827 1804 916 1837 forte
943 1805 1186 1840 Patavinorum
1213 1810 1374 1854 respexit.
1407 1811 1501 1845 Vide

823 1857 889 1891 lib.
910 1858 980 1898 XI,
998 1858 1109 1904 epigr.
1128 1872 1209 1902 xvr3
1228 1870 1262 1894 et
1278 1862 1368 1896 Plin.
1381 1863 1441 1897 lib.
1464 1866 1501 1906 I,

828 1910 928 1955 epist.
948 1923 1023 1944 xiv.
1035 1932 1087 1938 --
1102 1913 1234 1957 Aponus
1257 1914 1377 1949 Graeca
1410 1930 1476 1950 vox
1492 1944 1501 1959 ‚

828 1963 904 1996 sine
916 1963 1035 1997 labore
1050 1977 1111 1998 seu
1121 1974 1308 2009 tormento,
1318 1969 1392 2002 sine
1406 1983 1501 2011 cura,

829 2016 882 2049 vel
900 2016 1066 2060 horrore3
1090 2018 1243 2053 remedia
1263 2021 1374 2056 facilia
1393 2031 1427 2055 et
1450 2023 1501 2055 vi-

830 2077 899 2102 tam
916 2069 1012 2115 aegris
1030 2071 1191 2117 porrigit.
1208 2073 1273 2105 En.

887 2122 920 2156 5.
937 2123 1047 2155 Mollis
1066 2123 1225 2157 Sinuessa.
1244 2126 1336 2160 Urbs
1356 2127 1504 2173 Campa-

830 2175 897 2209 niae
924 2176 1112 2216 maritima,
1143 2176 1186 2210 ad
1215 2177 1351 2212 radices
1375 2181 1506 2214 montis

831 2228 993 2270 Marsici,
1010 2228 1132 2269 hodie,
1152 2238 1191 2263 ut
1208 2231 1327 2273 aiunt,
1350 2233 1453 2265 Rocca
1472 2234 1506 2266 cli

832 2281 1223 2326 Mondragoneffacitus,
1244 2285 1369 2318 Aunal.
1389 2298 1442 2318 x11
1462 2285 1507 2320 de

833 2333 979 2368 Claudio
995 2347 1003 2367 :
1022 2335 1256 2369 «Refovendis
1271 2337 1404 2372 viribus
1416 2339 1506 2372 mol-

832 2387 904 2420 litie
930 2387 1020 2427 caeli,
1047 2395 1081 2421 et
1107 2388 1311 2422 salubritate
1336 2402 1506 2436 aquarum

833 2439 1028 2472 Sinuessam
1045 2441 1210 2486 perrexit.
1226 2459 1240 2471 n
1254 2441 1331 2476 Lib.
1349 2445 1419 2486 XI,
1438 2446 1508 2491 epi-

834 2504 977 2538 gramm.
991 2504 1044 2526 vn
1056 2518 1065 2534 ,
1082 2506 1130 2526 vs.
1159 2507 1173 2527 1
1184 2507 1215 2528 2.
1229 2495 1297 2529 En.

892 2549 925 2578 6.
952 2546 1085 2578 Fluctus
1109 2547 1262 2582 Passeris.
1284 2549 1392 2595 Aquae
1410 2551 1508 2584 blan·

839 2596 987 2631 dissimae
1007 2599 1043 2631 in
1067 2600 1257 2645 Campania
1277 2601 1320 2635 ad
1342 2615 1434 2636 mare
1456 2604 1509 2636 in-

162 2657 194 2692 4.
218 2654 337 2696 Aponi.
366 2651 507 2685 Patavio
530 2650 650 2689 vicini,
675 2649 781 2684 hodie
840 2652 972 2691 (erum,
999 2660 1037 2685 ut
1064 2660 1190 2698 putant
1218 2654 1436 2701 interpretes.
1459 2658 1511 2689 De

181 2720 242 2761 ΙΙ.

1250 2736 1305 2763 10
