1978 3305
382 204 967 248 EPIGRAMMATUM
1005 206 1129 247 LIB.
1170 207 1223 247 X.

1417 205 1442 251 :3
1451 205 1476 252 5
1486 206 1511 250 3

280 292 364 335 lbit
386 307 483 335 rara
509 291 636 345 fides,
659 307 867 352 amorque
892 293 1023 346 recti,

276 364 338 406 Et
366 378 512 406 secum
543 362 745 405 comitem
774 362 917 406 trahet
946 360 1171 422 pudorem.

281 433 461 493 Semper
488 433 720 493 pauperior
745 432 855 476 redit
883 441 1086 493 potestas.

281 501 399 546 Felix
424 502 622 546 auriferae
647 501 800 546 colone
831 512 981 556 terrae,
1504 522 1514 540 ε

283 574 513 616 Rectorem
540 589 680 616 vacuo
707 573 801 616 sinu
829 573 1042 625 remittes,

283 643 553 703 Optabisque
577 659 721 686 moras
737 678 748 698 ‚
778 651 821 686 et
848 652 1076 686 exeuntem

281 711 382 756 Udo
407 712 611 756 Dalmata
642 712 799 773 gaudio
829 714 1030 774 sequeris.

281 783 372 826 Nos
403 781 570 836 Celtas,
604 784 778 833 Macer,
812 792 855 827 et
884 793 1027 827 truces
1054 783 1205 827 Iberos

278 855 391 896 Cum
416 852 628 897 desiderio
654 854 715 897 tui
746 863 954 915 petemus.
1485 880 1516 896 ς.

281 922 366 966 Sed
395 939 680 984 quaeculnque
708 933 854 968 tamen
885 923 1047 968 feretur
1076 923 1161 967 illic

283 994 442 1038 Piscosi
468 993 635 1038 calamo
662 995 768 1055 Tagi
794 1004 964 1051 notata,

281 1065 481 1108 Macrum
507 1066 666 1126 pagina
692 1075 840 1109 nostra
864 1064 1117 1109 nominabit.

279 1135 348 1178 Sic
373 1136 485 1178 inter
506 1145 673 1179 veteres
695 1135 814 1196 legar
839 1145 1014 1197 poetas;

280 1205 372 1248 Nec
397 1204 556 1249 multos
583 1206 688 1249 mihi
714 1207 917 1267 praeferas
940 1207 1107 1267 priores
1123 1241 1133 1259 ‚

282 1276 384 1318 Uno
416 1275 490 1319 sed
522 1275 599 1319 tibi
630 1277 708 1320 sim
739 1278 882 1320 minor
911 1275 1095 1321 Catullo.

107 1413 167 1446 lib.
181 1413 269 1454 XII,
282 1413 391 1459 epigr.
408 1426 462 1448 c.»
480 1415 538 1448 Me
558 1414 677 1461 judice
693 1428 779 1449 con-

108 1474 173 1499 stat
201 1474 236 1499 et
265 1467 444 1500 Dalmatiae
472 1476 507 1502 et
527 1468 780 1503 Tarraconensi

108 1519 202 1552 hunc
224 1520 452 1564 praefectum3
472 1519 532 1553 sed
560 1521 642 1554 huic
664 1529 780 1567 poste-

108 1572 191 1605 rius.
223 1572 349 1618 Legam
388 1585 470 1618 ergo
499 1574 663 1607 libentius
699 1587 779 1607 cum

108 1624 311 1658 Schrevelio
326 1626 481 1666 litoream,
502 1627 626 1667 ῘῦΙαεεν,
647 1627 779 1661 Salona.

110 1677 320 1711 En.—Salo
347 1691 429 1711 vero
454 1678 580 1713 fluvius
605 1680 781 1726 Hispaniae

107 1731 202 1776 juxta
213 1731 376 1764 Bilbilim.
396 1732 475 1765 Lib.
492 1733 509 1764 I
521 1758 529 1774 ‚
545 1733 656 1779 epigr.
671 1745 711 1773 L,
731 1746 780 1766 vs.

114 1796 168 1816 η.
195 1783 318 1817 Suidas
351 1785 387 1818 in
419 1786 526 1818 verbo
559 1788 780 1825 Διοκλητιανὸς

109 1834 249 1869 Salonas
276 1849 347 1870 esse
374 1837 506 1883 Illyrici
537 1839 657 1871 urbem
678 1838 782 1880 dicit,

110 1888 203 1934 quod
225 1889 260 1922 in
282 1889 319 1922 id
340 1889 467 1924 recidit
485 1890 582 1936 quod
605 1890 782 1933 diximum

110 1941 280 1975 Dalmatia
299 1943 391 1976 enim
418 1952 468 1977 est
494 1944 627 1990 Illyrici
649 1957 738 1989 pars.

166 1998 199 2034 4.
215 1995 342 2041 Semper
348 1998 527 2042 pauperior.
540 1997 617 2031 Hoc
634 2006 700 2039 est,
715 2010 784 2031 ma·

46 2083 49 2090 ¹
109 2047 272 2092 gistratus
284 2049 418 2095 integer
431 2061 472 2082 ex
484 2050 664 2096 provincia
678 2063 783 2096 quam

110 2099 369 2135 administravit
412 2115 551 2148 semper
592 2104 784 2148 pauperior

111 2152 215 2188 redit.

166 2208 199 2239 5.
228 2207 321 2240 Felix
343 2210 501 2251 auriseroe.
528 2210 579 2242 De
604 2209 785 2243 Dalmatiae

111 2259 320 2293 aurifodinis
346 2261 479 2295 Plinius
505 2261 565 2295 lib.
598 2263 783 2300 XXXIII,

113 2323 188 2356 cap.
212 2317 243 2352 4.

166 2367 200 2398 6.
227 2366 375 2398 Remittat
400 2367 534 2399 Beverl.
555 2366 630 2399 MS.
647 2389 698 2393 —-
714 2368 730 2398 l
744 2368 785 2398 ἀ-

111 2430 168 2450 cuo
179 2419 259 2451 aima.
277 2418 404 2452 Sensus
418 2427 467 2452 est
481 2432 488 2452 z
504 2419 621 2453 Macer
634 2420 783 2453 Romam

112 2469 239 2504 redibit
254 2471 341 2505 nihil
359 2472 391 2504 in
408 2472 577 2505 Dalmatia
602 2472 782 2517 praedatus.

895 1417 928 1450 8.
946 1416 1041 1448 Hunc
1060 1415 1121 1448 udo
1140 1414 1231 1448 Cella
1246 1415 1366 1459 gaudio
1383 1417 1517 1461 sequeris

839 1469 990 1502 Farnab.
1007 1467 1102 1514 quod
1116 1468 1219 1501 etiam
1233 1469 1360 1514 probat
1374 1468 1515 1501 Schrev.

840 1523 943 1555 Male.
968 1523 1056 1555 Nam
1079 1521 1115 1554 in
1139 1521 1231 1554 Celta
1260 1521 1415 1566 priorem,
1440 1533 1517 1554 cor-

840 1575 909 1620 ripi
928 1575 1004 1620 quis
1024 1574 1137 1607 ferat?
1154 1583 1186 1607 et
1209 1573 1330 1607 suadet
1352 1575 1428 1619 quis
1446 1586 1517 1606 ma-

840 1628 1042 1672 nuscriptus
1061 1626 1193 1660 codex?
1212 1627 1418 1660 En.--Ud0
1433 1640 1517 1672 gau-

839 1681 903 1713 dio.
928 1681 1005 1713 Hoc
1037 1688 1107 1722 est,
1131 1680 1289 1713 Dalmata
1308 1680 1375 1713 erit
1399 1680 1518 1719 laetus,

840 1733 935 1779 quod
956 1733 1056 1767 bonis
1075 1733 1144 1766 suis
1160 1733 1326 1779 spoliatus
1347 1745 1419 1766 non
1441 1733 1516 1765 fue-

840 1787 910 1827 rit;
939 1785 1035 1819 flebit
1065 1794 1179 1820 autem
1208 1785 1303 1831 quod
1330 1794 1363 1819 te
1387 1786 1516 1818 abeuw

842 1848 911 1873 tem
931 1838 1067 1872 viderit.

896 1906 928 1936 9.
950 1892 1019 1925 Nos
1040 1891 1159 1925 Celtas.
1178 1892 1252 1937 Ego
1272 1904 1355 1925 vero
1369 1918 1376 1930 ,
1400 1891 1515 1936 inquit

841 1945 948 1979 Poeta
960 1972 968 1987 ,
983 1953 1104 1991 petens
1120 1945 1381 1979 Celtiberorum
1399 1956 1498 1989 agros
1508 1969 1517 1984 ,

841 2011 917 2032 sum
937 1997 1114 2032 rediturus
1126 1998 1163 2031 in
1174 1998 1319 2043 patriam
1337 2009 1416 2030 cum
1428 2009 1519 2030 sum-

842 2064 900 2084 mo
926 2051 977 2085 tui
1001 2049 1187 2085 desiderio.

900 2117 912 2138 1
926 2117 956 2138 1.
977 2104 1059 2137 Illic.
1077 2104 1147 2137 Alii
1169 2104 1266 2137 illinc.
1284 2122 1336 2128 —-
1355 2102 1421 2136 Sed
1431 2116 1518 2147 quse-

843 2170 980 2203 cumque.
995 2157 1070 2190 Hoc
1086 2165 1150 2197 est,
1171 2168 1398 2202 quaecumque
1415 2154 1458 2188 ad
1477 2155 1520 2188 ri-

842 2222 902 2254 pas
917 2210 1003 2255 Tagi
1019 2222 1227 2255 componam
1240 2208 1520 2248 carmina‚sona-

843 2263 931 2296 bunt
946 2271 1045 2296 tuum
1065 2275 1208 2295 nomen.

902 2328 960 2350 12.
985 2317 1067 2348 Daci
1091 2313 1296 2348 Beverlaud.
1327 2327 1390 2359 pro
1420 2315 1515 2357 Tagi.

902 2379 914 2400 l
925 2370 958 2401 6.
977 2368 1052 2401 Sum
1069 2367 1174 2401 idem.
1185 2390 1237 2395 —
1250 2367 1360 2400 ,Minor
1374 2367 1516 2400 Catullo.

846 2421 934 2453 Vide
961 2421 1019 2454 lib.
1038 2422 1084 2461 V,
1106 2421 1214 2466 epigr.
1243 2433 1283 2461 v,
1312 2431 1344 2453 et
1369 2420 1429 2453 lib.
1459 2421 1518 2461 II,

846 2474 954 2518 epigr.
978 2486 1069 2507 min.
