1978 3305
375 219 957 265 EPIGRAMMATUM
995 223 1117 266 LIB.
1156 225 1241 266 XI.

1406 223 1503 278 643

676 368 935 425 LXXX.

661 521 724 549 DE
763 521 913 550 BAIJS.
935 503 953 518 ⁴‘

247 640 388 682 Lmns
415 637 550 680 beatae
565 638 748 681 Veneris
779 654 956 681 aureum
986 640 1132 692 Baias,

244 709 367 751 Baias
399 707 595 767 superbae
620 705 779 750 blanda
809 707 923 751 dona
948 709 1150 763 Naturae,

244 778 306 820 Ut
332 775 447 820 mille
479 776 675 831 laudem,
706 776 885 831 Flacce,
919 779 1111 823 versibus
1142 781 1295 835 Baias3

245 846 455 890 Laudabo
484 846 614 907 digne
644 863 733 890 non
764 849 864 891 satis
894 857 1039 891 tamen
1068 851 1201 893 Baias.

242 917 326 960 Sed
357 916 604 960 Martialem
635 916 775 969 malo,
806 917 987 970 Flacce,
1016 935 1144 979 quam
1178 921 1310 964 Baias.

245 988 411 1047 Optare
442 997 676 1047 utrumque
704 988 889 1048 pariter,
920 989 1166 1049 improbum
1199 1000 1350 1034 votum
1383 1004 1457 1037 est.

247 1056 379 1114 Quod
404 1058 437 1100 si
466 1058 663 1100 Deorum
693 1074 874 1102 munere
906 1058 990 1101 hoc
1021 1059 1099 1102 tibi
1128 1059 1283 1103 detur:

246 1126 365 1183 Quid
393 1126 652 1187 gaudiorum
682 1137 747 1171 est
778 1128 990 1172 Martialis
1019 1138 1062 1172 et
1089 1127 1229 1172 Baiae!

160 1254 173 1268 *
210 1258 384 1292 Laudarat
422 1259 562 1293 Flaccus
594 1258 784 1292 immodice

108 1311 222 1353 Baias3
243 1324 309 1345 nec
327 1310 472 1357 quidem
491 1320 594 1357 negat
614 1311 784 1345 Martialis

107 1364 227 1410 dignas
240 1364 360 1406 laude;
371 1365 478 1397 immo
489 1373 523 1397 et
536 1376 601 1410 pro
613 1363 783 1410 dignitate

106 1429 287 1463 nunquam
301 1417 380 1451 satis
395 1416 531 1450 laudari
546 1428 666 1462 posse:
681 1417 784 1449 malle

109 1479 222 1504 tamen
238 1483 272 1503 se
282 1470 478 1503 Martialem
489 1495 498 1511 ,
509 1481 613 1514 quam
626 1470 725 1503 Baias
738 1470 784 1502 af-

108 1523 240 1564 firmat;
256 1535 291 1556 se
310 1523 403 1556 enim
421 1524 540 1555 Romae
556 1521 716 1555 distineri
733 1535 785 1555 re-

108 1576 173 1609 bus
202 1576 320 1609 multis
332 1601 341 1616 ‚
375 1575 504 1620 quibus
535 1573 784 1620 posthabendae

108 1628 205 1662 aurei
215 1629 284 1661 loci
294 1627 427 1661 deliciae
441 1635 475 1660 et
483 1627 689 1673 voluptates.
698 1628 786 1660 Vult

109 1682 168 1715 hic
200 1680 357 1714 Raderus
382 1680 580 1713 Martialem
609 1688 723 1713 totum
748 1680 784 1712 in

111 1735 178 1767 hoc
191 1746 227 1767 se
242 1733 432 1779 praedicare
443 1758 452 1773 ‚
466 1741 505 1766 ut
516 1740 704 1777 componat
717 1732 786 1776 epi-

110 1795 298 1832 grammata
307 1811 316 1827 ,
327 1793 361 1819 et
369 1786 535 1819 volumen
546 1784 625 1818 edat
639 1797 709 1830 quo
725 1786 786 1817 im-

110 1840 257 1872 mortale
281 1839 348 1872 sibi
369 1850 501 1871 nomen
523 1838 656 1883 pariat,
677 1850 785 1883 quum

112 1904 245 1925 menses
259 1900 293 1925 et
311 1903 419 1924 annos
438 1890 471 1923 in
490 1891 618 1923 Baiano
636 1890 713 1923 sinu
731 1889 788 1922 de-

111 1944 200 1977 liciis
232 1943 543 1990 voluptatibusque
585 1941 757 1975 detereret
777 1968 786 1983 ‚

114 2008 255 2042 unaque
275 2009 355 2030 cum
368 1996 435 2028 inis
451 1994 668 2028 detereretur
683 2003 717 2028 et
728 2007 785 2040 pe-

113 2050 208 2083 riret.
230 2047 337 2090 Quod
356 2056 395 2081 ut
413 2059 537 2080 verum
559 2060 630 2081 esse
653 2055 783 2093 potest,

115 2103 162 2136 sic
175 2111 209 2136 et
223 2100 479 2134 dubitationem
492 2112 654 2141 movere;
669 2112 787 2145 neque

116 2167 196 2188 sane
212 2153 306 2187 unde
323 2153 360 2186 id
376 2153 432 2186 ille
450 2153 606 2186 hauserit
624 2153 705 2186 scio.
721 2153 786 2186 ΕΙ).

174 2220 205 2240 1.
224 2208 313 2239 Litus
333 2207 431 2238 beatae
443 2233 451 2245 ,
471 2214 534 2239 etc.
553 2206 689 2239 Locum
711 2218 787 2250 gra-

118 2269 192 2293 tum
204 2285 213 2300 ‚
230 2267 413 2292 venustum
426 2284 435 2299 ,
452 2257 620 2291 blandum
633 2284 642 2298 ‚
661 2257 788 2291 delica-

117 2311 369 2352 tum‚lasciviae‚
382 2311 488 2343 immo
500 2310 665 2344 vitiorum
677 2309 790 2343 diver-

117 2365 260 2398 sorium.
271 2363 348 2396 Lib.
365 2364 400 2405 I,
417 2363 526 2409 epigr.
546 2375 649 2396 Lx111.
661 2384 713 2389 —
730 2362 785 2401 Ut,

118 2430 182 2463 pro
216 2419 353 2462 quamvis
366 2443 374 2456 ‚
403 2418 534 2449 etiamsi.
566 2416 694 2449 Juven.
727 2423 787 2447 sat.

119 2470 188 2508 IX,
219 2470 288 2504 103
310 2482 316 2502 ι
343 2486 355 2498 n
378 2469 468 2501 servi
499 2477 534 2501 ut
558 2476 709 2507 taceant,
734 2469 789 2511 ju-

119 2530 233 2556 menta
251 2522 454 2568 loquuntur.
476 2539 488 2550 n
514 2521 580 2554 ED.

177 2574 208 2609 5.
223 2575 289 2608 Sed
302 2574 496 2608 Martialem.
513 2573 588 2606 Hoc
603 2581 653 2606 est
671 2584 678 2605 τ
697 2572 790 2605 Malo

122 2640 205 2660 meae
230 2627 346 2672 gloriae
373 2635 405 2659 et
425 2625 614 2659 valetudini
637 2634 669 2657 et
688 2626 790 2658 rebus

844 1260 929 1294 meis
950 1261 1093 1300 servire,
1117 1274 1219 1306 quam
1238 1262 1274 1295 in
1291 1263 1367 1297 siuu
1384 1265 1514 1299 Baiano

845 1310 978 1345 deliciis
999 1322 1033 1346 et
1058 1314 1299 1358 voluptatibus
1321 1316 1514 1363 indulgere.

843 1364 928 1397 Vid.
953 1378 1028 1410 sup.
1050 1374 1124 1399 not.
1148 1378 1176 1399 1.

897 1419 929 1449 6.
948 1418 1087 1462 Improbe·
1102 1418 1182 1452 edd.
1198 1429 1281 1454 vett.
1300 1429 1334 1454 et
1351 1422 1463 1456 Maitt.
1483 1432 1517 1457 et

843 1469 946 1503 Farn.
961 1487 974 1498 κ
990 1471 1057 1503 Alii
1070 1472 1253 1516 improbum,
1270 1481 1303 1506 et
1317 1475 1364 1507 sic
1378 1476 1484 1509 Palat.
1499 1494 1511 1506 n

843 1522 997 1556 Schrevel.
1018 1546 1071 1549 —
1092 1524 1214 1569 Optare
1231 1534 1402 1573 utrumque.
1422 1529 1518 1561 Deli-

843 1574 912 1607 cias
934 1588 1060 1621 nempe
1072 1601 1080 1616 ,
1099 1585 1132 1610 et
1148 1577 1291 1621 gloriam
1309 1587 1369 1612 aut
1381 1581 1518 1615 valetu-

843 1625 1221 1674 dinem.—Improbum
1235 1658 1244 1671 ‚
1270 1630 1363 1664 idem
1384 1633 1443 1667 hic
1462 1647 1520 1668 va-

842 1680 891 1712 let
909 1679 1004 1725 quod
1017 1681 1155 1725 gallice,
1175 1686 1338 1727 exigeant‚
1361 1686 1516 1720 indiscret.

898 1745 931 1776 7.
952 1734 1025 1765 Hoc
1042 1733 1100 1765 tibi
1114 1734 1214 1768 detur.
1232 1737 1281 1769 Ut
1296 1737 1399 1770 simu]
1416 1747 1450 1772 et
1465 1753 1519 1773 sa-

844 1784 983 1829 pientiae
994 1794 1028 1818 et
1039 1786 1277 1832 voluptatibus
1288 1801 1430 1834 operam
1443 1791 1517 1831 des,

843 1837 897 1869 vel
923 1846 962 1870 ut
988 1838 1094 1870 simul
1120 1838 1254 1873 deliciis
1280 1841 1459 1888 indulgeas
1486 1853 1519 1877 et

844 1889 1036 1923 valetudini
1059 1893 1327 1927 consulas.Vid.
1345 1904 1418 1928 not.
1436 1897 1517 1930 infr.

901 1944 935 1976 8.
958 1943 1048 1987 Quid
1059 1944 1260 1987 gaudiorum.
1280 1946 1357 1980 Hoc
1377 1957 1444 1989 est,
1465 1950 1518 1982 in-

845 1994 922 2039 quit
940 1994 1116 2037 Raderus,
1132 1996 1227 2038 Quid
1245 1998 1346 2031 nobis
1362 2001 1426 2034 erit
1439 2002 1519 2035 bea-

844 2046 930 2086 tius,
952 2048 1082 2092 quihus
1098 2049 1277 2094 contingat
1297 2059 1331 2083 et
1352 2052 1520 2087 Martialis

844 2099 946 2132 simul
975 2109 1009 2133 et
1036 2101 1126 2133 Baiae
1154 2113 1162 2133 :
1192 2101 1259 2135 hoc
1287 2111 1358 2144 est,
1386 2114 1425 2139 ut
1453 2107 1518 2140 sim

844 2152 1013 2185 Martialis
1035 2161 1173 2195 auctor,
1194 2163 1228 2187 et
1249 2155 1360 2190 clarus
1382 2159 1521 2204 scriptis

845 2205 930 2237 meis
943 2231 951 2246 ‚
971 2213 1003 2238 et
1022 2205 1126 2238 simul
1146 2206 1218 2238 otio
1235 2208 1365 2241 Baiano
1380 2210 1519 2246 beatus:

845 2257 901 2289 vel
913 2284 922 2296 ,
939 2266 977 2291 ut
992 2257 1093 2290 simul
1108 2258 1197 2292 bene
1213 2260 1363 2303 valeam,
1380 2272 1413 2296 et
1425 2264 1522 2299 Baia-

846 2322 899 2342 nae
919 2310 999 2343 vitae
1023 2309 1156 2343 deliciis
1183 2310 1410 2358 iudulgeam;
1430 2317 1522 2351 sicut

848 2371 884 2395 tu
894 2388 903 2403 ‚
916 2374 936 2394 o
951 2362 1072 2395 Flacce
1083 2385 1092 2401 ‚
1106 2371 1139 2396 et
1153 2364 1241 2396 bene
1254 2366 1362 2407 vales,
1374 2376 1407 2401 et
1420 2369 1517 2403 Baia-

846 2414 900 2447 nis
913 2415 1149 2460 voluptatibus
1162 2428 1229 2449 una
1240 2417 1374 2452 frueris.
1383 2442 1434 2447 —-
1444 2422 1518 2468 Ego

846 2466 887 2499 id
905 2468 1053 2512 superbe
1071 2467 1203 2501 dictum
1227 2479 1332 2514 puto,
1349 2474 1445 2517 quasi
1466 2475 1519 2507 in-

850 2528 936 2553 nuat
967 2520 1164 2554 felicitatem
1192 2534 1263 2555 esse
1290 2522 1380 2557 hanc
1406 2538 1517 2560 raram

851 2581 883 2605 et
904 2572 983 2618 plus
1005 2585 1110 2618 quam
1131 2573 1339 2617 humanam,
1364 2578 1453 2610 Baiis
1478 2581 1520 2610 si-

851 2626 922 2657 mul
946 2634 978 2657 et
1001 2625 1158 2659 Martiale
1178 2628 1295 2671 potiri.
1319 2629 1386 2661 Er).

1217 2698 1309 2751 41.
