1978 3305
427 242 522 287 316

796 244 856 286 M.
881 244 1021 287 VAL.
1062 245 1448 290 MARTIALIS

1020 410 1227 468 XXX.

754 576 818 603 DE
856 576 1195 608 SPECTACULO
1233 579 1506 610 SCAEVOLAE.

495 693 588 749 Qul
616 707 726 735 nunc
752 692 962 737 Caesareae
985 692 1104 738 lusus
1126 704 1349 755 spectatur
1373 712 1539 752 arenae,

564 762 847 823 Temporibus
872 764 995 810 Bruti
1020 763 1156 826 gloria
1180 782 1349 810 summa
1375 766 1470 810 fuit.

496 834 689 894 Aspicis,
712 843 754 877 at
777 843 923 878 teneat
951 834 1170 891 flammas,
1194 853 1408 898 poenaque
1435 837 1606 881 fruatur

568 904 722 960 Fortis,
745 913 788 948 et
817 906 1002 949 attonito
1027 915 1180 967 regnet
1205 907 1249 950 in
1275 908 1374 968 igne
1400 905 1572 952 manus!

495 977 596 1035 lpse
619 975 685 1018 sui
711 985 922 1036 3pectator
950 975 1096 1033 adest,
1116 986 1159 1020 et
1184 976 1329 1021 nobile
1350 978 1513 1023 dextrae

569 1047 710 1089 Funus
732 1055 849 1090 amat
872 1063 881 1089 z
906 1047 1006 1090 totis
1029 1048 1222 1108 pascitur
1248 1046 1319 1091 illa
1345 1049 1489 1093 sacris.

497 1156 615 1209 ὅσσα
641 1167 833 1226 θεωρεῖται
857 1170 920 1211 ἐπ’
943 1169 1200 1229 ἀνακτορέοιο
1227 1168 1395 1231 θεάτρου

566 1237 741 1299 flotus-rvr),
760 1238 825 1283 ἐπὶ
854 1241 1032 1300 Βρούτου
1065 1246 1200 1282 ταῦτα
1225 1241 1329 1302 μέγα
1355 1242 1467 1291 κλέος
1493 1239 1553 1288 ἧν.

498 1312 671 1363 Λεῦσσε,
690 1313 838 1371 φλογῶν
864 1314 915 1361 ὡς
940 1309 1022 1370 χεὶρ
1050 1304 1365 1371 ἐπιδράττεται,
1388 1315 1440 1362 ὡς
1465 1311 1661 1355 ἀπολαύει

567 1381 736 1434 Ποινῆς,
757 1376 968 1441 Ὶαμὲαλέῳ
996 1382 1034 1423 τ’
1065 1382 1103 1423 ἐν
1135 1380 1229 1442 πυρὶ
1259 1383 1464 1442 κοιρανέει.

499 1437 576 1500 Em
601 1443 640 1492 δ’
662 1449 706 1500 ὃς
733 1453 933 1502 αιζτόπτης
963 1455 1109 1504 αὑτοῦ,
1136 1454 1204 1495 καὶ
1233 1453 1334 1513 χειρὶ
1368 1453 1538 1513 θανούσῃ

569 1521 734 1581 Χαίρει,
761 1524 855 1565 ὅλων
886 1516 924 1564 δ’
955 1523 1077 1570 αὐτὴν
1108 1519 1212 1581 φλὸξ
1237 1523 1356 1565 θυέων
1385 1524 1563 1583 νέμεται.

490 1667 519 1687 ι.
543 1656 609 1699 Qui
623 1668 713 1688 nunc.
731 1656 960 1703 Temporibus
981 1656 1099 1689 Domi-

433 1708 517 1741 tiani
545 1708 706 1741 fortiores
726 1708 814 1742 viros
829 1710 974 1743 existere
993 1722 1097 1755 quam

433 1760 533 1794 Bruti
564 1761 689 1794 saeculo
721 1760 822 1795 docet
847 1763 984 1795 Poeta:
1017 1775 1098 1796 nam

433 1812 533 1860 quod
555 1814 640 1847 olim
667 1809 867 1849 fortissimus
888 1815 1039 1849 Scaevola
1062 1817 1099 1849 in

432 1880 471 1900 re
486 1867 573 1901 seria
585 1895 594 1908 ,
614 1866 652 1900 id
669 1867 783 1912 ipsum
802 1880 888 1902 nnnc
905 1880 969 1913 per
980 1870 1098 1914 jocum

434 1920 486 1954 fit.
506 1920 586 1953 Lib.
608 1920 725 1966 Spect.
745 1921 936 1966 epigranm.
954 1934 1022 1955 v11.
1037 1921 1100 1955 Rei

435 1974 569 2019 quippe
588 1972 745 2007 damnati
769 1986 924 2019 persoras
953 1975 1101 2020 agebant

435 2025 589 2067 Daedali,
621 2026 778 2073 Orphei,
804 2036 839 2062 et
857 2028 1032 2070 Lzureoli;
1054 2028 1101 2061 ita

434 2080 492 2113 hic
525 2080 626 2113 fictus
657 2080 809 2114 Scaevola
839 2079 882 2114 ad
901 2081 1101 2126 exemplum

436 2132 548 2166 Mucii
568 2133 730 2166 Scaevolae
746 2144 879 2167 manun
898 2133 932 2167 in
947 2133 1101 2167 flammas

436 2186 628 2219 immissam
645 2187 845 2220 combussit.
860 2187 921 2220 Iib.
937 2188 952 2219 Ῑ
963 2212 973 2228 ,
993 2187 1100 2233 epigr.

436 2251 511 2273 xxn
537 2251 545 2272 2
570 2257 583 2269 «ι
600 2240 723 2280 Quum
752 2249 875 2285 petere
900 2253 1018 2286 regem
1041 2239 1101 2273 de-

436 2301 535 2339 cepta
559 2293 706 2327 satellite
732 2291 853 2333 dextra
884 2294 1030 2340 Ingessit
1048 2306 1102 2328 sa·

436 2345 504 2379 cris
522 2358 558 2379 se
580 2346 738 2391 peritura
756 2347 870 2381 focis.»

494 2411 526 2432 2.
556 2399 758 2444 Temporibus
778 2401 873 2433 Brut.
893 2400 1034 2441 Quibus
1052 2400 1101 2432 vi-

438 2451 487 2484 xit
511 2452 674 2486 Scaevola.
691 2452 784 2486 Vide
803 2454 868 2488 Lix.
893 2453 955 2487 lib.
984 2453 1030 2486 11.
1052 2475 1097 2479 —

439 2504 567 2537 Summa
591 2505 670 2548 sitit.
694 2505 736 2539 Id
772 2507 838 2540 fuit
859 2519 940 2540 tnnc
970 2518 1103 2539 summa

439 2558 545 2602 gloria
559 2584 567 2599 ,
589 2558 685 2603 quod
710 2572 803 2593 nunc
820 2561 902 2593 luus
918 2568 978 2593 est.

496 2611 528 2643 3.
564 2612 722 2658 Ihm-nuqua·
753 2615 886 2654 sruatrr.
925 2613 998 2645 Hoc
1025 2622 1071 2645 est
1094 2639 1102 2651 ,

442 2675 577 2709 poenam
609 2665 642 2698 in
676 2678 770 2699 suain
800 2666 929 2700 laudem
962 2675 1101 2699 vert-'nt

1157 1655 1206 1690 sic
1235 1657 1394 1703 loquitur
1423 1657 1520 1690 Juno
1553 1655 1647 1702 apud
1669 1657 1836 1690 Senecam

1157 1709 1194 1742 in
1215 1709 1367 1743 Hercule
1386 1710 1528 1744 furente
1551 1721 1559 1742 :
1592 1726 1606 1739 ιι
1629 1718 1770 1755 superat
1803 1718 1837 1743 et

1157 1763 1280 1796 crescit
1304 1763 1423 1801 malis,
1454 1764 1579 1808 Iraque
1603 1770 1720 1796 nostra
1749 1762 1836 1795 frui-

1158 1823 1215 1849 tur
1229 1833 1242 1845 »
1256 1841 1266 1857 ‚
1282 1824 1347 1850 etc.

1214 1873 1246 1909 4.
1279 1869 1443 1902 Attonito.
1462 1895 1490 1902 ..
1506 1871 1537 1900 in
1569 1870 1652 1912 igne.
1684 1866 1837 1902 Sensum

1158 1934 1283 1968 nempe
1309 1921 1536 1967 animumque
1563 1919 1713 1955 flammis
1742 1934 1839 1955 com-

1158 1973 1294 2014 modat,
1320 1983 1358 2009 ut
1380 1982 1415 2008 et
1440 1974 1530 2008 infra
1554 1986 1605 2009 vs.
1624 1975 1668 2017 8,
1691 1974 1752 2008 ubi
1771 1986 1780 2008 z
1808 1977 1839 2007 in

1159 2029 1294 2061 lassos...
1309 2029 1412 2071 socos.

1215 2082 1249 2115 5.
1268 2082 1337 2126 lpse
1350 2083 1410 2113 sui.
1433 2082 1512 2126 Ipse
1538 2080 1639 2113 fictus
1663 2079 1837 2120 Scaevola,

1160 2132 1204 2167 ad
1234 2133 1434 2179 exemplum
1453 2133 1526 2166 veri
1555 2132 1735 2171 Scaevolae.
1766 2145 1839 2166 ma-

1160 2200 1245 2220 num
1281 2187 1360 2232 igne
1394 2186 1556 2220 comburi
1586 2185 1777 2232 spectavit,
1806 2194 1840 2219 et

1160 2239 1350 2273 delectatus
1371 2247 1421 2273 est
1443 2240 1504 2273 illo
1525 2239 1736 2285 spectaculo.

1215 2296 1249 2327 6.
1270 2295 1358 2327 Totis
1372 2295 1527 2338 pascitur.
1548 2293 1626 2326 Hoc
1649 2301 1721 2334 est,
1743 2304 1839 2326 com-

1161 2347 1306 2380 buritur
1324 2355 1398 2381 toto
1415 2346 1493 2392 igne
1512 2345 1556 2380 ad
1576 2357 1669 2380 sacra
1683 2344 1840 2380 facienda

1162 2412 1319 2434 accenso.
1357 2400 1458 2433 Forte
1493 2399 1620 2432 melius
1657 2399 1810 2445 explices
1829 2422 1839 2439 ,

1161 2452 1353 2487 delectatur
1382 2461 1455 2486 toto
1478 2453 1569 2498 igue.
1594 2453 1677 2494 Quo
1705 2463 1810 2486 sensu
1829 2476 1839 2489 .

1161 2506 1197 2539 ni
1221 2507 1343 2547 fallor,
1370 2507 1518 2539 verbum
1540 2508 1630 2551 pasci
1652 2512 1840 2549 usurpatur

1162 2573 1180 2593 a
1213 2558 1464 2599 Cicerone‚ad
1502 2559 1654 2592 Atticum
1688 2558 1746 2591 lib.
1776 2558 1842 2599 lv,

1162 2613 1260 2657 epist.
1285 2626 1305 2656 9
1327 2625 1334 2645 :
1358 2613 1471 2656 uligo,
1490 2612 1602 2656 inquit
1616 2637 1623 2651 ‚
1643 2611 1698 2644 hic
1716 2623 1839 2656 pascor

1166 2666 1376 2699 bibliotheca
1399 2665 1530 2698 Fausti.
1546 2683 1556 2693 ιν
