1978 3305
471 259 566 315 548

845 255 906 297 M.
930 253 1069 295 VAL.
1109 249 1499 293 MARTIALIS

644 349 725 390 Per
746 359 874 404 quem
905 341 958 384 de
986 339 1132 400 Stygia
1162 338 1292 381 domo
1325 336 1502 380 reducta
1532 346 1596 380 est

644 416 779 459 Siccis
803 413 964 456 rustica
992 410 1168 453 Veritas
1190 406 1368 469 capillis.

645 487 741 528 Hoc
768 483 848 528 sub
879 481 1100 542 principe,
1132 480 1164 523 si
1193 479 1329 539 sapis,
1354 486 1507 521 caveto

648 555 827 609 Verbis,
854 554 1017 604 Roma,
1045 548 1259 611 prioribus
1282 547 1484 607 loquaris.

473 708 550 730 rum
562 720 572 738 ‚
582 693 626 727 de
638 695 692 738 cuj
700 706 738 726 us
751 690 920 724 modestia
931 689 1001 734 agit
1013 687 1147 720 Plinius

471 749 591 796 junior
606 748 641 780 in
661 759 723 779 suo
739 743 962 791 panegyrico.

532 813 545 833 1
555 813 589 833 o.
611 801 660 832 De
675 799 790 846 Stygia
806 797 898 830 domo
901 820 993 829 .....
1009 794 1147 826 Veritas.

478 852 648 887 Nondum
679 852 770 885 enim
794 849 831 883 id
851 847 1019 893 temporis
1040 847 1149 879 finxe-

477 915 555 940 rant
574 913 686 952 poetae
704 905 810 938 latere
828 901 1008 935 veritatem
1031 899 1065 931 in
1088 911 1151 943 pu-

479 971 553 1001 teo,
581 957 677 1005 quod
709 955 803 1003 apud
836 953 1047 988 recentiores
1075 963 1154 996 pro-

481 1015 587 1046 latum
607 1019 793 1057 perpetuo.
814 1009 879 1041 En.

1265 697 1312 719 11.
1335 685 1445 719 Siccis.
1466 685 1572 718 Nullo
1601 693 1778 730 unguento
1800 683 1885 718 deli-

1208 739 1300 772 butis
1323 747 1357 772 et
1379 737 1611 772 madentibus.
1630 738 1770 771 Veritas
1791 737 1884 770 enim

1209 792 1299 825 nihil
1319 792 1514 825 ornamenti
1533 790 1598 824 sibi
1618 789 1726 824 addit.

1270 857 1283 877 1
1295 845 1327 878 3.
1346 844 1458 877 Verbis
1467 844 1638 890 prioribus.
1651 843 1726 876 Hoc
1737 851 1805 883 est,
1820 855 1888 876 ser-

1212 898 1342 930 vilibus
1372 905 1475 943 atque
1507 896 1729 937 adulatoriis,
1760 896 1891 941 quibu>

1215 961 1344 995 nempe
1361 950 1512 983 Romani
1532 950 1721 983 utebantur
1739 949 1802 981 sub
1819 950 1889 981 Do-

1218 1002 1373 1035 mitiano.

1022 1140 1350 1197 LXXIII.

1000 1307 1062 1334 AD
1102 1306 1351 1335 MARCUM.
1373 1286 1391 1303 ⁴*

559 1443 735 1485 {mrem
767 1434 941 1480 facundi
973 1443 1144 1495 gratum
1173 1430 1277 1477 mihi
1308 1434 1465 1494 pignus
1491 1436 1616 1478 amici

627 1507 832 1561 Pertulit,
859 1507 1058 1549 Ausoniae
1083 1503 1198 1547 dona
1224 1520 1371 1548 severa
1399 1514 1535 1565 togae:

561 1586 658 1639 Qua
690 1595 779 1623 non
809 1577 1053 1629 Fabricius,
1080 1575 1152 1618 sed
1181 1573 1308 1618 vellet
1332 1576 1508 1636 Apicius
1535 1577 1624 1626 uti;

632 1649 776 1694 Vellet.
807 1650 1020 1691 Maecenas
1046 1646 1318 1690 Caesarianus
1348 1662 1492 1706 eques.

564 1721 704 1768 Vilior
730 1721 822 1764 haec
851 1718 976 1762 nohis
1002 1716 1085 1761 aiio
1111 1718 1308 1760 mittente
1332 1716 1502 1761 fuisset:
1896 1734 1910 1756 ι

635 1794 735 1836 Non
760 1805 1036 1851 quacumque
1064 1804 1194 1831 manu
1217 1788 1394 1831 victima
1416 1804 1520 1832 caesa
1546 1787 1650 1832 litat.

566 1866 601 1907 A
623 1874 664 1907 te
686 1862 813 1905 missa
843 1861 959 1903 venit
983 1877 990 1902 :
1012 1875 1185 1920 possem
1209 1858 1290 1902 nisi
1315 1874 1473 1902 munus
1499 1874 1664 1913 amare,

550 1995 564 2010 “
593 1997 712 2030 Marco
740 1992 894 2026 Antonio
925 1993 1041 2025 Primo
1071 1991 1180 2024 Tolo-

502 2063 585 2085 sauo
597 2077 606 2092 ‚
622 2049 747 2096 gratias
764 2046 832 2091 agit
848 2044 891 2078 de
911 2045 1020 2078 literis
1045 2053 1078 2076 et
1104 2052 1180 2089 toga

505 2105 619 2138 missa.

565 2170 594 2190 1.
622 2156 728 2188 Litera
746 2151 893 2195 facundi.
921 2151 1029 2184 Marci
1058 2161 1184 2195 nempe

506 2208 654 2244 Antonii
673 2205 801 2247 Primi,
818 2204 862 2238 de
879 2217 949 2249 quo
966 2203 1026 2236 lib.
1044 2203 1113 2243 IX,
1129 2215 1183 2247 ep.

508 2277 526 2297 c
539 2289 548 2304 ,
561 2271 595 2295 et
609 2273 707 2295 xxxii
723 2258 1033 2304 sup1·a.-—-—Pigmts.
1050 2255 1186 2289 Scilicet

511 2326 623 2362 togam
637 2339 646 2355 ‚
663 2325 766 2359 quam
784 2312 832 2345 sic
847 2323 908 2356 per
932 2309 1187 2355 appositionem

513 2377 622 2404 vocab

568 2435 600 2455 a.
623 2420 739 2454 Serena
765 2417 898 2451 Beverl.
923 2415 998 2449 MS.
1018 2434 1069 2440 -—
1095 2415 1189 2447 Dona

512 2488 626 2507 severa.
645 2470 750 2514 Quod
769 2479 847 2515 toga
867 2476 1062 2508 uterentur,
1082 2480 1190 2513 quum

514 2540 609 2573 reges
620 2538 700 2559 suos
712 2524 888 2563 colerent3
903 2521 1059 2567 synthesi
1075 2530 1189 2554 autem

516 2592 628 2626 quum
648 2578 752 2612 rebus
770 2577 854 2609 laetis
875 2587 1016 2621 operam
1041 2574 1162 2608 darent
1182 2586 1188 2606 :

518 2633 579 2666 lib.
600 2633 700 2672 XIV,
721 2631 829 2674 epigr.
852 2642 877 2661 1.

570 2687 602 2719 ⁴3.
627 2684 803 2718 Fabricius.
823 2682 884 2714 Ille
901 2693 1026 2726 nempe
1048 2693 1192 2725 pauper-

1242 1992 1320 2024 tatis
1330 1992 1460 2033 cultor,
1474 1994 1572 2038 cujus
1583 1993 1743 2026 meminit
1755 1993 1814 2027 Iib.
1826 1993 1895 2026 VH
1905 2015 1914 2031 ‚

1242 2045 1351 2089 epigr.
1373 2056 1505 2079 vani.
1523 2047 1576 2079 De
1597 2046 1775 2080 luxurioso
1794 2046 1918 2092 Apicio

1243 2096 1376 2130 dictum
1396 2098 1458 2130 lib.
1479 2099 1534 2140 ΙΙ,
1555 2099 1664 2144 epigr.
1690 2111 1784 2132 thx.

1301 2154 1334 2190 4.
1356 2150 1526 2184 *Uet-cenas.
1548 2153 1638 2185 Satis
1657 2160 1760 2186 nutus
1783 2164 1823 2185 ex
1846 2151 1918 2184 Ho-

1246 2203 1344 2236 ratio.
1366 2204 1544 2237 ,Iuvenalis
1565 2214 1626 2238 sat.
1649 2217 1704 2238 ιιι
1725 2217 1732 2238 ;
1756 2205 1919 2238 «Vestem

1247 2256 1462 2301 Purpuream
1486 2259 1611 2291 teneris
1631 2271 1777 2304 quoque
1797 2258 1920 2291 Maece-

1249 2309 1391 2342 natibus
1399 2319 1524 2355 aptam.
1536 2328 1548 2340 n
1565 2311 1920 2344 -Caesartanas,Nan1

1249 2375 1266 2395 a
1292 2363 1448 2408 partibus
1471 2363 1613 2397 Caesaris
1637 2365 1782 2410 Augusti
1805 2365 1922 2402 stetit,

1249 2417 1347 2460 cujus
1367 2416 1432 2449 fuit
1448 2417 1744 2451 familiarissimus.

1306 2471 1339 2501 6.
1356 2469 1428 2502 Non
1446 2470 1528 2503 litat.
1547 2470 1628 2503 Non
1646 2470 1834 2510 sacrificat,
1853 2481 1923 2502 non

1252 2522 1414 2568 impetrat
1435 2535 1443 2556 :
1466 2536 1535 2556 non
1552 2523 1704 2569 cujusvis
1723 2523 1834 2556 hostia
1853 2523 1925 2555 Deo

1251 2584 1356 2620 grata.
1382 2576 1489 2608 Litore
1514 2577 1606 2609 enim
1635 2585 1684 2609 est
1711 2576 1775 2609 rite
1796 2575 1926 2609 sacriti-

1252 2641 1330 2662 rare
1356 2638 1389 2661 et
1419 2629 1624 2674 impetrat-m
1654 2629 1698 2662 ira
1727 2627 1861 2661 donum
1885 2629 1927 2660 ab

1253 2682 1347 2714 omni
1372 2682 1512 2714 missum
1537 2694 1632 2727 :eque
1655 2695 1728 2714 non
1752 2682 1873 2726 placet.
