1978 3305
350 215 935 259 EPIGRAMMATUM
975 215 1096 257 LIB.
1123 213 1270 256 VIII.

1414 208 1510 255 303

176 306 267 347 Hos
291 319 464 363 quoque
490 312 679 347 secretos
701 302 961 346 memorabit
983 303 1124 345 Roma
1147 299 1417 359 triumphos,

244 375 337 418 Nec
362 375 505 417 minor
527 375 605 417 ista
626 383 710 417 tuae
735 373 880 417 laurea
902 373 1018 433 pacis
1043 373 1147 426 erit3

175 444 307 500 Quod
333 444 412 487 tibi
435 443 489 487 de
516 453 666 487 sancta
689 443 828 487 credis
856 445 1014 504 pietate
1037 452 1226 486 tuorum.

243 514 453 575 Principis
475 524 539 558 est
560 515 698 558 virtus
720 515 926 565 maxima,
950 529 1077 557 nosse
1101 529 1213 556 suos.

173 650 382 697 Μνῆσεται
405 652 428 696 ἡ
455 639 577 707 ῥώμη
604 649 752 690 τούτου
780 646 957 707 κρυφίοιο
988 643 1210 706 θριάμὲου,

243 719 374 761 Παιάν
404 719 443 760 τ’
469 718 621 777 εἰρτ,νης
649 720 692 760 οὐ
727 717 863 776 μικρός
889 718 974 759 ἐστι
999 723 1108 766 τεῆς-

171 791 252 839 Τῆς
279 788 388 839 ὁσίης
416 790 480 831 ὅτι
510 793 588 830 τῶν
618 782 674 830 ἰδί
663 805 728 830 ων
755 793 787 829 εἰ
815 786 981 848 μάρτυζ·
1010 774 1194 836 Ᾰνακτος

242 849 320 908 Εςὶ
352 863 491 912 καλοῦ,
516 864 662 919 γνῶναι
691 859 783 908 τοὺς
811 858 1174 917 ὐποτασσοαένους.

43 1025 47 1028 ‚
100 997 202 1030 vero,
224 989 369 1022 victoria
394 987 438 1022 de
463 988 628 1022 Sarmatis
654 1000 776 1033 repor-

101 1049 188 1081 tata,
207 1042 312 1075 tertio
339 1054 486 1074 munere
511 1041 686 1087 populum
712 1039 775 1073 do·

100 1094 323 1135 navit‚illum
343 1095 474 1140 quippe
492 1094 655 1127 convivio
673 1106 775 1127 exce·

100 1147 165 1193 pit.
182 1146 274 1180 Vide
297 1148 405 1193 epigr.
430 1160 450 1180 L
472 1147 575 1180 infra.
602 1146 774 1192 Georgius

100 1200 234 1233 Merula
252 1201 334 1245 legit
349 1211 356 1233 τ
375 1201 423 1232 Et
440 1200 540 1232 libant
559 1200 662 1232 Latiae
683 1202 774 1231 tertia

100 1253 184 1285 dona
201 1253 319 1291 tribus;
336 1253 403 1285 hoc
420 1261 486 1293 est,
502 1252 618 1297 inquit
629 1278 638 1293 ‚
654 1253 774 1293 urbes,

100 1313 133 1338 et
146 1304 275 1351 oppida
293 1318 369 1350 quae
385 1305 516 1339 habent
529 1307 584 1350 jus
601 1305 690 1337 Latii
704 1306 775 1350 jam

100 1359 205 1390 tertio
220 1358 415 1392 sacrificant
431 1370 498 1404 pro
512 1357 613 1390 tertia
628 1357 775 1391 victoria

100 1409 143 1444 de
163 1410 326 1444 Sarmatis
344 1411 460 1444 relata.
478 1410 608 1444 Videat
625 1411 746 1443 lector.

156 1463 189 1497 5.
213 1463 401 1497 ,Μειηονανὶί
417 1462 622 1497 Beverlandi
639 1463 774 1496 MS.-—

101 1517 170 1549 Hos
197 1530 326 1561 quoque.
363 1517 502 1550 Justum
534 1515 578 1549 de
609 1516 773 1549 Sarmatis

100 1569 319 1614 triumphum
344 1582 443 1615 agere
463 1570 579 1602 noluit
600 1569 773 1602 Domitia-

100 1635 182 1662 nus,
204 1621 264 1655 sed
292 1623 446 1655 lauream
475 1631 608 1655 tantum
635 1622 772 1663 retulit,

100 1687 203 1721 quain
223 1683 324 1708 vocat
345 1675 450 1709 Poeta
476 1675 696 1720 triumphum
720 1687 773 1708 se-

98 1736 232 1761 cretum
248 1740 256 1762 .·
271 1741 379 1773 porro
392 1728 564 1761 celebrem
579 1729 653 1761 fore
669 1726 773 1769 dicit,

99 1793 260 1815 concessa
282 1793 411 1826 nempe
431 1779 638 1827 perdomitis
661 1780 774 1825 genti-

98 1833 165 1867 bus
193 1846 290 1879 pace.
321 1834 432 1868 Causa
466 1846 550 1868 vero
584 1834 773 1879 triumphis

835 987 978 1020 secretis
1001 986 1131 1033 duplex
1153 987 1242 1026 fuit,
1262 994 1300 1020 ut
1321 986 1347 1020 si
1369 999 1411 1020 ex
1435 987 1510 1020 cive

834 1048 935 1086 parta
951 1040 1094 1073 victoria
1107 1065 1116 1082 ‚
1128 1039 1239 1085 qualis
1255 1040 1373 1073 laurea
1385 1040 1424 1073 C.
1440 1043 1509 1072 An-

834 1093 922 1126 tonii
945 1106 985 1126 ex
1012 1093 1105 1126 hello
1131 1093 1362 1134 Catilinari03
1389 1101 1448 1126 aut
1469 1106 1508 1125 ex

833 1146 945 1185 bello,
968 1159 1038 1179 non
1070 1146 1162 1187 acie,
1187 1144 1246 1179 sed
1273 1158 1358 1191 pace
1389 1154 1422 1179 et
1447 1159 1508 1191 pa-

835 1199 951 1232 ctione.
963 1224 972 1238 ‚
983 1199 1096 1244 qualis
1107 1199 1180 1232 haec
1191 1198 1383 1232 Domitiani
1394 1199 1508 1231 laurea

835 1251 878 1284 de
899 1252 1077 1284 Sarmatis.

891 1307 924 1336 6.
946 1305 1042 1337 Pacis
1061 1313 1130 1336 erat
1148 1304 1184 1337 in
1204 1303 1327 1338 eodem
1345 1304 1420 1338 MS.

891 1369 925 1401 7.
946 1357 1071 1389 Pietate
1087 1365 1220 1391 tuorum.
1238 1358 1314 1391 Hoc
1330 1366 1398 1398 est,
1414 1356 1510 1403 quod

832 1412 921 1455 justa
943 1418 1132 1454 auguratus
1158 1423 1192 1443 es
1220 1409 1264 1443 de
1285 1411 1509 1456 popularium

833 1463 1029 1496 reverentia
1040 1471 1073 1496 et
1085 1475 1220 1503 amore,
1233 1462 1378 1497 credens
1389 1471 1422 1496 te
1438 1476 1508 1496 non

835 1516 971 1549 minore
987 1515 1216 1550 admiratione
1227 1516 1301 1549 fore
1312 1515 1405 1562 apud
1415 1525 1491 1549 tuos
1500 1542 1510 1557 ‚

834 1569 949 1602 laurea
967 1577 1100 1602 tantum
1121 1569 1244 1611 relata,
1264 1582 1301 1602 ac
1318 1570 1345 1602 si
1364 1570 1509 1615 plenum

833 1621 1054 1667 triumphum
1078 1622 1234 1667 egisses?
1259 1623 1389 1656 sciebas
1412 1623 1508 1655 enim

833 1674 919 1721 quid
939 1674 982 1708 de
1001 1683 1034 1708 te
1052 1675 1162 1708 Roma
1181 1675 1336 1708 sentiret.

889 1729 922 1761 8.
950 1728 1049 1761 Nosse
1069 1741 1149 1761 suos.
1174 1729 1249 1761 Hoc
1271 1737 1341 1770 est,
1363 1741 1507 1761 suorum

833 1780 963 1815 civium
986 1781 1122 1814 animos
1143 1790 1344 1827 perspectos
1367 1781 1506 1815 habere,

834 1832 929 1867 Vide
947 1832 991 1868 ad
1009 1842 1130 1867 notam
1148 1834 1377 1880 superiorem.

714 1957 829 2012 XV
842 1958 886 2012 I.

614 2114 667 2142 {N
714 2113 990 2142 CIPERUM.

307 2239 476 2281 PisTOR
503 2237 576 2298 qui
606 2236 749 2280 fueras
774 2236 871 2292 diu,
899 2238 1079 2297 Cipere,

307 2309 438 2351 Nunc
467 2323 619 2351 causas
647 2309 765 2368 agis,
795 2317 838 2351 et
865 2307 1036 2351 ducena
1063 2308 1241 2367 quae1·is;

307 2377 391 2421 Sed
420 2378 666 2430 consumis,
693 2387 736 2421 et
761 2394 897 2438 usque
923 2379 1148 2421 mutuaris.

151 2529 184 2549 π.
211 2515 256 2548 Et
279 2514 413 2547 ducenta
439 2514 474 2546 in
502 2513 583 2547 edd.
611 2522 696 2547 vett.
727 2515 773 2546 Et

96 2569 213 2602 ducena
235 2567 345 2602 codex
362 2567 559 2600 Pulmanni.
578 2588 628 2593 —
646 2568 692 2599 Et
712 2567 771 2599 du-

96 2617 349 2663 cen‹1[ducenea].
361 2621 645 2666 Interpretautur
653 2619 771 2653 ducena

832 2513 1005 2555 sestertia,
1022 2526 1082 2547 seu
1098 2513 1246 2548 ducenta
1263 2515 1369 2549 millia
1387 2525 1506 2550 sester-

833 2567 938 2608 tium3
968 2567 1036 2600 hoc
1059 2576 1132 2601 est:
1156 2568 1219 2602 Vis
1242 2569 1445 2614 locupletari
1470 2571 1504 2602 in

833 2620 943 2654 causis
964 2619 1115 2665 agendis.
