1978 3305
502 244 598 295 400
875 240 935 281 M.
967 240 1040 282 VA
1055 240 1102 281 L.

1136 240 1524 284 MARTIALIS

645 328 701 370 Et
728 324 815 369 sola
839 334 1006 369 tantum
1033 326 1227 370 scenicus
1249 336 1341 370 arte
1370 327 1487 371 feror
1512 344 1520 370 :

569 397 662 441 Nec
688 405 884 457 poteram
915 405 1061 455 gratus
1081 396 1274 440 Domino
1300 398 1390 441 sine
1420 397 1614 441 moribus
1639 414 1731 442 esse
1748 417 1772 451 ς,

638 467 825 510 Interius
850 474 1016 509 mentes
1046 466 1218 526 inspicit
1244 465 1314 510 ille
1344 468 1476 511 Deus.

570 539 662 580 Vos
687 553 755 579 me
780 535 980 596 laurigeri
1007 537 1242 596 parasitum
1261 536 1402 580 'dicite
1426 536 1604 593 Phoebi,

638 608 777 650 Roma
807 606 871 649 sui
897 605 1105 649 famulum
1136 606 1239 650 dum
1269 607 1375 650 sciat
1399 623 1491 650 esse
1515 608 1646 651 Jovis.

639 729 740 778 Ᾰλλ’
765 736 845 778 ἀπὸ
874 742 945 785 τῆς
973 736 1113 795 τέχνης
1144 736 1325 785 σκηνικὸς
1349 733 1402 781 ἦα
1428 736 1571 795 μόνον·

571 807 694 849 Οὐκ
685 802 730 847 ὰν
759 807 840 862 ἐμῷ
869 803 944 865 γὰρ
975 807 1073 865 ἐγὼν
1099 806 1242 865 ἀρετῆς
1269 804 1363 864 ἄτερ
1389 806 1496 865 ἥρω’
1525 804 1683 849 ἄνακτι.

639 866 866 935 Ενδοτέρας
893 879 913 918 ὁ
937 875 1021 925 θεὸς
1046 880 1168 924 κεῖνος
1193 879 1266 934 ὁρᾷ
1292 870 1514 936 πραπίὸας.

569 935 686 1017 Ῠμεῖς
708 963 761 1005 μη
784 963 832 1004 με
853 947 1080 993 ntzel-tiene&
1100 938 1379 995 Ᾰπόλλωνος
1367 945 1610 1003 παράσιτον·

638 1018 760 1075 Ρώμη
792 1010 874 1057 δὲ
861 1021 942 1075 γνῷ
967 1018 1032 1058 ἑοῦ
1058 1009 1200 1058 δοῦλον
1227 1015 1346 1058 ἐόντα
1368 1017 1470 1065 Διός.

500 1155 656 1201 probus;
684 1153 732 1186 sic
760 1151 928 1185 Martialis
949 1150 994 1184 de
1016 1163 1050 1184 se
1074 1151 1173 1196 ipso,

501 1208 562 1241 lib.
582 1208 619 1246 Ι,
638 1205 746 1250 epigr.
765 1217 799 1245 v,
814 1217 863 1237 vs,
882 1206 901 1238 8
918 1215 926 1236 :
943 1203 1106 1237 «Lasciva
1123 1212 1175 1237 est

503 1260 603 1293 nobis
625 1258 766 1303 pagina,
783 1257 855 1290 vita
873 1256 984 1302 proba
1003 1265 1064 1290 est.
1084 1273 1097 1285 ιι

557 1314 590 1346 6.
611 1312 659 1344 Et
689 1311 757 1343 sola
784 1318 862 1343 arte.
891 1310 1051 1343 Moribus
1081 1309 1174 1342 enim

503 1365 635 1410 probus
656 1376 746 1396 sum.

558 1430 590 1462 7.
603 1417 832 1461 Necpoteram,
847 1424 912 1449 ete.
929 1415 1174 1448 Sanctimoniae

503 1482 627 1516 nempe
649 1478 683 1502 et
703 1468 868 1502 castitatis
887 1468 1032 1514 gloriam
1054 1468 1175 1500 Domi-

502 1523 615 1556 tianus
639 1522 887 1567 aucupabatur.
911 1519 1017 1554 Unde
1044 1532 1146 1566 supra
1167 1532 1174 1552 :

504 1573 748 1620 «Tibi,pudice
757 1574 1176 1620 princeps,gratiasagunt

503 1629 623 1664 urbes,
641 1645 654 1657 w
668 1636 731 1661 etc.
748 1635 781 1661 et
794 1627 919 1660 similia
931 1626 1071 1672 passim.
1086 1627 1153 1658 Eo.

556 1681 588 1714 8.
606 1682 737 1714 Interius
757 1688 870 1712 mentes
891 1681 1020 1723 suspicit
1035 1677 1088 1712 ed.
1112 1691 1175 1711 an—

505 1735 565 1779 tiq.
594 1733 727 1766 Ferrar.
752 1746 806 1766 an.
837 1736 944 1777 1471.
968 1731 1048 1765 Ald.
1074 1732 1173 1764 Junt.

504 1787 617 1820 Colin.
638 1786 775 1831 Gryph.
797 1784 972 1820 Calderin.
987 1785 1174 1818 Pulmann.

504 1839 614 1872 Plant.
648 1847 711 1872 etc..
743 1840 878 1872 Imm-ius
908 1846 1021 1870 mentes
1055 1839 1177 1881 inspicit

1234 1149 1443 1184 Beverlandi
1478 1150 1552 1184 MS.
1584 1163 1663 1184 cum
1694 1150 1774 1185 edd.
1804 1151 1904 1185 Grut.

1234 1203 1342 1237 Scriv.
1357 1203 1504 1237 Farnab.
1517 1203 1690 1237 Schrevel.
1707 1212 1741 1238 et
1759 1213 1905 1238 recenti.

1288 1269 1322 1300 9.
1350 1257 1533 1289 Parasitum
1558 1257 1651 1289 dicite
1669 1256 1790 1290 Plzoebi.
1814 1257 1906 1290 Tur·

1233 1310 1361 1351 nebus,
1374 1309 1434 1343 lib.
1452 1309 1560 1350 XXI,
1576 1321 1650 1355 cap.
1675 1313 1732 1349 24.
1751 1309 1852 1342 Mimi
1873 1318 1907 1343 et

1234 1362 1421 1395 histriones
1439 1361 1524 1395 dicti
1540 1370 1622 1395 sunt
1640 1362 1781 1408 parasiti
1798 1363 1908 1408 Apol-

1236 1415 1334 1448 linis:
1350 1413 1536 1460 aliquando
1550 1415 1719 1460 parasitos
1735 1415 1907 1461 Apollinis

1236 1467 1485 1514 interpretatur
1496 1467 1641 1500 Verrius
1654 1467 1778 1501 mimos
1788 1479 1909 1501 secun-

1235 1519 1357 1553 darum
1377 1520 1530 1565 partium
1543 1546 1551 1561 ‚
1573 1519 1668 1566 quod
1689 1519 1780 1554 ludis
1798 1520 1907 1566 Apol-

1236 1573 1406 1606 linaribus
1429 1573 1466 1605 in
1486 1573 1602 1606 mimis
1625 1573 1696 1606 fere
1718 1582 1831 1607 essent
1851 1585 1909 1618 pa-

1236 1625 1332 1658 rasiti
1346 1626 1485 1659 illarum
1503 1626 1658 1671 partium
1675 1634 1822 1667 actores,
1842 1634 1904 1659 etc.

1291 1690 1345 1712 10.
1363 1679 1463 1711 Roma
1474 1681 1533 1711 sui.
1550 1678 1626 1712 Hoc
1637 1686 1706 1720 est,
1722 1677 1808 1712 dum
1824 1678 1907 1712 sciat

1235 1733 1346 1764 Roma
1367 1743 1424 1764 me
1450 1732 1643 1765 exercuisse
1665 1739 1774 1765 artem
1796 1732 1908 1765 sceni-

1235 1796 1308 1817 cam
1338 1792 1485 1830 propter
1509 1784 1750 1818 Domitianum
1770 1785 1881 1818 Deum
1900 1810 1908 1824 ,

1237 1850 1308 1870 non
1329 1845 1444 1870 autem
1466 1845 1611 1882 propter
1630 1837 1724 1870 alios.

1101 1968 1305 2024 XXX.

843 2122 1210 2152 EP1TAPH1UM
1249 2102 1569 2151 nauffinna*

574 2252 766 2294 SAECULA
793 2249 1016 2291 Nestoreae
1043 2261 1297 2307 permensa,
1324 2245 1531 2300 Philaeni,
1555 2256 1758 2298 senectae,

643 2322 786 2380 Rapta
812 2335 856 2362 es
878 2317 932 2362 ad
958 2316 1147 2361 infernas
1173 2326 1259 2359 tam
1288 2317 1373 2360 cito
1398 2317 1510 2360 Ditis
1536 2316 1700 2377 aquas?

557 2449 570 2462 ⁴
592 2452 818 2499 Epitaphium
850 2451 1032 2490 Philaenis,
1066 2463 1150 2494 sagae
1167 2475 1175 2490 ‚

508 2508 592 2540 lenae
628 2515 662 2539 ot
695 2506 804 2551 lupae;
829 2504 887 2537 cui
915 2512 1040 2537 terram
1067 2503 1175 2536 levem

508 2567 683 2605 precatur,
693 2567 725 2591 et
742 2567 810 2591 tam
821 2558 933 2590 levem
946 2565 984 2590 ut
997 2556 1088 2589 illius
1104 2567 1177 2588 cor-

509 2625 572 2658 pus
588 2626 606 2646 a
621 2612 762 2645 canibus
776 2610 940 2644 effossum
957 2608 1156 2642 devoretur.

565 2678 593 2698 1.
613 2665 772 2698 Nestorea·
796 2676 968 2707 permensa.
1000 2662 1074 2694 Hoc
1102 2670 1152 2694 est
1168 2687 1177 2700 ‚

1235 2461 1311 2495 quae
1336 2449 1475 2494 attigisti
1508 2462 1616 2483 annos
1643 2450 1822 2488 Nestoris;
1851 2450 1908 2483 ille

1236 2502 1422 2547 nonaginta
1442 2514 1550 2535 annos
1572 2503 1679 2544 vixit,
1697 2511 1736 2536 ut
1754 2502 1908 2535 diximus

1235 2554 1329 2588 alibi.
1361 2556 1410 2588 De
1435 2555 1581 2588 Philaeni
1603 2568 1710 2595 vex-0,
1737 2555 1796 2588 lib.
1821 2555 1906 2592 Vll.

1236 2608 1344 2652 epigr.
1365 2620 1476 2641 van.

1293 2673 1323 2693 2.
1354 2661 1431 2693 Tam
1450 2664 1523 2693 cito.
1548 2660 1621 2694 Hoc
1643 2669 1713 2700 est,
1738 2668 1807 2693 tam
1832 2672 1906 2693 ma-
