1978 3305
463 227 552 272 168

824 227 885 268 M.
918 226 1057 268 VAL.
1097 226 1491 271 MARTIALIS

521 313 606 358 Sed
635 315 839 356 miserere
864 313 952 366 tui,
977 311 1129 354 rabido
1157 328 1238 356 nec
1267 313 1462 373 perditus
1492 330 1567 358 ore

524 386 780 427 Fumantem
806 397 960 425 nasum
986 382 1075 424 vivi
1099 384 1335 427 tentaveris
1363 385 1463 427 ursi.

526 455 591 498 Sit
618 452 812 514 placidus
838 450 962 504 licet,
985 461 1029 495 et
1052 450 1215 495 lambat
1235 452 1479 514 digitosque
1502 469 1766 516 manusque3

524 525 569 568 Si
595 522 740 577 dolor,
763 531 806 565 et
828 520 948 577 bilis,
971 522 1005 565 si
1023 524 1140 581 justa
1165 524 1358 584 coegerit
1383 525 1470 578 ira,
1832 545 1866 570 30

524 595 664 637 Ursus
687 593 769 636 erit
792 609 801 634 :
827 608 966 636 vacua
989 591 1140 636 dentes
1164 593 1207 635 in
1233 592 1345 654 pelle.
1367 593 1518 654 fatiges
1534 628 1544 644 ‚

523 665 581 707 Et
600 663 776 707 tacitam
801 678 968 724 quaeras
984 678 1138 723 ‚quam
1162 665 1301 724 possis
1324 663 1478 708 rodere
1501 680 1690 708 carnem.

512 798 569 830 27.
592 784 659 818 Sed
673 787 813 819 miserere
832 787 880 817 tui
894 792 987 829 rapto
1008 785 1046 817 in
1065 785 1130 817 Be-

456 836 615 871 verlandi
633 837 706 872 MS.
723 858 774 864 —
784 837 909 871 Rabido
922 850 977 869 nec
988 837 1131 882 perditus

459 905 522 924 ore.
544 890 626 924 Noli
650 891 777 925 latratu
799 898 861 923 tuo
881 889 923 923 ad
945 890 1032 923 iram
1052 890 1132 923 irri-

459 952 533 977 tare
559 956 632 985 me,
661 956 764 989 quem
792 943 986 988 comperies
1013 955 1134 976 ursum

460 997 583 1030 vivum
607 1005 641 1030 et
656 997 692 1030 in
713 997 780 1030 iras
797 1008 950 1041 pronum
963 1021 973 1036 ,
995 996 1056 1028 ubi
1074 994 1135 1028 da-

460 1050 557 1083 bitur
569 1050 716 1083 occasio.
730 1049 828 1091 Quin
839 1049 971 1094 potius,
981 1061 1002 1081 o
1014 1047 1137 1081 timide

463 1115 501 1136 ac
530 1103 712 1136 imbecillis
742 1102 856 1136 catule
868 1128 877 1143 ,
905 1101 1032 1147 pellem
1064 1101 1138 1134 ursi

463 1156 557 1189 foeno
571 1156 694 1188 fartam
712 1153 890 1188 mordicus
902 1155 1037 1188 lacessis
1048 1179 1057 1194 ,
1075 1166 1139 1187 un-

465 1208 508 1242 de
522 1209 587 1242 tibi
602 1208 690 1241 nihil
707 1206 888 1253 impendet
902 1206 1069 1252 periculi?
1083 1218 1139 1239 me

464 1262 585 1295 vivum
599 1261 737 1294 senties.
752 1261 844 1294 Cave
855 1260 949 1293 canis
958 1286 967 1301 ‚
980 1267 1015 1293 et
1025 1271 1140 1306 quaere

466 1314 567 1348 aliam
588 1326 726 1347 carnem
750 1326 853 1359 quam
877 1313 1002 1346 tacitus
1026 1311 1140 1346 rodas.

468 1366 550 1400 Vid.
565 1367 677 1407 lib.V‚
691 1366 801 1411 epigr.
817 1379 858 1399 Lx
870 1390 879 1404 ,
896 1378 956 1407 103
973 1373 1007 1399 et
1018 1365 1140 1398 Horat.

468 1418 571 1466 epod.
601 1422 635 1454 6.
653 1420 720 1452 Vel
745 1432 790 1452 ne
814 1431 935 1452 ursum
961 1418 1048 1451 iram
1070 1418 1141 1464 spi-

468 1482 622 1513 rantem,
634 1485 748 1505 anima
761 1480 820 1505 tua
836 1480 869 1504 et
882 1484 969 1505 voce
983 1479 1141 1504 irritans.

470 1525 736 1571 Hieroglyphici
774 1525 867 1558 enim
900 1524 1145 1558 vehementem

469 1580 558 1612 iram
580 1578 825 1624 significaturi,
843 1589 964 1611 ursum
987 1578 1144 1623 fingunt,

470 1631 566 1677 quod
591 1631 628 1664 id
651 1631 780 1664 animal
803 1629 1000 1664 immodicis
1023 1629 1146 1663 animis

469 1685 578 1718 soleat
600 1684 755 1718 excitari.
777 1683 900 1717 Nasum
923 1682 1043 1725 addit,
1064 1695 1146 1716 nam

472 1738 521 1771 ibi
538 1736 635 1771 sedes
654 1737 731 1770 irae:
753 1754 765 1766 ι.-
778 1736 863 1770 Bilis
880 1737 916 1769 in
932 1748 1016 1769 nare
1032 1735 1145 1778 sedet;

468 1788 599 1836 δριμεῖα.
631 1793 710 1834 χολὰ
744 1789 820 1822 ποτὶ
859 1789 914 1835 ῥινὶ
951 1792 1099 1824 κάθηται.
1129 1806 1142 1818 »

470 1843 622 1876 Theocr.
643 1842 746 1889 Idyll.
768 1855 780 1875 1
797 1868 805 1883 ,
825 1855 874 1875 vs,
899 1843 942 1875 18
955 1868 964 1883 ‚
979 1842 1024 1875 de
1042 1843 1146 1875 Pane.

473 1897 590 1930 Flatus
603 1896 696 1929 enim
707 1895 889 1941 etspiritus
902 1895 1148 1929 veliementior

477 1950 563 1983 iram
577 1948 709 1994 prodit.

1246 788 1305 820 28.
1333 786 1521 819 Fumantem
1551 788 1620 818 ‘vivi
1646 798 1755 818 nasum
1783 785 1866 831 legit

1193 837 1400 872 Scriverius.

1249 903 1308 935 29.
1330 891 1383 925 Sit
1396 892 1543 936 placidus
1567 891 1649 925 licet.
1671 890 1713 924 Id
1733 899 1801 933 est,
1820 891 1870 925 ci-

1193 956 1272 985 cur,
1291 945 1560 978 mansuefactus.

1250 997 1268 1030 3
1280 1009 1309 1030 1.
1337 997 1377 1030 In
1391 998 1474 1042 pelle
1485 999 1624 1042 fatigas.
1652 995 1771 1030 Codex
1789 997 1872 1030 Pul-

1195 1049 1327 1082 manni.
1352 1069 1404 1075 —
1437 1050 1535 1083 Ursus
1560 1053 1630 1083 erit.
1660 1049 1803 1083 Redibit
1827 1049 1872 1082 ad

1197 1102 1379 1148 ingenium
1395 1114 1403 1135 :
1422 1103 1580 1136 nativum
1599 1103 1757 1135 furorem
1772 1115 1871 1136 resu-

1196 1164 1278 1188 met.
1301 1155 1369 1188 ΕΒ.
1385 1176 1437 1181 -—-
1456 1156 1575 1188 Pellem
1599 1168 1734 1187 vacuam
1748 1181 1757 1195 ,
1781 1167 1873 1188 mor-

1199 1216 1293 1241 tuam
1323 1207 1410 1241 rode
1424 1233 1433 1249 ‚
1462 1220 1587 1241 canum
1615 1207 1788 1249 imitator;
1818 1220 1876 1241 me

1197 1273 1281 1294 vero
1306 1261 1425 1294 vivum
1446 1273 1491 1294 ne
1520 1270 1649 1306 tangas.
1672 1261 1796 1294 Horat.
1817 1261 1876 1300 ΙΙ,

1199 1321 1260 1347 sat.
1282 1326 1295 1347 1
1305 1339 1314 1354 ,
1332 1315 1377 1354 45
1392 1325 1400 1347 :
1418 1328 1430 1340 κ
1442 1314 1503 1359 qui
1517 1326 1572 1347 me
1585 1313 1772 1347 commorit
1783 1338 1794 1354 ‚
1806 1325 1876 1346 me·

1199 1366 1270 1399 lius
1287 1379 1358 1399 non
1384 1374 1524 1412 tangere
1543 1367 1673 1408 clamo,
1695 1366 1826 1407 Flebit,
1843 1374 1878 1399 et

1200 1419 1345 1464 insignis
1363 1427 1436 1453 tota
1454 1419 1652 1452 cantabitur
1671 1420 1770 1452 urbe.

1257 1472 1317 1505 32.
1336 1472 1386 1504 Et
1404 1474 1517 1505 tacitus
1536 1485 1659 1518 quoeras
1678 1471 1759 1505 Ald.
1777 1472 1874 1505 Junt.

1203 1525 1317 1558 Colin.
1342 1525 1480 1570 Gryph.
1502 1525 1663 1558 Pulman.
1683 1524 1797 1557 Plant.
1815 1525 1878 1558 Ju-

1204 1577 1298 1611 nian.
1319 1578 1425 1622 Lang.
1444 1578 1570 1624 Delph.
1589 1577 1735 1611 Farnab.
1753 1585 1817 1610 etc.
1832 1578 1881 1610 Et

1206 1633 1303 1662 tacita
1316 1643 1440 1677 quaeras
1453 1630 1557 1664 codd.
1573 1631 1654 1664 Vat.
1676 1638 1710 1663 et
1723 1630 1878 1663 Florem.

1206 1684 1255 1717 Et
1267 1685 1394 1716 tacitam
1406 1697 1528 1730 qaoeras
1539 1682 1648 1717 codex
1658 1681 1881 1723 Bodleianus,

1206 1735 1299 1782 quod
1315 1737 1448 1782 primus
1465 1736 1618 1771 restituit
1634 1736 1818 1770 Gruterus,
1830 1757 1881 1762 -—

1206 1791 1240 1823 E
1245 1797 1257 1821 t
1285 1793 1411 1822 tacitam
1441 1803 1563 1822 curnem
1589 1803 1724 1836 quoerasu
1755 1789 1882 1830 Quaerc

1207 1843 1314 1876 alium
1332 1855 1437 1888 quem
1452 1843 1519 1876 tuis
1536 1841 1728 1876 maledictis
1742 1854 1881 1887 carpas3

1207 1895 1269 1941 qui
1294 1908 1357 1929 nec
1385 1897 1512 1929 sentire
1537 1904 1634 1929 tuam
1662 1895 1885 1929 obtrectatio·

1208 1961 1289 1982 nem
1302 1973 1311 1989 ‚
1329 1961 1392 1982 nec
1413 1949 1530 1983 ulcisci
1549 1957 1662 1994 queat.
1683 1950 1750 1982 En.

1082 2079 1271 2135 LXV.

1000 2224 1066 2252 AD
1110 2225 1355 2254 TUCCAM.

473 2342 784 2383 HEXAMETmS
812 2337 1093 2398 Epigramma
1123 2336 1250 2390 tacis,
1269 2337 1357 2380 scio
1383 2336 1526 2380 dicere
1549 2337 1753 2380 Tuccam.

540 2411 712 2463 Tucca,
738 2407 846 2451 solet
871 2406 986 2460 fleri3
1014 2407 1223 2468 denique,
1245 2408 1415 2459 Tucca,
1445 2405 1555 2450 licet.

530 2548 540 2568 ι
552 2561 558 2567 .
572 2534 782 2567 Hermen-is.
796 2534 964 2580 Superius
974 2533 1146 2579 epigram-

474 2601 527 2621 ma
556 2596 593 2620 ut
619 2588 759 2632 longum
772 2613 780 2627 ,
807 2596 913 2632 atque
939 2587 1145 2620 hexametris

471 2641 640 2685 scriptum
654 2666 662 2681 ,
676 2652 758 2673 sanc
772 2639 996 2684 redarguerat
1010 2640 1143 2675 Tucca:

1208 2531 1302 2579 quod
1329 2541 1518 2578 utrumque
1547 2531 1621 2565 fieri
1652 2542 1753 2576 posse.
1784 2529 1887 2564 docet

1209 2587 1440 2631 poet-¹e.'['11rca
1453 2612 1462 2625 ,
1482 2597 1609 2618 nomen
1629 2584 1721 2617 illius
1735 2583 1794 2629 qui
1810 2584 1890 2616 Vir-

1205 2639 1325 2684 gilium
1340 2637 1557 2678 emendavit,
1568 2649 1712 2671 censore
1723 2636 1887 2682 dignum.
