1978 3305
494 247 590 293 262

869 247 930 289 M.
952 246 1091 289 VAL.
1130 246 1512 291 MARTIALIS

699 332 895 376 Mandris
915 341 958 375 et
981 332 1118 375 vitreo
1139 330 1306 375 latrone
1328 332 1519 388 clausos;

700 405 769 446 Sic
797 401 984 462 palmam
1008 401 1085 445 tibi
1113 401 1167 445 de
1196 402 1365 462 trigone
1395 403 1514 446 nudo

699 474 856 516 Unctae
885 472 960 516 det
987 471 1111 516 favor
1138 471 1299 516 arbiter
1323 489 1518 527 coronae,

698 545 739 587 N
743 559 791 587 ee
816 540 962 586 laudet
982 541 1134 602 Polybi
1155 543 1291 603 magis
1311 543 1503 587 sinistras
1526 560 1535 586 :

699 614 742 657 Si
771 613 999 673 quisquam
1024 628 1120 656 mea
1147 612 1304 656 dixerit
1327 612 1543 673 malignus

700 685 807 726 Atro
832 684 1024 726 carmina
1052 699 1146 742 quae
1174 681 1352 726 madent
1373 699 1566 739 venen03

698 755 762 797 Ut
786 769 939 797 vocem
965 753 1071 797 mihi
1099 753 1349 797 commodes
1379 763 1633 814 patronam,

697 826 779 879 Et,
804 833 1014 884 quantum
1040 825 1224 884 poteris,
1251 823 1325 867 sed
1350 840 1508 884 usque,
1532 823 1716 879 clames3
1861 843 1887 866 ιε

695 895 797 937 Non
821 894 992 953 scripsit
1012 910 1133 937 meus
1156 895 1238 937 ista
1261 893 1487 938 Martialis.

489 1031 605 1063 animo
625 1029 839 1063 insidiantes.
858 1031 908 1062 Ea
926 1029 992 1063 fuit
1008 1028 1084 1062 ludi
1104 1042 1159 1061 ra-

489 1083 559 1124 tio,
579 1090 619 1115 ut
641 1083 669 1116 si
695 1095 784 1116 unus
809 1095 849 1115 ex
877 1081 998 1115 hostili
1023 1081 1160 1126 agmine

488 1136 710 1169 incomitatus
740 1134 1062 1180 deprehenderetur
1077 1160 1086 1175 ‚
1112 1134 1161 1167 ita

489 1197 528 1222 ut
541 1188 788 1222 circumveniri
801 1195 915 1233 posset
924 1213 933 1229 ,
947 1187 1104 1232 captivus
1118 1199 1161 1221 ex

489 1241 560 1275 acie
581 1241 789 1274 traheretur.
807 1241 852 1274 Et
871 1240 976 1286 paulo
994 1240 1162 1281 infra,De

487 1294 626 1327 calculis
638 1316 647 1331 ‚
664 1294 800 1339 inquit,
816 1294 1054 1327 meminerunt
1067 1293 1161 1326 Mar-

489 1346 578 1379 tialis
593 1372 602 1387 ,
622 1347 684 1380 lib.
705 1347 805 1387 XIV,
822 1346 930 1392 epigr.
952 1360 1013 1388 xx,
1040 1363 1053 1376 κ
1072 1347 1162 1380 Insi-

489 1398 670 1432 diosorum
690 1400 718 1433 si
739 1398 831 1433 ludis
851 1400 943 1432 bella
963 1400 1162 1441 latronum,

491 1452 678 1485 Gemmeus
696 1452 761 1485 iste
780 1452 845 1485 tibi
863 1452 982 1494 miles,
1001 1460 1035 1485 et
1052 1452 1162 1486 hostis

492 1505 559 1537 erit
574 1522 586 1534 ›-
603 1513 660 1546 3et
675 1505 823 1538 Ovidius
839 1504 883 1538 de
899 1505 984 1539 Arte
999 1505 1136 1539 amandi
1152 1531 1162 1546 ‚

493 1569 523 1590 11
535 1582 545 1599 ,
568 1570 634 1602 207
657 1575 670 1587 ιι
684 1558 765 1591 Sive
780 1558 953 1592 latrocinii
965 1559 1031 1592 snb
1042 1558 1162 1604 imagi-

492 1622 536 1643 ne
558 1611 708 1644 calculus
726 1611 809 1653 ibit,
825 1611 892 1645 Fac
914 1620 1032 1657 pereat
1049 1612 1162 1645 vitreo

492 1663 591 1696 miles
601 1663 644 1696 ab
654 1664 753 1697 hoste
766 1672 858 1698 tuus.
868 1682 881 1694 u
892 1665 966 1698 Nec
978 1673 1093 1698 tamen
1105 1677 1162 1698 me

491 1716 666 1761 praeterit,
692 1717 740 1750 sic
768 1717 882 1763 pergit
911 1717 1162 1763 Calcaguinus,

490 1781 680 1813 gemmeos,
700 1770 785 1815 quin
807 1778 840 1803 et
865 1770 992 1803 vitreos
1005 1796 1014 1812 ‚
1030 1783 1047 1803 a
1068 1770 1161 1803 Mar-

491 1821 572 1855 tiale
590 1822 741 1856 calculos
753 1823 920 1868 appellari
932 1834 940 1856 :
953 1839 966 1850 α
979 1823 1034 1856 Sic
1043 1824 1162 1857 vincas

491 1874 713 1920 Noviumque
732 1876 966 1921 Publiumque
987 1874 1161 1918 Mandris,

488 1934 524 1960 et
541 1927 655 1960 vitreo
672 1928 806 1961 latrone
818 1929 962 1963 clausos.
972 1946 985 1958 »ι
997 1929 1161 1963 Mandras

490 1979 586 2012 enim
614 1979 722 2014 dictas
749 1990 856 2026 puto,
887 1994 970 2027 quas
1001 1982 1161 2028 regiones

488 2032 615 2066 Pollux
632 2041 750 2074 vocat,
768 2043 803 2068 et
814 2035 1018 2069 Eustathius
1029 2047 1037 2068 ε
1050 2048 1160 2081 quum

488 2097 572 2118 vero
590 2084 744 2120 distincti
766 2087 879 2121 forent
897 2088 966 2120 suis
984 2087 1161 2122 coloribus

487 2138 630 2180 calculi,
650 2148 685 2173 et
704 2151 745 2173 ex
766 2140 808 2173 iis
826 2140 884 2174 ille
906 2139 1080 2186 deperiret
1098 2142 1160 2187 qui

487 2190 580 2224 inter
600 2191 689 2225 duos
713 2191 952 2239 deprehensus
974 2193 1072 2227 facile
1097 2194 1161 2227 cir-

487 2245 681 2278 cumveniri
701 2255 817 2291 posset
831 2272 840 2287 ‚
865 2247 947 2279 hinc
970 2247 1013 2280 ab
1036 2246 1159 2280 eodem

488 2297 646 2331 Martiale
661 2297 792 2332 dictum
810 2308 975 2345 putamus
989 2311 997 2332 ε
1014 2315 1026 2327 ιι
1042 2300 1160 2334 Disco-

486 2349 539 2382 lor
556 2349 612 2385 hic
629 2352 769 2396 gemino
787 2353 901 2386 victus
919 2353 964 2387 ab
983 2353 1081 2387 hoste
1099 2366 1159 2399 pe-

1220 1030 1277 1062 rit.
1292 1046 1305 1058 »
1322 1029 1421 1062 Idem
1438 1031 1668 1076 Calcaguinus
1682 1039 1783 1076 putat
1797 1031 1891 1064 hune

1219 1081 1432 1116 calculorum
1449 1082 1573 1117 ludum
1589 1082 1765 1117 diversum
1784 1096 1856 1118 esse
1872 1096 1891 1117 a

1219 1134 1349 1180 scapis,
1373 1136 1524 1177 Gallice,
1550 1137 1692 1177 Eclzecs‚
1721 1149 1808 1181 quos
1834 1136 1891 1169 alii

1226 1204 1240 1217 ι
1262 1188 1492 1222 Latrunculos
1513 1206 1526 1219 ι»
1552 1197 1689 1223 vocant.
1703 1188 1796 1222 Vide
1817 1189 1891 1223 Sal-

1222 1240 1380 1274 masium.

1275 1305 1310 1337 9.
1326 1293 1381 1327 Sic
1392 1294 1544 1339 palmam,
1557 1302 1624 1328 etc.
1639 1294 1696 1328 Sic
1709 1294 1773 1327 tibi
1788 1294 1893 1328 victo·

1220 1346 1308 1379 riam
1330 1346 1368 1379 in
1392 1346 1478 1380 ludo
1502 1347 1681 1393 trigonalis
1701 1347 1779 1392 pilae
1797 1346 1893 1393 adju-

1221 1397 1339 1432 dicent
1364 1400 1462 1433 uncti
1489 1409 1688 1446 gymnastae.
1708 1399 1800 1434 Vide
1828 1401 1890 1436 lib.

1220 1452 1287 1493 IV,
1300 1453 1407 1498 epigr.
1425 1465 1558 1486 x1x.-—
1570 1454 1680 1494 Nudo,
1698 1461 1762 1487 etc.
1779 1454 1892 1495 Quem

1220 1504 1345 1538 ludum
1362 1505 1448 1538 nudi
1464 1506 1633 1551 unctique
1649 1507 1864 1540 exercebant.

1279 1570 1336 1592 10.
1367 1559 1497 1592 Nuncta
1527 1567 1555 1592 te
1575 1560 1674 1603 favor
1703 1560 1741 1593 in
1772 1558 1892 1593 codice

1221 1610 1438 1645 Florentino.

1280 1677 1293 1698 1
1307 1676 1337 1697 1.
1357 1665 1475 1710 Polybi
1495 1677 1604 1697 manus
1623 1666 1765 1698 sinistras
1784 1663 1892 1698 codex

1221 1716 1419 1751 Puhnanni.
1436 1739 1485 1743 —
1501 1718 1627 1763 Polybi.
1651 1718 1791 1751 Lusoris
1812 1730 1893 1751 sane

1221 1770 1325 1815 periti
1347 1771 1486 1804 sinistra
1509 1783 1580 1804 non
1602 1770 1708 1815 magis
1732 1769 1893 1804 laudetur

1220 1834 1326 1868 quam
1339 1832 1409 1857 tua.
1425 1824 1580 1857 Observa
1595 1824 1767 1857 sinistram
1783 1824 1892 1857 maxi·

1221 1888 1278 1909 me
1302 1877 1380 1911 usui
1407 1877 1514 1910 fuisse
1538 1877 1575 1910 in
1603 1877 1669 1910 hoc
1693 1875 1788 1910 ludo.
1801 1875 1893 1910 Vide

1220 1929 1281 1962 lib.
1300 1931 1398 1970 XIV,
1417 1929 1526 1974 epigr.
1545 1941 1653 1971 xm*1;
1672 1937 1705 1963 et
1722 1929 1782 1963 lib.
1799 1930 1892 1971 XII,

1221 1982 1328 2028 epigr.
1348 1994 1497 2016 Lxxxnt.

1280 2047 1293 2068 1
1305 2049 1336 2069 2.
1354 2035 1392 2070 Si
1408 2038 1581 2082 quisquam,
1601 2043 1666 2069 ete.
1682 2035 1750 2075 Ut,
1769 2034 1797 2068 si
1816 2035 1892 2081 quis

1222 2088 1349 2122 famosa
1370 2097 1403 2122 et
1429 2087 1596 2121 maledica
1622 2096 1657 2121 et
1680 2088 1760 2133 plus
1786 2099 1892 2133 quam

1222 2141 1276 2187 epi
1281 2141 1504 2185 grammatico
1515 2141 1583 2174 sale
1595 2153 1711 2186 sparsa
1723 2140 1894 2186 epigram-

1220 2203 1310 2227 mata
1356 2194 1420 2227 sub
1457 2206 1535 2227 ineo
1565 2194 1708 2227 nomine
1742 2191 1893 2227 ediderit

1220 2246 1376 2292 mihique
1400 2245 1641 2292 adscripserit,
1663 2246 1892 2292 patrocineris

1221 2301 1329 2341 mihi,
1351 2312 1476 2345 meque
1494 2301 1536 2333 ab
1560 2300 1622 2333 hac
1641 2299 1812 2333 calumnia
1830 2298 1891 2333 de-

1219 2352 1350 2387 fendas.
1363 2353 1393 2384 V
1399 2352 1454 2386 ide
1477 2353 1584 2399 epigr.
1609 2365 1659 2386 xu
1681 2365 1796 2399 supra.
