1978 3305
478 227 576 286 [¹70
619 226 829 268 MVAL.
857 225 1185 267 MARTiALlS
1208 225 1544 269 EPIGRAMM.
1570 228 1675 270 LlB.
1704 229 1779 270 lx.

550 315 637 355 Dat
666 312 819 356 faciem
846 311 998 355 Pollux
1024 313 1181 365 Hiero,
1203 311 1276 355 dat
1299 315 1455 357 Castor
1480 313 1634 364 Asillo;

620 384 762 442 Atque
788 383 832 424 in
863 391 1048 442 utroque
1073 383 1182 425 nitet
1200 382 1410 442 Tyndaris
1437 400 1512 426 ore
1541 401 1678 427 soror.

553 455 636 496 lsta
664 452 942 512 Therapnaeis
973 453 1007 495 si.
1032 452 1171 496 forma
1201 452 1349 496 fuisset
1377 452 1589 513 Amyclis,

619 522 768 579 Quum
796 523 938 566 vicere
967 523 1074 566 (luas
1103 523 1218 566 dona
1245 524 1412 567 minora
1434 526 1575 579 Deas3

550 594 805 648 Mansisses,
831 592 1016 649 Helene,
1037 594 1355 655 Phrygiamque
1384 594 1562 637 redisset
1589 595 1631 637 in
1659 594 1777 638 ldam

620 663 870 707 Dardanius
896 665 1069 724 gemino
1095 681 1194 708 cum
1218 664 1473 725 Ganymede
1499 665 1631 708 Paris.

479 790 525 822 sic
560 798 838 835 transponuntur
865 789 937 823 duo
971 791 1155 832 vocabula,

481 844 693 887 q)·cuo...alio.
711 843 838 876 Sensus
853 856 937 877 vero
953 844 1076 877 obvius
1091 851 1151 877 est.

535 895 566 928 3.
582 897 686 929 Puero
702 909 769 942 pro
788 897 889 929 Hiero
901 895 980 930 cod.
995 897 1152 930 Pulman.

480 958 513 981 et
527 949 621 982 Asilo
638 949 719 983 cod.
738 950 872 982 Beverl.

535 1006 570 1042 4.
593 1003 625 1035 T
623 1003 752 1039 rndaris
769 1015 868 1034 soror.
899 1001 975 1034 Hoc
995 1011 1064 1043 est,
1084 1003 1154 1035 He-

479 1055 557 1087 lena
590 1056 744 1089 Castoris
778 1064 811 1088 et
843 1055 993 1087 Pollucis
1029 1068 1128 1088 soror
1145 1082 1154 1096 ,

480 1108 578 1141 Jovis
599 1108 669 1141 filia
689 1121 729 1142 ex
746 1107 840 1141 Leda
855 1121 961 1141 uxore
977 1107 1134 1153 Tyndari
1147 1135 1155 1149 ‚

480 1161 568 1205 regis
587 1162 760 1195 Laconiae.

535 1215 567 1247 5.
599 1216 667 1247 Ista
706 1215 919 1258 leerapnaeis.
952 1214 1074 1247 Castor
1122 1223 1156 1247 et

480 1267 603 1300 Pollux
636 1269 709 1300 nati
746 1275 828 1300 sunt
864 1267 1043 1314 Amyclis,
1079 1279 1155 1313 quae

479 1320 562 1352 urbs
576 1328 626 1353 est
640 1321 800 1354 Laconiae
813 1332 925 1366 prope
939 1321 1157 1366 Therapnas;

479 1373 538 1405 ubi
563 1374 590 1406 si
615 1374 793 1407 affuissent
816 1373 942 1407 Hierus
971 1383 1003 1407 et
1029 1374 1157 1407 Asillus

485 1428 614 1471 (quum
638 1427 733 1460 Juno
753 1440 792 1461 ac
808 1427 919 1460 Pallas
938 1426 1156 1460 contenden-

1215 799 1266 824 tes
1289 790 1334 824 de
1351 803 1458 836 pomo
1476 803 1581 823 aureo
1597 804 1615 823 a
1632 791 1769 823 Venere
1794 791 1890 823 victae

1216 845 1377 884 fuerunt,
1396 844 1628 889 promittente
1645 841 1763 876 Paridi
1781 842 1889 887 judici

1216 897 1383 931 Helenam
1396 923 1405 938 ,
1422 909 1498 942 quae
1518 909 1645 941 nempe
1665 895 1799 929 donum
1819 904 1891 929 erat

1216 950 1361 983 iuferius
1387 962 1490 994 quam
1520 949 1709 994 imperium
1742 949 1890 994 promis-

1216 1015 1291 1035 sum
1323 1015 1341 1034 a
1368 1003 1508 1035 Junone
1524 1028 1532 1042 ,
1553 1011 1585 1034 et
1607 1002 1778 1046 sapientia
1808 1014 1890 1047 pro-

1217 1055 1317 1088 missa
1344 1067 1361 1087 a
1390 1052 1569 1096 Pallade),
1592 1063 1796 1100 contempta
1821 1054 1891 1087 He-

1216 1109 1311 1149 lena,
1335 1121 1354 1140 a
1374 1107 1496 1141 Paride
1517 1108 1611 1153 rapti
1631 1107 1791 1140 fuissent.

1270 1174 1302 1206 7.
1326 1162 1439 1193 Urbem
1455 1162 1576 1206 legunt
1590 1159 1671 1193 edd.
1690 1161 1836 1193 Farnab.
1860 1168 1891 1192 et

1216 1214 1473 1259 antiquissimae.
1504 1214 1595 1247 Idam
1624 1221 1674 1246 est
1703 1214 1738 1246 in
1772 1211 1892 1246 codice

1216 1267 1374 1300 Pulman.
1397 1289 1450 1294 ——
1467 1267 1638 1300 IPIansisses
1658 1267 1778 1299 Helene
1790 1293 1798 1306 ,
1827 1273 1889 1298 etc.

1217 1322 1360 1354 Castora
1374 1329 1408 1353 et
1423 1321 1602 1354 Pollucem
1621 1320 1740 1365 potius
1762 1319 1894 1364 rapuis-

1216 1383 1266 1407 set
1281 1374 1376 1406 Paris
1388 1400 1396 1413 ‚
1419 1387 1524 1418 quam
1542 1374 1711 1406 Helenam
1723 1397 1733 1413 ,
1751 1374 1778 1406 si
1795 1384 1893 1416 aequv

1217 1427 1359 1460 formosi
1372 1427 1516 1460 fuissent
1526 1439 1563 1460 ac
1572 1427 1699 1460 Hierus
1709 1434 1742 1459 et
1753 1425 1891 1458 Asillus.
