<?xml version="1.0" encoding="UTF-8"?>
<!DOCTYPE html PUBLIC "-//W3C//DTD XHTML 1.0 Transitional//EN"
    "http://www.w3.org/TR/xhtml1/DTD/xhtml1-transitional.dtd">
<html xmlns="http://www.w3.org/1999/xhtml" xml:lang="en" lang="en">
 <head>
  <title>
</title>
<meta http-equiv="Content-Type" content="text/html;charset=utf-8" />
  <meta name='ocr-system' content='tesseract 3.04.00' />
  <meta name='ocr-capabilities' content='ocr_page ocr_carea ocr_par ocr_line ocrx_word'/>
</head>
<body>
  <div class='ocr_page' id='page_1' title='image "./epigrammata02martuoft/epigrammata02martuoft_0117.png"; bbox 0 0 1978 3305; ppageno 0'>
   <div class='ocr_carea' id='block_1_1' title="bbox 364 229 1207 302">
    <p class='ocr_par' dir='ltr' id='par_1_1' title="bbox 364 229 1207 302">
     <span class='ocr_line' id='line_1_1' title="bbox 364 229 1207 302; baseline -0.012 0"><span class='ocrx_word' id='word_1_1' title='bbox 364 229 954 302; x_wconf 78' lang='lat' dir='ltr'><strong>EPIGRAMMATUM</strong></span> <span class='ocrx_word' id='word_1_2' title='bbox 991 253 1115 298; x_wconf 87' lang='lat' dir='ltr'>LIB.</span> <span class='ocrx_word' id='word_1_3' title='bbox 1156 252 1207 295; x_wconf 89' lang='lat' dir='ltr'>v.</span> 
     </span>
    </p>
   </div>
   <div class='ocr_carea' id='block_1_2' title="bbox 1407 265 1498 293">
    <p class='ocr_par' dir='ltr' id='par_1_2' title="bbox 1407 265 1498 293">
     <span class='ocr_line' id='line_1_2' title="bbox 1407 265 1498 293; baseline 0 0"><span class='ocrx_word' id='word_1_4' title='bbox 1407 265 1498 293; x_wconf 68' lang='lat' dir='ltr'>lo.)</span> 
     </span>
    </p>
   </div>
   <div class='ocr_carea' id='block_1_3' title="bbox 596 411 983 468">
    <p class='ocr_par' dir='ltr' id='par_1_3' title="bbox 596 411 983 468">
     <span class='ocr_line' id='line_1_3' title="bbox 596 411 983 468; baseline -0.003 0"><span class='ocrx_word' id='word_1_5' title='bbox 596 411 983 468; x_wconf 88' lang='lat' dir='ltr'><strong>LXXXIII.</strong></span> 
     </span>
    </p>
   </div>
   <div class='ocr_carea' id='block_1_4' title="bbox 606 566 979 597">
    <p class='ocr_par' dir='ltr' id='par_1_4' title="bbox 606 566 979 597">
     <span class='ocr_line' id='line_1_4' title="bbox 606 566 979 597; baseline -0.003 -1"><span class='ocrx_word' id='word_1_6' title='bbox 606 568 669 596; x_wconf 82' lang='lat' dir='ltr'>AD</span> <span class='ocrx_word' id='word_1_7' title='bbox 702 566 979 597; x_wconf 83' lang='lat' dir='ltr'>DINDYMUM.</span> 
     </span>
    </p>
   </div>
   <div class='ocr_carea' id='block_1_5' title="bbox 88 677 1463 810">
    <p class='ocr_par' dir='ltr' id='par_1_5' title="bbox 88 677 1463 810">
     <span class='ocr_line' id='line_1_5' title="bbox 88 677 1463 740; baseline -0.005 -14"><span class='ocrx_word' id='word_1_8' title='bbox 88 683 385 736; x_wconf 76' lang='lat' dir='ltr'>INSEQUEms,</span> <span class='ocrx_word' id='word_1_9' title='bbox 409 679 552 740; x_wconf 83' lang='lat' dir='ltr'>fugi03</span> <span class='ocrx_word' id='word_1_10' title='bbox 575 678 713 739; x_wconf 85' lang='lat' dir='ltr'>fugis,</span> <span class='ocrx_word' id='word_1_11' title='bbox 738 678 966 739; x_wconf 79' lang='lat' dir='ltr'>insequor3</span> <span class='ocrx_word' id='word_1_12' title='bbox 985 678 1079 722; x_wconf 83' lang='lat' dir='ltr'>haec</span> <span class='ocrx_word' id='word_1_13' title='bbox 1104 677 1210 722; x_wconf 86' lang='lat' dir='ltr'>mihi</span> <span class='ocrx_word' id='word_1_14' title='bbox 1234 693 1356 721; x_wconf 87' lang='lat' dir='ltr'>mens</span> <span class='ocrx_word' id='word_1_15' title='bbox 1380 685 1463 719; x_wconf 87' lang='lat' dir='ltr'>est:</span> 
     </span>
     <span class='ocr_line' id='line_1_6' title="bbox 158 746 1128 810; baseline -0.005 -14"><span class='ocrx_word' id='word_1_16' title='bbox 158 750 283 797; x_wconf 87' lang='lat' dir='ltr'>Velle</span> <span class='ocrx_word' id='word_1_17' title='bbox 308 761 432 794; x_wconf 86' lang='lat' dir='ltr'>tuum</span> <span class='ocrx_word' id='word_1_18' title='bbox 454 748 583 806; x_wconf 84' lang='lat' dir='ltr'>nolo,</span> <span class='ocrx_word' id='word_1_19' title='bbox 603 748 825 810; x_wconf 86' lang='lat' dir='ltr'>Dindyme</span> <span class='ocrx_word' id='word_1_20' title='bbox 839 784 851 806; x_wconf 65' lang='lat'>7</span> <span class='ocrx_word' id='word_1_21' title='bbox 872 747 988 793; x_wconf 85' lang='lat' dir='ltr'>nolle</span> <span class='ocrx_word' id='word_1_22' title='bbox 1011 746 1128 792; x_wconf 82' lang='lat' dir='ltr'>volo.</span> 
     </span>
    </p>
   </div>
   <div class='ocr_carea' id='block_1_6' title="bbox 89 893 763 1046">
    <p class='ocr_par' dir='ltr' id='par_1_6' title="bbox 89 893 763 1046">
     <span class='ocr_line' id='line_1_7' title="bbox 147 893 763 940; baseline -0.006 -12"><span class='ocrx_word' id='word_1_23' title='bbox 147 908 178 929; x_wconf 88' lang='lat'>1.</span> <span class='ocrx_word' id='word_1_24' title='bbox 198 895 386 940; x_wconf 80' lang='lat' dir='ltr'>Insequeris,</span> <span class='ocrx_word' id='word_1_25' title='bbox 400 894 521 938; x_wconf 81' lang='lat' dir='ltr'>sugio;</span> <span class='ocrx_word' id='word_1_26' title='bbox 534 893 641 938; x_wconf 76' lang='lat' dir='ltr'>sugis,</span> <span class='ocrx_word' id='word_1_27' title='bbox 663 900 695 925; x_wconf 83' lang='lat' dir='ltr'>et</span> <span class='ocrx_word' id='word_1_28' title='bbox 714 905 763 925; x_wconf 83' lang='lat' dir='ltr'>se-</span> 
     </span>
     <span class='ocr_line' id='line_1_8' title="bbox 90 946 761 994; baseline -0.004 -14"><span class='ocrx_word' id='word_1_29' title='bbox 90 960 168 994; x_wconf 83' lang='lat' dir='ltr'>quor</span> <span class='ocrx_word' id='word_1_30' title='bbox 182 947 220 980; x_wconf 89' lang='lat' dir='ltr'>in</span> <span class='ocrx_word' id='word_1_31' title='bbox 235 946 356 981; x_wconf 88' lang='lat' dir='ltr'>codice</span> <span class='ocrx_word' id='word_1_32' title='bbox 374 947 556 980; x_wconf 80' lang='lat' dir='ltr'>Thuaneo.</span> <span class='ocrx_word' id='word_1_33' title='bbox 572 946 761 992; x_wconf 72' lang='lat' dir='ltr'>Insequen&#39;s,</span> 
     </span>
     <span class='ocr_line' id='line_1_9' title="bbox 89 997 763 1046; baseline -0.004 -11"><span class='ocrx_word' id='word_1_34' title='bbox 89 1008 156 1035; x_wconf 82' lang='lat' dir='ltr'>etc.</span> <span class='ocrx_word' id='word_1_35' title='bbox 176 1000 335 1046; x_wconf 85' lang='lat' dir='ltr'>Disparia</span> <span class='ocrx_word' id='word_1_36' title='bbox 355 999 457 1034; x_wconf 86' lang='lat' dir='ltr'>nobis</span> <span class='ocrx_word' id='word_1_37' title='bbox 481 997 614 1042; x_wconf 84' lang='lat' dir='ltr'>studia,</span> <span class='ocrx_word' id='word_1_38' title='bbox 636 998 763 1033; x_wconf 88' lang='lat' dir='ltr'>volun-</span> 
     </span>
    </p>
   </div>
   <div class='ocr_carea' id='block_1_7' title="bbox 822 887 1501 988">
    <p class='ocr_par' dir='ltr' id='par_1_7' title="bbox 822 887 1501 988">
     <span class='ocr_line' id='line_1_10' title="bbox 822 887 1500 933; baseline -0.009 -8"><span class='ocrx_word' id='word_1_39' title='bbox 822 899 908 925; x_wconf 79' lang='lat' dir='ltr'>tates</span> <span class='ocrx_word' id='word_1_40' title='bbox 933 890 1090 924; x_wconf 86' lang='lat' dir='ltr'>diversae.</span> <span class='ocrx_word' id='word_1_41' title='bbox 1110 889 1167 923; x_wconf 87' lang='lat' dir='ltr'>Sic</span> <span class='ocrx_word' id='word_1_42' title='bbox 1187 889 1250 922; x_wconf 88' lang='lat' dir='ltr'>lib.</span> <span class='ocrx_word' id='word_1_43' title='bbox 1270 889 1363 929; x_wconf 83' lang='lat' dir='ltr'>XII,</span> <span class='ocrx_word' id='word_1_44' title='bbox 1391 887 1500 933; x_wconf 83' lang='lat' dir='ltr'>epigr.</span> 
     </span>
     <span class='ocr_line' id='line_1_11' title="bbox 823 942 1501 988; baseline -0.009 -10"><span class='ocrx_word' id='word_1_45' title='bbox 823 957 936 978; x_wconf 69' lang='lat' dir='ltr'>xnvn.</span> <span class='ocrx_word' id='word_1_46' title='bbox 957 943 1053 977; x_wconf 88' lang='lat' dir='ltr'>Vide</span> <span class='ocrx_word' id='word_1_47' title='bbox 1080 951 1117 977; x_wconf 86' lang='lat' dir='ltr'>et</span> <span class='ocrx_word' id='word_1_48' title='bbox 1152 942 1366 988; x_wconf 83' lang='lat' dir='ltr'>epigramma</span> <span class='ocrx_word' id='word_1_49' title='bbox 1404 952 1501 974; x_wconf 65' lang='lat' dir='ltr'>nvn</span> 
     </span>
    </p>
   </div>
   <div class='ocr_carea' id='block_1_8' title="bbox 824 996 1277 1043">
    <p class='ocr_par' dir='ltr' id='par_1_8' title="bbox 824 996 1277 1043">
     <span class='ocr_line' id='line_1_12' title="bbox 824 996 1277 1043; baseline -0.009 -11"><span class='ocrx_word' id='word_1_50' title='bbox 824 1010 941 1043; x_wconf 88' lang='lat' dir='ltr'>supra.</span> <span class='ocrx_word' id='word_1_51' title='bbox 960 996 1196 1031; x_wconf 87' lang='lat' dir='ltr'>Hellenismus</span> <span class='ocrx_word' id='word_1_52' title='bbox 1216 1002 1277 1028; x_wconf 88' lang='lat' dir='ltr'>est.</span> 
     </span>
    </p>
   </div>
   <div class='ocr_carea' id='block_1_9' title="bbox 630 1138 963 1196">
    <p class='ocr_par' dir='ltr' id='par_1_9' title="bbox 630 1138 963 1196">
     <span class='ocr_line' id='line_1_13' title="bbox 630 1138 963 1196; baseline 0 -2"><span class='ocrx_word' id='word_1_53' title='bbox 630 1138 963 1196; x_wconf 83' lang='lat' dir='ltr'><strong>LXXXIV.</strong></span> 
     </span>
    </p>
   </div>
   <div class='ocr_carea' id='block_1_10' title="bbox 594 1275 1003 1327">
    <p class='ocr_par' dir='ltr' id='par_1_10' title="bbox 594 1275 1003 1327">
     <span class='ocr_line' id='line_1_14' title="bbox 594 1275 1003 1327; baseline -0.005 -1"><span class='ocrx_word' id='word_1_54' title='bbox 594 1297 670 1326; x_wconf 84' lang='lat' dir='ltr'>AD</span> <span class='ocrx_word' id='word_1_55' title='bbox 717 1275 1003 1327; x_wconf 61' lang='lat' dir='ltr'>GALLAM.*</span> 
     </span>
    </p>
   </div>
   <div class='ocr_carea' id='block_1_11' title="bbox 303 1415 1118 1691">
    <p class='ocr_par' dir='ltr' id='par_1_11' title="bbox 303 1415 1118 1691">
     <span class='ocr_line' id='line_1_15' title="bbox 303 1415 1075 1479; baseline -0.003 -17"><span class='ocrx_word' id='word_1_56' title='bbox 303 1421 326 1462; x_wconf 89' lang='lat' dir='ltr'><strong>J</strong></span> <span class='ocrx_word' id='word_1_57' title='bbox 331 1434 406 1462; x_wconf 83' lang='lat' dir='ltr'>AM</span> <span class='ocrx_word' id='word_1_58' title='bbox 427 1417 561 1462; x_wconf 83' lang='lat' dir='ltr'>tristis</span> <span class='ocrx_word' id='word_1_59' title='bbox 581 1417 767 1462; x_wconf 88' lang='lat' dir='ltr'>nucibus</span> <span class='ocrx_word' id='word_1_60' title='bbox 786 1433 896 1479; x_wconf 88' lang='lat' dir='ltr'>puer</span> <span class='ocrx_word' id='word_1_61' title='bbox 916 1415 1075 1461; x_wconf 86' lang='lat' dir='ltr'>relictis</span> 
     </span>
     <span class='ocr_line' id='line_1_16' title="bbox 304 1487 1084 1549; baseline -0.005 -15"><span class='ocrx_word' id='word_1_62' title='bbox 304 1488 510 1534; x_wconf 89' lang='lat' dir='ltr'>Clamoso</span> <span class='ocrx_word' id='word_1_63' title='bbox 540 1498 773 1533; x_wconf 85' lang='lat' dir='ltr'>revocatur</span> <span class='ocrx_word' id='word_1_64' title='bbox 799 1504 824 1531; x_wconf 88' lang='lat' dir='ltr'>a</span> <span class='ocrx_word' id='word_1_65' title='bbox 847 1487 1084 1549; x_wconf 77' lang='lat' dir='ltr'>magistr03</span> 
     </span>
     <span class='ocr_line' id='line_1_17' title="bbox 304 1557 1118 1620; baseline -0.002 -17"><span class='ocrx_word' id='word_1_66' title='bbox 304 1561 362 1604; x_wconf 87' lang='lat' dir='ltr'>Et</span> <span class='ocrx_word' id='word_1_67' title='bbox 388 1558 549 1603; x_wconf 83' lang='lat' dir='ltr'>blando</span> <span class='ocrx_word' id='word_1_68' title='bbox 576 1558 689 1603; x_wconf 83' lang='lat' dir='ltr'>male</span> <span class='ocrx_word' id='word_1_69' title='bbox 718 1558 917 1620; x_wconf 87' lang='lat' dir='ltr'>proditus</span> <span class='ocrx_word' id='word_1_70' title='bbox 946 1557 1118 1613; x_wconf 77' lang='lat' dir='ltr'>fritillo,</span> 
     </span>
     <span class='ocr_line' id='line_1_18' title="bbox 304 1629 1079 1691; baseline -0.004 -17"><span class='ocrx_word' id='word_1_71' title='bbox 304 1630 478 1675; x_wconf 88' lang='lat' dir='ltr'>Arcana</span> <span class='ocrx_word' id='word_1_72' title='bbox 501 1630 634 1675; x_wconf 91' lang='lat' dir='ltr'>modo</span> <span class='ocrx_word' id='word_1_73' title='bbox 662 1639 814 1691; x_wconf 86' lang='lat' dir='ltr'>raptus</span> <span class='ocrx_word' id='word_1_74' title='bbox 844 1646 868 1673; x_wconf 82' lang='lat' dir='ltr'>e</span> <span class='ocrx_word' id='word_1_75' title='bbox 893 1629 1079 1691; x_wconf 81' lang='lat' dir='ltr'>popina,</span> 
     </span>
    </p>
   </div>
   <div class='ocr_carea' id='block_1_12' title="bbox 96 1763 780 2715">
    <p class='ocr_par' dir='ltr' id='par_1_12' title="bbox 96 1763 770 1962">
     <span class='ocr_line' id='line_1_19' title="bbox 157 1763 770 1810; baseline 0 -8"><span class='ocrx_word' id='word_1_76' title='bbox 157 1763 171 1778; x_wconf 60' lang='lat'>⁵*</span> <span class='ocrx_word' id='word_1_77' title='bbox 191 1768 361 1810; x_wconf 87' lang='lat' dir='ltr'>Queritur</span> <span class='ocrx_word' id='word_1_78' title='bbox 387 1769 438 1802; x_wconf 88' lang='lat' dir='ltr'>nil</span> <span class='ocrx_word' id='word_1_79' title='bbox 458 1769 524 1803; x_wconf 89' lang='lat' dir='ltr'>sibi</span> <span class='ocrx_word' id='word_1_80' title='bbox 545 1768 732 1803; x_wconf 85' lang='lat' dir='ltr'>xeniorum</span> <span class='ocrx_word' id='word_1_81' title='bbox 752 1781 770 1802; x_wconf 94' lang='lat' dir='ltr'>a</span> 
     </span>
     <span class='ocr_line' id='line_1_20' title="bbox 97 1821 770 1864; baseline -0.001 -8"><span class='ocrx_word' id='word_1_82' title='bbox 97 1821 196 1856; x_wconf 87' lang='lat' dir='ltr'>Galla</span> <span class='ocrx_word' id='word_1_83' title='bbox 208 1822 352 1856; x_wconf 91' lang='lat' dir='ltr'>missum</span> <span class='ocrx_word' id='word_1_84' title='bbox 367 1821 609 1856; x_wconf 87' lang='lat' dir='ltr'>Saturnalibus</span> <span class='ocrx_word' id='word_1_85' title='bbox 619 1847 628 1864; x_wconf 92' lang='lat'>‚</span> <span class='ocrx_word' id='word_1_86' title='bbox 641 1833 678 1855; x_wconf 89' lang='lat' dir='ltr'>se</span> <span class='ocrx_word' id='word_1_87' title='bbox 693 1831 770 1855; x_wconf 84' lang='lat' dir='ltr'>tan-</span> 
     </span>
     <span class='ocr_line' id='line_1_21' title="bbox 96 1874 769 1909; baseline 0.001 -2"><span class='ocrx_word' id='word_1_88' title='bbox 96 1874 254 1908; x_wconf 75' lang='lat' dir='ltr'>tumdem</span> <span class='ocrx_word' id='word_1_89' title='bbox 281 1875 390 1909; x_wconf 86' lang='lat' dir='ltr'>Gallae</span> <span class='ocrx_word' id='word_1_90' title='bbox 419 1875 647 1909; x_wconf 89' lang='lat' dir='ltr'>remissurum</span> <span class='ocrx_word' id='word_1_91' title='bbox 673 1875 769 1909; x_wconf 87' lang='lat' dir='ltr'>Mar-</span> 
     </span>
     <span class='ocr_line' id='line_1_22' title="bbox 99 1927 252 1962; baseline 0.013 -2"><span class='ocrx_word' id='word_1_92' title='bbox 99 1927 252 1962; x_wconf 83' lang='lat' dir='ltr'>tialibus.</span> 
     </span>
    </p>

    <p class='ocr_par' dir='ltr' id='par_1_13' title="bbox 96 1981 775 2450">
     <span class='ocr_line' id='line_1_23' title="bbox 154 1981 772 2015; baseline 0.002 -1"><span class='ocrx_word' id='word_1_93' title='bbox 154 1993 184 2014; x_wconf 94' lang='lat'>1.</span> <span class='ocrx_word' id='word_1_94' title='bbox 213 1981 355 2015; x_wconf 83' lang='lat' dir='ltr'>Nucibus</span> <span class='ocrx_word' id='word_1_95' title='bbox 382 1981 506 2014; x_wconf 75' lang='lat' dir='ltr'>relictis.</span> <span class='ocrx_word' id='word_1_96' title='bbox 535 1981 695 2015; x_wconf 88' lang='lat' dir='ltr'>Nucibus</span> <span class='ocrx_word' id='word_1_97' title='bbox 717 1982 772 2015; x_wconf 85' lang='lat' dir='ltr'>lu·</span> 
     </span>
     <span class='ocr_line' id='line_1_24' title="bbox 97 2033 773 2079; baseline 0.003 -13"><span class='ocrx_word' id='word_1_98' title='bbox 97 2033 180 2066; x_wconf 90' lang='lat' dir='ltr'>dere</span> <span class='ocrx_word' id='word_1_99' title='bbox 195 2035 354 2068; x_wconf 84' lang='lat' dir='ltr'>solebant</span> <span class='ocrx_word' id='word_1_100' title='bbox 368 2035 472 2079; x_wconf 89' lang='lat' dir='ltr'>pueri</span> <span class='ocrx_word' id='word_1_101' title='bbox 488 2035 638 2068; x_wconf 84' lang='lat' dir='ltr'>Romani</span> <span class='ocrx_word' id='word_1_102' title='bbox 654 2034 773 2068; x_wconf 87' lang='lat' dir='ltr'>Satur·</span> 
     </span>
     <span class='ocr_line' id='line_1_25' title="bbox 96 2086 775 2134; baseline 0.003 -15"><span class='ocrx_word' id='word_1_103' title='bbox 96 2086 230 2120; x_wconf 83' lang='lat' dir='ltr'>nalium</span> <span class='ocrx_word' id='word_1_104' title='bbox 264 2096 421 2134; x_wconf 88' lang='lat' dir='ltr'>tempore</span> <span class='ocrx_word' id='word_1_105' title='bbox 440 2113 450 2128; x_wconf 92' lang='lat'><strong>,</strong></span> <span class='ocrx_word' id='word_1_106' title='bbox 486 2100 609 2121; x_wconf 86' lang='lat' dir='ltr'>mense</span> <span class='ocrx_word' id='word_1_107' title='bbox 642 2087 775 2121; x_wconf 85' lang='lat' dir='ltr'>seilicet</span> 
     </span>
     <span class='ocr_line' id='line_1_26' title="bbox 98 2139 773 2186; baseline 0.003 -14"><span class='ocrx_word' id='word_1_108' title='bbox 98 2140 304 2181; x_wconf 89' lang='lat' dir='ltr'>Decembri,</span> <span class='ocrx_word' id='word_1_109' title='bbox 324 2153 395 2186; x_wconf 88' lang='lat' dir='ltr'>quo</span> <span class='ocrx_word' id='word_1_110' title='bbox 412 2142 584 2174; x_wconf 86' lang='lat' dir='ltr'>vacabant</span> <span class='ocrx_word' id='word_1_111' title='bbox 604 2154 624 2174; x_wconf 87' lang='lat' dir='ltr'>a</span> <span class='ocrx_word' id='word_1_112' title='bbox 641 2139 773 2174; x_wconf 86' lang='lat' dir='ltr'>studio.</span> 
     </span>
     <span class='ocr_line' id='line_1_27' title="bbox 99 2192 774 2239; baseline 0.003 -14"><span class='ocrx_word' id='word_1_113' title='bbox 99 2192 264 2239; x_wconf 89' lang='lat' dir='ltr'>Quinque</span> <span class='ocrx_word' id='word_1_114' title='bbox 276 2205 361 2226; x_wconf 87' lang='lat' dir='ltr'>vero</span> <span class='ocrx_word' id='word_1_115' title='bbox 375 2201 475 2227; x_wconf 86' lang='lat' dir='ltr'>erant</span> <span class='ocrx_word' id='word_1_116' title='bbox 488 2193 636 2239; x_wconf 86' lang='lat' dir='ltr'>legitimi</span> <span class='ocrx_word' id='word_1_117' title='bbox 652 2194 774 2228; x_wconf 87' lang='lat' dir='ltr'>Satur-</span> 
     </span>
     <span class='ocr_line' id='line_1_28' title="bbox 97 2243 773 2293; baseline 0.004 -15"><span class='ocrx_word' id='word_1_118' title='bbox 97 2245 231 2279; x_wconf 89' lang='lat' dir='ltr'>nalium</span> <span class='ocrx_word' id='word_1_119' title='bbox 248 2245 322 2280; x_wconf 87' lang='lat' dir='ltr'>dies</span> <span class='ocrx_word' id='word_1_120' title='bbox 343 2243 420 2286; x_wconf 86' lang='lat' dir='ltr'>(lib.</span> <span class='ocrx_word' id='word_1_121' title='bbox 439 2247 530 2288; x_wconf 74' lang='lat' dir='ltr'><strong>VII,</strong></span> <span class='ocrx_word' id='word_1_122' title='bbox 551 2247 661 2293; x_wconf 86' lang='lat' dir='ltr'>epigr.</span> <span class='ocrx_word' id='word_1_123' title='bbox 680 2260 751 2281; x_wconf 86' lang='lat' dir='ltr'><strong>LIII</strong></span> <span class='ocrx_word' id='word_1_124' title='bbox 763 2273 773 2289; x_wconf 92' lang='lat'>,</span> 
     </span>
     <span class='ocr_line' id='line_1_29' title="bbox 98 2299 774 2346; baseline 0.006 -16"><span class='ocrx_word' id='word_1_125' title='bbox 98 2305 132 2331; x_wconf 85' lang='lat' dir='ltr'>et</span> <span class='ocrx_word' id='word_1_126' title='bbox 156 2299 217 2332; x_wconf 87' lang='lat' dir='ltr'>lib.</span> <span class='ocrx_word' id='word_1_127' title='bbox 239 2300 304 2341; x_wconf 88' lang='lat' dir='ltr'>IV,</span> <span class='ocrx_word' id='word_1_128' title='bbox 325 2300 435 2345; x_wconf 86' lang='lat' dir='ltr'>epigr.</span> <span class='ocrx_word' id='word_1_129' title='bbox 455 2300 619 2341; x_wconf 71' lang='lat' dir='ltr'>Lxxxw.)</span> <span class='ocrx_word' id='word_1_130' title='bbox 642 2300 774 2346; x_wconf 87' lang='lat' dir='ltr'>quibus</span> 
     </span>
     <span class='ocr_line' id='line_1_30' title="bbox 98 2350 772 2387; baseline 0.006 -4"><span class='ocrx_word' id='word_1_131' title='bbox 98 2351 207 2385; x_wconf 89' lang='lat' dir='ltr'>finitis</span> <span class='ocrx_word' id='word_1_132' title='bbox 240 2350 284 2385; x_wconf 84' lang='lat' dir='ltr'>ad</span> <span class='ocrx_word' id='word_1_133' title='bbox 315 2352 474 2386; x_wconf 78' lang='lat' dir='ltr'>studjum</span> <span class='ocrx_word' id='word_1_134' title='bbox 504 2353 772 2387; x_wconf 86' lang='lat' dir='ltr'>revocabantur.</span> 
     </span>
     <span class='ocr_line' id='line_1_31' title="bbox 98 2404 481 2450; baseline 0.005 -14"><span class='ocrx_word' id='word_1_135' title='bbox 98 2404 192 2436; x_wconf 88' lang='lat' dir='ltr'>Plin.</span> <span class='ocrx_word' id='word_1_136' title='bbox 211 2404 311 2449; x_wconf 88' lang='lat' dir='ltr'>epist.</span> <span class='ocrx_word' id='word_1_137' title='bbox 333 2417 402 2438; x_wconf 74' lang='lat' dir='ltr'>vul</span> <span class='ocrx_word' id='word_1_138' title='bbox 415 2431 425 2447; x_wconf 91' lang='lat'>‚</span> <span class='ocrx_word' id='word_1_139' title='bbox 448 2418 481 2450; x_wconf 92' lang='lat'>7.</span> 
     </span>
    </p>

    <p class='ocr_par' dir='ltr' id='par_1_14' title="bbox 101 2458 780 2649">
     <span class='ocr_line' id='line_1_32' title="bbox 155 2458 774 2493; baseline 0.005 -3"><span class='ocrx_word' id='word_1_140' title='bbox 155 2470 172 2490; x_wconf 81' lang='lat'><strong>2</strong></span> <span class='ocrx_word' id='word_1_141' title='bbox 183 2482 190 2488; x_wconf 93' lang='lat'>.</span> <span class='ocrx_word' id='word_1_142' title='bbox 203 2458 391 2492; x_wconf 69' lang='lat' dir='ltr'>Revocatur.</span> <span class='ocrx_word' id='word_1_143' title='bbox 405 2460 448 2490; x_wconf 92' lang='lat' dir='ltr'>In</span> <span class='ocrx_word' id='word_1_144' title='bbox 463 2458 616 2492; x_wconf 86' lang='lat' dir='ltr'>scholam</span> <span class='ocrx_word' id='word_1_145' title='bbox 632 2458 774 2493; x_wconf 81' lang='lat' dir='ltr'>scilicet.</span> 
     </span>
     <span class='ocr_line' id='line_1_33' title="bbox 101 2509 776 2555; baseline 0.004 -13"><span class='ocrx_word' id='word_1_146' title='bbox 101 2510 261 2555; x_wconf 85' lang='lat' dir='ltr'>Namque</span> <span class='ocrx_word' id='word_1_147' title='bbox 278 2509 519 2544; x_wconf 85' lang='lat' dir='ltr'>Saturnalibus</span> <span class='ocrx_word' id='word_1_148' title='bbox 539 2512 776 2553; x_wconf 84' lang='lat' dir='ltr'>ferventibus,</span> 
     </span>
     <span class='ocr_line' id='line_1_34' title="bbox 101 2563 780 2610; baseline 0.003 -14"><span class='ocrx_word' id='word_1_149' title='bbox 101 2563 278 2596; x_wconf 85' lang='lat' dir='ltr'>cessabant</span> <span class='ocrx_word' id='word_1_150' title='bbox 298 2563 426 2599; x_wconf 78' lang='lat' dir='ltr'>scholae</span> <span class='ocrx_word' id='word_1_151' title='bbox 447 2576 455 2597; x_wconf 93' lang='lat'>:</span> <span class='ocrx_word' id='word_1_152' title='bbox 479 2565 624 2606; x_wconf 80' lang='lat' dir='ltr'>exactis,</span> <span class='ocrx_word' id='word_1_153' title='bbox 648 2565 780 2610; x_wconf 83' lang='lat' dir='ltr'>aperie·</span> 
     </span>
     <span class='ocr_line' id='line_1_35' title="bbox 103 2616 240 2649; baseline 0.007 -1"><span class='ocrx_word' id='word_1_154' title='bbox 103 2616 240 2649; x_wconf 85' lang='lat' dir='ltr'>bantur.</span> 
     </span>
    </p>

    <p class='ocr_par' dir='ltr' id='par_1_15' title="bbox 160 2667 777 2715">
     <span class='ocr_line' id='line_1_36' title="bbox 160 2667 777 2715; baseline 0.005 -14"><span class='ocrx_word' id='word_1_155' title='bbox 160 2667 192 2702; x_wconf 81' lang='lat'>3.</span> <span class='ocrx_word' id='word_1_156' title='bbox 210 2670 257 2702; x_wconf 85' lang='lat' dir='ltr'>Et</span> <span class='ocrx_word' id='word_1_157' title='bbox 272 2669 388 2703; x_wconf 81' lang='lat' dir='ltr'>blando</span> <span class='ocrx_word' id='word_1_158' title='bbox 403 2671 482 2703; x_wconf 75' lang='lat' dir='ltr'>male</span> <span class='ocrx_word' id='word_1_159' title='bbox 492 2672 633 2715; x_wconf 74' lang='lat' dir='ltr'>perditus</span> <span class='ocrx_word' id='word_1_160' title='bbox 650 2672 685 2704; x_wconf 85' lang='lat' dir='ltr'>in</span> <span class='ocrx_word' id='word_1_161' title='bbox 700 2670 777 2704; x_wconf 71' lang='lat' dir='ltr'>cdd.</span> 
     </span>
    </p>
   </div>
   <div class='ocr_carea' id='block_1_13' title="bbox 830 1766 1515 2711">
    <p class='ocr_par' dir='ltr' id='par_1_16' title="bbox 830 1766 1515 2660">
     <span class='ocr_line' id='line_1_37' title="bbox 830 1766 1505 1812; baseline -0.006 -9"><span class='ocrx_word' id='word_1_162' title='bbox 830 1776 915 1802; x_wconf 87' lang='lat' dir='ltr'>vett.</span> <span class='ocrx_word' id='word_1_163' title='bbox 931 1769 980 1801; x_wconf 90' lang='lat' dir='ltr'>Et</span> <span class='ocrx_word' id='word_1_164' title='bbox 995 1768 1112 1800; x_wconf 81' lang='lat' dir='ltr'>blando</span> <span class='ocrx_word' id='word_1_165' title='bbox 1130 1768 1210 1800; x_wconf 77' lang='lat' dir='ltr'>mule</span> <span class='ocrx_word' id='word_1_166' title='bbox 1218 1768 1364 1812; x_wconf 74' lang='lat' dir='ltr'>protinus</span> <span class='ocrx_word' id='word_1_167' title='bbox 1378 1766 1505 1799; x_wconf 74' lang='lat' dir='ltr'>Bever=</span> 
     </span>
     <span class='ocr_line' id='line_1_38' title="bbox 830 1819 1504 1855; baseline -0.006 0"><span class='ocrx_word' id='word_1_168' title='bbox 830 1820 926 1855; x_wconf 85' lang='lat' dir='ltr'>landi</span> <span class='ocrx_word' id='word_1_169' title='bbox 934 1820 1099 1855; x_wconf 81' lang='lat' dir='ltr'>MS.-—E</span> <span class='ocrx_word' id='word_1_170' title='bbox 1102 1829 1115 1852; x_wconf 90' lang='lat' dir='ltr'>t</span> <span class='ocrx_word' id='word_1_171' title='bbox 1126 1820 1252 1854; x_wconf 80' lang='lat' dir='ltr'>blando.</span> <span class='ocrx_word' id='word_1_172' title='bbox 1268 1819 1393 1853; x_wconf 79' lang='lat' dir='ltr'>saturn</span> <span class='ocrx_word' id='word_1_173' title='bbox 1400 1819 1504 1852; x_wconf 87' lang='lat' dir='ltr'>alium</span> 
     </span>
     <span class='ocr_line' id='line_1_39' title="bbox 831 1873 1508 1919; baseline -0.006 -11"><span class='ocrx_word' id='word_1_174' title='bbox 831 1883 991 1919; x_wconf 83' lang='lat' dir='ltr'>tempore</span> <span class='ocrx_word' id='word_1_175' title='bbox 1009 1886 1212 1908; x_wconf 89' lang='lat' dir='ltr'>concessum</span> <span class='ocrx_word' id='word_1_176' title='bbox 1229 1881 1303 1906; x_wconf 86' lang='lat' dir='ltr'>erat</span> <span class='ocrx_word' id='word_1_177' title='bbox 1317 1873 1508 1917; x_wconf 77' lang='lat' dir='ltr'>juvenibus</span> 
     </span>
     <span class='ocr_line' id='line_1_40' title="bbox 831 1925 1505 1973; baseline -0.006 -13"><span class='ocrx_word' id='word_1_178' title='bbox 831 1927 988 1973; x_wconf 83' lang='lat' dir='ltr'>virisque</span> <span class='ocrx_word' id='word_1_179' title='bbox 1010 1927 1082 1960; x_wconf 87' lang='lat' dir='ltr'>alea</span> <span class='ocrx_word' id='word_1_180' title='bbox 1105 1925 1248 1967; x_wconf 85' lang='lat' dir='ltr'>ludere;</span> <span class='ocrx_word' id='word_1_181' title='bbox 1268 1925 1419 1959; x_wconf 78' lang='lat' dir='ltr'>Martial.</span> <span class='ocrx_word' id='word_1_182' title='bbox 1446 1925 1505 1957; x_wconf 85' lang='lat' dir='ltr'>lib.</span> 
     </span>
     <span class='ocr_line' id='line_1_41' title="bbox 835 1978 1510 2014; baseline -0.006 -1"><span class='ocrx_word' id='word_1_183' title='bbox 835 1981 925 2013; x_wconf 93' lang='lat' dir='ltr'><strong>XIII</strong></span> <span class='ocrx_word' id='word_1_184' title='bbox 945 1992 953 2013; x_wconf 92' lang='lat'>:</span> <span class='ocrx_word' id='word_1_185' title='bbox 985 1980 1080 2014; x_wconf 73' lang='lat' dir='ltr'>«Nec</span> <span class='ocrx_word' id='word_1_186' title='bbox 1106 1980 1206 2013; x_wconf 87' lang='lat' dir='ltr'>timet</span> <span class='ocrx_word' id='word_1_187' title='bbox 1234 1978 1386 2012; x_wconf 86' lang='lat' dir='ltr'>AEdilem</span> <span class='ocrx_word' id='word_1_188' title='bbox 1413 1986 1510 2010; x_wconf 80' lang='lat' dir='ltr'>moto</span> 
     </span>
     <span class='ocr_line' id='line_1_42' title="bbox 834 2031 1507 2079; baseline -0.007 -12"><span class='ocrx_word' id='word_1_189' title='bbox 834 2041 991 2079; x_wconf 87' lang='lat' dir='ltr'>spectare</span> <span class='ocrx_word' id='word_1_190' title='bbox 1002 2033 1135 2067; x_wconf 87' lang='lat' dir='ltr'>fritillo.</span> <span class='ocrx_word' id='word_1_191' title='bbox 1145 2051 1158 2062; x_wconf 74' lang='grc' dir='ltr'>ι-</span> <span class='ocrx_word' id='word_1_192' title='bbox 1167 2032 1408 2067; x_wconf 87' lang='lat' dir='ltr'>Saturnalibus</span> <span class='ocrx_word' id='word_1_193' title='bbox 1417 2031 1507 2064; x_wconf 86' lang='lat' dir='ltr'>enim</span> 
     </span>
     <span class='ocr_line' id='line_1_43' title="bbox 833 2084 1512 2120; baseline -0.006 0"><span class='ocrx_word' id='word_1_194' title='bbox 833 2087 951 2120; x_wconf 83' lang='lat' dir='ltr'>forum</span> <span class='ocrx_word' id='word_1_195' title='bbox 966 2086 1173 2120; x_wconf 82' lang='lat' dir='ltr'>aleatorium</span> <span class='ocrx_word' id='word_1_196' title='bbox 1190 2086 1451 2120; x_wconf 84' lang='lat' dir='ltr'>calefaciebant.</span> <span class='ocrx_word' id='word_1_197' title='bbox 1466 2084 1512 2116; x_wconf 91' lang='lat' dir='ltr'>At</span> 
     </span>
     <span class='ocr_line' id='line_1_44' title="bbox 833 2136 1511 2186; baseline -0.006 -13"><span class='ocrx_word' id='word_1_198' title='bbox 833 2140 1018 2186; x_wconf 85' lang='lat' dir='ltr'>praeteritis</span> <span class='ocrx_word' id='word_1_199' title='bbox 1041 2139 1283 2173; x_wconf 88' lang='lat' dir='ltr'>Saturnalibus</span> <span class='ocrx_word' id='word_1_200' title='bbox 1303 2138 1331 2171; x_wconf 89' lang='lat' dir='ltr'>si</span> <span class='ocrx_word' id='word_1_201' title='bbox 1351 2136 1511 2170; x_wconf 86' lang='lat' dir='ltr'>ludentes</span> 
     </span>
     <span class='ocr_line' id='line_1_45' title="bbox 833 2190 1511 2239; baseline -0.006 -13"><span class='ocrx_word' id='word_1_202' title='bbox 833 2192 1186 2239; x_wconf 85' lang='lat' dir='ltr'>deprehenderentur</span> <span class='ocrx_word' id='word_1_203' title='bbox 1202 2193 1244 2225; x_wconf 84' lang='lat' dir='ltr'>ab</span> <span class='ocrx_word' id='word_1_204' title='bbox 1260 2190 1386 2232; x_wconf 80' lang='lat' dir='ltr'>AEdssi,</span> <span class='ocrx_word' id='word_1_205' title='bbox 1401 2190 1511 2235; x_wconf 85' lang='lat' dir='ltr'>magi-</span> 
     </span>
     <span class='ocr_line' id='line_1_46' title="bbox 833 2243 1511 2292; baseline -0.007 -12"><span class='ocrx_word' id='word_1_206' title='bbox 833 2254 943 2280; x_wconf 91' lang='lat' dir='ltr'>stratu</span> <span class='ocrx_word' id='word_1_207' title='bbox 955 2257 1083 2292; x_wconf 88' lang='lat' dir='ltr'>nempe</span> <span class='ocrx_word' id='word_1_208' title='bbox 1102 2245 1159 2278; x_wconf 94' lang='lat' dir='ltr'>cui</span> <span class='ocrx_word' id='word_1_209' title='bbox 1176 2243 1213 2278; x_wconf 92' lang='lat' dir='ltr'>id</span> <span class='ocrx_word' id='word_1_210' title='bbox 1228 2256 1318 2278; x_wconf 86' lang='lat' dir='ltr'>curae</span> <span class='ocrx_word' id='word_1_211' title='bbox 1335 2251 1426 2284; x_wconf 88' lang='lat' dir='ltr'>erat,</span> <span class='ocrx_word' id='word_1_212' title='bbox 1442 2256 1511 2288; x_wconf 90' lang='lat' dir='ltr'>pu-</span> 
     </span>
     <span class='ocr_line' id='line_1_47' title="bbox 833 2296 1511 2343; baseline -0.007 -10"><span class='ocrx_word' id='word_1_213' title='bbox 833 2299 1022 2333; x_wconf 85' lang='lat' dir='ltr'>niebantur</span> <span class='ocrx_word' id='word_1_214' title='bbox 1034 2326 1041 2332; x_wconf 90' lang='lat'>.</span> <span class='ocrx_word' id='word_1_215' title='bbox 1071 2298 1227 2332; x_wconf 84' lang='lat' dir='ltr'>Fritillus</span> <span class='ocrx_word' id='word_1_216' title='bbox 1239 2323 1249 2339; x_wconf 88' lang='lat'>‚</span> <span class='ocrx_word' id='word_1_217' title='bbox 1277 2309 1410 2343; x_wconf 75' lang='lat' dir='ltr'>pyrgus</span> <span class='ocrx_word' id='word_1_218' title='bbox 1438 2296 1511 2329; x_wconf 79' lang='lat' dir='ltr'>sive</span> 
     </span>
     <span class='ocr_line' id='line_1_48' title="bbox 834 2349 1513 2396; baseline -0.006 -10"><span class='ocrx_word' id='word_1_219' title='bbox 834 2353 1002 2386; x_wconf 89' lang='lat' dir='ltr'>turricula</span> <span class='ocrx_word' id='word_1_220' title='bbox 1026 2359 1098 2392; x_wconf 81' lang='lat' dir='ltr'>est,</span> <span class='ocrx_word' id='word_1_221' title='bbox 1119 2364 1161 2384; x_wconf 83' lang='lat' dir='ltr'>ex</span> <span class='ocrx_word' id='word_1_222' title='bbox 1189 2363 1257 2396; x_wconf 91' lang='lat' dir='ltr'>qua</span> <span class='ocrx_word' id='word_1_223' title='bbox 1284 2349 1513 2383; x_wconf 84' lang='lat' dir='ltr'>mittebantur</span> 
     </span>
     <span class='ocr_line' id='line_1_49' title="bbox 834 2403 1510 2440; baseline -0.007 -1"><span class='ocrx_word' id='word_1_224' title='bbox 834 2414 969 2440; x_wconf 86' lang='lat' dir='ltr'>tesserae</span> <span class='ocrx_word' id='word_1_225' title='bbox 999 2405 1035 2438; x_wconf 89' lang='lat' dir='ltr'>in</span> <span class='ocrx_word' id='word_1_226' title='bbox 1069 2404 1220 2438; x_wconf 85' lang='lat' dir='ltr'>tabulam</span> <span class='ocrx_word' id='word_1_227' title='bbox 1250 2403 1429 2437; x_wconf 89' lang='lat' dir='ltr'>lusoriam.</span> <span class='ocrx_word' id='word_1_228' title='bbox 1458 2423 1510 2429; x_wconf 88' lang='lat'>—</span> 
     </span>
     <span class='ocr_line' id='line_1_50' title="bbox 835 2455 1511 2501; baseline -0.004 -10"><span class='ocrx_word' id='word_1_229' title='bbox 835 2459 1000 2492; x_wconf 81' lang='lat' dir='ltr'>Proditus.</span> <span class='ocrx_word' id='word_1_230' title='bbox 1018 2458 1049 2490; x_wconf 92' lang='lat' dir='ltr'><strong>A</strong></span> <span class='ocrx_word' id='word_1_231' title='bbox 1068 2457 1171 2491; x_wconf 81' lang='lat' dir='ltr'>rotati</span> <span class='ocrx_word' id='word_1_232' title='bbox 1195 2456 1423 2501; x_wconf 87' lang='lat' dir='ltr'>concussique</span> <span class='ocrx_word' id='word_1_233' title='bbox 1450 2455 1511 2488; x_wconf 86' lang='lat' dir='ltr'>fri-</span> 
     </span>
     <span class='ocr_line' id='line_1_51' title="bbox 837 2508 1515 2555; baseline -0.007 -10"><span class='ocrx_word' id='word_1_234' title='bbox 837 2511 902 2545; x_wconf 87' lang='lat' dir='ltr'>tilli</span> <span class='ocrx_word' id='word_1_235' title='bbox 924 2524 1010 2545; x_wconf 87' lang='lat' dir='ltr'>sono</span> <span class='ocrx_word' id='word_1_236' title='bbox 1030 2509 1193 2555; x_wconf 88' lang='lat' dir='ltr'>proditus</span> <span class='ocrx_word' id='word_1_237' title='bbox 1206 2508 1312 2542; x_wconf 81' lang='lat' dir='ltr'>AEdili</span> <span class='ocrx_word' id='word_1_238' title='bbox 1327 2521 1450 2554; x_wconf 85' lang='lat' dir='ltr'>ganeas</span> <span class='ocrx_word' id='word_1_239' title='bbox 1464 2509 1515 2541; x_wconf 82' lang='lat' dir='ltr'>in-</span> 
     </span>
     <span class='ocr_line' id='line_1_52' title="bbox 839 2561 1500 2610; baseline -0.006 -13"><span class='ocrx_word' id='word_1_240' title='bbox 839 2564 1005 2610; x_wconf 82' lang='lat' dir='ltr'>quirenti.</span> <span class='ocrx_word' id='word_1_241' title='bbox 1016 2587 1065 2593; x_wconf 90' lang='lat'><strong>—</strong></span> <span class='ocrx_word' id='word_1_242' title='bbox 1076 2564 1219 2598; x_wconf 71' lang='lat' dir='ltr'>Frin&#39;llo.</span> <span class='ocrx_word' id='word_1_243' title='bbox 1233 2563 1310 2596; x_wconf 91' lang='lat' dir='ltr'>Lib.</span> <span class='ocrx_word' id='word_1_244' title='bbox 1324 2562 1390 2602; x_wconf 85' lang='lat' dir='ltr'>IV,</span> <span class='ocrx_word' id='word_1_245' title='bbox 1402 2561 1500 2607; x_wconf 77' lang='lat' dir='ltr'>epigr</span> 
     </span>
     <span class='ocr_line' id='line_1_53' title="bbox 841 2619 1029 2660; baseline -0.005 -9"><span class='ocrx_word' id='word_1_246' title='bbox 841 2630 913 2660; x_wconf 73' lang='lat' dir='ltr'>XIV,</span> <span class='ocrx_word' id='word_1_247' title='bbox 928 2631 975 2651; x_wconf 88' lang='lat' dir='ltr'>vs.</span> <span class='ocrx_word' id='word_1_248' title='bbox 994 2619 1029 2651; x_wconf 90' lang='lat'>8.</span> 
     </span>
    </p>

    <p class='ocr_par' dir='ltr' id='par_1_17' title="bbox 897 2667 1511 2711">
     <span class='ocr_line' id='line_1_54' title="bbox 897 2667 1511 2711; baseline -0.013 -5"><span class='ocrx_word' id='word_1_249' title='bbox 897 2676 930 2711; x_wconf 67' lang='grc'>4.</span> <span class='ocrx_word' id='word_1_250' title='bbox 951 2671 1082 2706; x_wconf 73' lang='grc' dir='ltr'><em>Λνοαηα</em></span> <span class='ocrx_word' id='word_1_251' title='bbox 1105 2670 1208 2707; x_wconf 79' lang='lat' dir='ltr'>mado,</span> <span class='ocrx_word' id='word_1_252' title='bbox 1233 2677 1295 2703; x_wconf 83' lang='lat' dir='ltr'>etc.</span> <span class='ocrx_word' id='word_1_253' title='bbox 1321 2668 1438 2702; x_wconf 84' lang='lat' dir='ltr'>Palam</span> <span class='ocrx_word' id='word_1_254' title='bbox 1458 2667 1511 2699; x_wconf 86' lang='lat' dir='ltr'>lu-</span> 
     </span>
    </p>
   </div>
  </div>
 </body>
</html>
