1978 3305
484 240 584 286 206

864 242 925 285 M.
950 243 1089 286 VAL.
1128 242 1517 287 MARTIALIS

625 327 709 373 Sed
740 328 843 390 quid
872 344 995 389 agas,
1027 327 1081 372 ad
1106 344 1176 373 me
1205 329 1414 390 pertinet,
1437 329 1545 386 Ole,
1570 329 1688 375 nihil.

542 453 596 485 16.
619 451 686 485 Sed
703 451 780 497 quid
797 463 895 495 agas,
916 459 981 485 etc.
1005 450 1074 485 Sed
1093 464 1154 485 ne-

486 517 557 549 que
583 516 646 549 ego
672 504 707 536 in
736 503 846 537 aliena
872 516 948 549 rep.
977 503 1155 546 curiosus,

486 569 598 602 neque
620 564 660 590 tu
684 564 745 590 aut
766 564 826 590 tua
847 556 946 591 tanti.
966 578 1016 584 —
1040 557 1157 592 Poetae

1214 452 1366 497 objicere
1384 460 1522 497 poterat
1538 453 1626 486 Olus
1645 465 1654 487 :
1676 452 1772 495 Quid
1791 463 1828 487 tu
1840 480 1849 494 ‚
1868 467 1890 487 o

1214 504 1405 546 Martialis,
1425 505 1549 550 satagis
1569 518 1686 540 rerum
1707 507 1890 540 mearum?

1216 557 1444 604 Quapropter
1460 558 1562 592 illum
1581 567 1731 605 occupat
1745 559 1861 594 Poeta.

1129 692 1240 749 XI.

857 850 924 878 An
961 850 1151 879 AULUM
1189 830 1528 880 1>ῐ]1)1«ῑ11·’11ῑ11,1.”ι

699 975 845 1018 Coms
873 989 943 1016 me
970 972 1138 1017 calamo
1165 988 1384 1034 manuque
1410 983 1558 1018 nostra

697 1043 943 1088 Emendare
962 1059 1104 1099 meos,
1124 1042 1320 1098 Pudens,
1341 1041 1520 1088 libellos.

697 1116 739 1158 Ο
760 1130 890 1175 quam
913 1129 984 1158 me
1002 1113 1184 1158 nimium
1205 1113 1387 1174 probas,
1407 1131 1634 1175 amasque‚

700 1185 789 1242 Qui
811 1185 876 1228 vis
896 1184 1154 1245 archetypas
1177 1183 1339 1228 hahere
1359 1182 1518 1246 nugas!

544 1319 628 1357 *Ad
647 1323 819 1356 Pudentem
843 1323 1024 1369 inscriptio
1052 1331 1103 1357 est
1126 1323 1162 1356 in

490 1376 568 1410 Ald.
591 1377 612 1409 J
616 1384 688 1410 unt.
710 1375 824 1410 Colin.
841 1376 980 1423 Gryph.
1002 1376 1161 1410 Pulman.

491 1430 603 1463 Plant.
623 1429 765 1462 Junian.
784 1430 892 1475 Lang.
911 1437 977 1462 etc.

548 1495 578 1515 1.
607 1481 704 1527 Cogis
735 1495 792 1516 me.
823 1484 875 1515 De
905 1480 1065 1515 Pudente
1091 1482 1163 1527 jam

492 1534 624 1569 dictum
640 1536 703 1569 lib.
722 1536 756 1576 I,
777 1535 887 1581 epigr.
904 1547 1015 1569 xxxn.
1037 1534 1163 1568 Nescio

493 1601 535 1622 an
560 1588 618 1621 hic
639 1587 734 1621 idem
758 1588 802 1622 sit
822 1601 830 1622 :
853 1596 934 1621 utut
958 1596 1027 1630 est,
1049 1588 1164 1621 Poetae

492 1649 565 1675 erat
584 1641 823 1680 amicissimus,
849 1641 909 1687 qui
929 1640 966 1674 in
986 1640 1165 1674 memoriae

493 1694 595 1727 simul
617 1702 651 1727 et
674 1693 833 1728 amicitiae
855 1702 1101 1739 argumentum
1123 1694 1165 1727 ab

493 1747 553 1781 illo
568 1755 701 1792 peteret
712 1760 831 1781 versus
844 1747 988 1793 propria
1004 1748 1077 1791 ejus
1092 1759 1166 1780 ma-

1222 1336 1272 1356 nu
1299 1323 1446 1370 scriptos
1477 1332 1512 1357 et
1546 1323 1746 1358 emendatos
1763 1350 1773 1366 ‚
1808 1335 1896 1371 quos

1223 1376 1392 1410 Martialis
1423 1384 1525 1411 vocat
1556 1377 1739 1424 archetypas
1772 1389 1873 1422 nugas
1887 1402 1898 1418 ,

1222 1429 1378 1475 primum
1398 1430 1587 1475 exemplar.
1608 1430 1649 1462 In
1671 1442 1798 1475 magno
1815 1443 1897 1476 pre-

1222 1483 1273 1516 tio
1289 1483 1400 1516 solent
1420 1482 1541 1516 haberi
1559 1491 1785 1517 monumenta
1804 1483 1897 1528 ipso-

1222 1547 1301 1568 rum
1319 1544 1505 1569 auctorum
1525 1535 1734 1581 Archetypa.

1277 1587 1310 1621 3.
1323 1588 1463 1622 Nimium
1471 1588 1600 1633 probas.
1615 1589 1705 1622 Nam
1717 1587 1746 1621 si
1759 1587 1796 1621 111
1811 1587 1898 1621 meis

1223 1641 1382 1674 versibus
1400 1641 1517 1687 aliqua
1537 1641 1671 1675 fuerint
1691 1639 1838 1682 menda,
1861 1641 1898 1674 in

1224 1693 1410 1727 librarium
1445 1694 1583 1740 culpam
1610 1694 1755 1741 rejicere
1786 1692 1898 1727 haud-

1228 1759 1401 1792 quaquam
1421 1755 1557 1793 potero.

1119 1884 1267 1940 XII.

971 2039 1035 2067 AD
1075 2018 1431 2069 mnsrnvnmf

566 2167 642 2210 Sic
665 2181 734 2208 me
757 2164 900 2208 fronte
920 2162 1036 2224 legat
1055 2162 1276 2217 dominus,
1297 2166 1330 2207 F
1332 2165 1523 2219 austum,
1544 2179 1716 2213 serena,

637 2236 921 2296 Excipiatque
942 2250 1084 2288 meos,
1107 2250 1190 2295 qua
1212 2233 1320 2279 solet
1342 2250 1469 2287 aure,
1488 2234 1634 2294 jocos;

551 2370 565 2382 ⁹
579 2372 820 2406 Clancularius
838 2379 943 2417 poeta
955 2396 964 2411 ,
983 2379 1021 2404 ut
1040 2371 1170 2404 Nostro

497 2427 689 2473 pericnlum
706 2433 854 2465 crearet,
869 2425 996 2458 famosa
1013 2422 1170 2470 quaedam

499 2481 650 2513 carmina
664 2478 831 2512 Martialis
845 2478 986 2511 nomine
1002 2476 1171 2511 ediderat.

498 2534 597 2566 Jurat
628 2533 732 2565 Porta
762 2531 849 2564 nihil
877 2543 894 2563 a
921 2544 956 2564 se
982 2531 1169 2576 scriptum,

500 2585 597 2632 quod
621 2585 782 2631 cuiqnam
809 2585 974 2618 ruborem
1001 2583 1173 2621 adferret.

502 2648 557 2672 aut
578 2647 694 2671 notam
719 2638 882 2671 inureret.
903 2637 1016 2670 Rttclcr.

1287 2385 1316 2405 1.
1348 2371 1401 2405 Sic
1428 2384 1473 2404 mc
1495 2373 1615 2415 fronte.
1643 2372 1717 2405 Hoc
1745 2380 1819 2414 est,
1844 2371 1901 2406 Sic

1229 2437 1284 2457 me
1297 2425 1385 2470 legat
1399 2433 1433 2457 ot
1446 2434 1535 2458 amet
1547 2424 1783 2466 Domitianus,
1796 2437 1901 2471 quem

1231 2479 1378 2511 maxime
1390 2478 1555 2512 lectorem
1568 2478 1671 2511 velim
1687 2504 1695 2518 ,
1711 2486 1748 2511 nt
1761 2490 1823 2523 ego
1840 2491 1901 2511 111(-

1231 2530 1320 2564 laedo
1339 2543 1425 2577 quos
1443 2531 1546 2564 etiam
1561 2533 1639 2576 jure
1658 2530 1729 2564 odi.

1290 2596 1322 2616 2.
1346 2584 1418 2628 Qua
1441 2585 1518 2616 sole!
1535 2597 1630 2622 (πηνα
1651 2583 1685 2616 1(1
1705 2592 1756 2617 est
1769 2610 1777 2619 .
1801 2583 1899 2618 solita

1234 2637 1447 2682 benignitate
1465 2646 1499 2670 ct
1518 2635 1742 2681 indulgentia.
1761 2637 1826 2670 En.
