1978 3305
470 229 567 288 274

844 223 904 265 M.
932 221 1072 265 VAL.
1112 219 1500 265 MARTIALIS

536 313 738 359 Delectat
761 311 952 354 Marium
979 309 1013 352 si
1035 307 1304 369 perniciosus
1324 307 1614 363 ichneumon3

609 384 710 427 Pica
734 380 961 425 salutatrix
984 379 1018 422 si
1043 378 1143 428 tibi,
1172 379 1338 431 Lause,
1365 376 1530 439 placet3

537 455 581 498 Si
609 451 799 513 gelidum
826 447 938 493 collo
961 449 1097 492 nectit
1117 446 1302 492 Glacilla
1323 447 1583 504 draconem3

606 522 822 566 Lusciniae
848 518 1063 563 tumulum
1092 520 1126 562 si
1148 516 1377 561 Thelesina
1401 518 1518 562 dedit
1538 536 1547 561 :

533 592 698 638 Blanda
723 589 954 651 Cupidinei
980 605 1059 633 cur
1088 605 1177 632 non
1205 598 1321 632 amet
1351 604 1429 631 ora
1460 589 1672 649 Labycae,

606 663 693 720 Qui
718 661 836 704 videt
861 660 954 704 haec
983 659 1170 703 dominis
1199 667 1394 702 monstra
1422 658 1593 719 placere
1619 658 1733 703 suis?
1846 685 1876 701 ιο

466 803 524 834 lem
546 808 586 833 ut
607 799 763 845 regimen
785 797 931 839 sociata,
949 794 1046 842 quod
1070 808 1142 829 non

464 855 535 895 illi,
562 865 634 886 non
660 851 765 893 huic,
789 863 863 884 non
891 849 1046 891 Cronio,
1070 861 1142 881 non

467 906 596 941 catellae
613 905 720 950 magis
739 911 799 937 aut
821 902 939 936 minus
958 914 1064 947 quam
1085 901 1144 934 alii

466 959 611 995 cuilibet
641 957 745 991 obvio
772 955 921 989 similem
952 966 1025 987 sese
1055 954 1144 987 ferat

466 1011 741 1058 cercopithecus.
758 1010 826 1042 En.

519 1065 551 1099 5.
580 1065 741 1098 Isclzemon
770 1061 880 1095 codex
913 1058 1057 1105 quidam
1087 1071 1141 1104 ap.

465 1118 600 1152 Beverl.
634 1119 794 1150 icaneamo
826 1114 980 1147 Florent.
1010 1111 1143 1153 habet,

465 1173 604 1206 icleemon
616 1168 726 1203 codex
746 1165 1144 1200 Vaticanus.—Jclmeu-

466 1238 547 1258 mon.
578 1223 693 1264 Quem
721 1219 889 1254 describit
916 1218 1051 1252 Plinius
1080 1218 1144 1251 lib.

466 1279 557 1310 VIII
570 1301 579 1317 ,
600 1289 675 1321 cap.
703 1279 746 1315 24
761 1299 770 1314 ,
789 1281 823 1307 et
836 1273 1044 1318 perniciosum
1060 1270 1147 1304 dicit

466 1330 578 1376 aspidi
596 1327 789 1375 praesertim
808 1334 843 1360 et
860 1323 1050 1366 crocodilo,
1067 1323 1146 1369 qui-

464 1386 529 1418 bus
549 1390 600 1416 est
621 1381 730 1415 hostis
753 1378 1017 1413 infensissimus.
1041 1377 1144 1412 Conf.

467 1446 502 1471 et
522 1435 675 1471 Plinius,
700 1428 780 1466 loco
800 1431 964 1473 laudato;
985 1439 1019 1464 et
1037 1430 1145 1464 AElia-

468 1502 556 1530 nus,
578 1489 641 1522 lib.
654 1488 763 1526 VIII,
786 1498 861 1531 cap.
890 1485 954 1521 25,
977 1493 1012 1518 et
1034 1483 1143 1517 Athe-

468 1556 562 1577 naeus
580 1542 643 1575 lib.
663 1541 737 1581 IX,
757 1551 834 1585 cap.
857 1551 914 1571 10.

522 1609 556 1640 7.
570 1596 612 1627 In
628 1592 750 1628 codice
763 1592 871 1625 Palat.
888 1590 1042 1624 Gladella
1056 1603 1067 1623 .·
1081 1589 1146 1622 Be-

1201 794 1359 829 verlandi
1371 795 1445 829 MS.
1461 795 1595 830 Gadilla
1605 810 1617 836 ‚·
1627 796 1663 829 in
1674 795 1793 831 codice
1800 797 1880 831 Pul-

1201 848 1320 881 manni
1330 874 1338 889 ,
1356 848 1534 888 Galatlzia,·
1549 849 1625 892 alii,
1641 849 1808 891 Gradilla,
1822 851 1879 883 vel

1202 901 1370 934 Flaccilla.
1385 901 1603 942 —Gelidum,
1620 902 1763 936 solenne
1784 903 1881 937 Grae-

1201 954 1267 995 cis,
1282 966 1363 986 mox
1378 954 1530 997 Latinis,
1549 953 1592 988 ad
1610 964 1804 1001 serpentes,
1821 968 1879 990 co-

1201 1006 1321 1039 lubros
1332 1014 1366 1039 et
1378 1005 1415 1039 id
1429 1019 1536 1052 genus
1545 1007 1707 1042 animalia
1723 1009 1879 1042 ἐπίθετον.

1201 1059 1352 1092 Theocr.
1377 1058 1483 1105 Idyll.
1512 1071 1559 1093 xv
1578 1072 1585 1093 :
1604 1061 1702 1094 ἵππον
1725 1061 1793 1094 Καὶ
1826 1063 1879 1095 τὸν

1203 1112 1316 1157 ψυχρὸν
1351 1112 1430 1156 ὅφιν.
1458 1112 1527 1145 En.
1554 1111 1729 1147 Caeterum
1755 1113 1882 1148 aestivis

1204 1164 1384 1198 mensibus
1405 1164 1573 1199 dracones
1598 1166 1678 1199 sinu
1696 1167 1882 1212 gerebant,

1206 1218 1338 1263 quibus
1357 1227 1392 1251 et
1413 1218 1543 1252 collum
1560 1219 1787 1253 involvebant
1804 1232 1882 1253 mu-

1204 1271 1306 1304 lieres
1324 1272 1505 1315 Romanae,
1517 1279 1557 1304 ut
1572 1284 1608 1306 se
1622 1273 1882 1319 refrigerarent.

1205 1323 1327 1357 Senec.
1348 1323 1392 1358 de
1417 1326 1484 1358 Ira.
1511 1325 1656 1359 Lucian.
1677 1326 1712 1359 in
1733 1326 1884 1359 Alexan·

1205 1376 1282 1410 dro.
1299 1377 1392 1411 Suet.
1407 1377 1527 1412 Tiber.
1541 1390 1616 1424 cap.
1631 1391 1676 1424 72
1691 1391 1700 1421 ;
1714 1379 1807 1412 Plin.
1819 1379 1881 1412 lib.

1206 1430 1329 1463 XXIX
1343 1455 1354 1472 ,
1372 1442 1448 1476 cap.
1476 1435 1511 1472 4.

1259 1495 1294 1527 9.
1319 1484 1451 1516 Blanda
1483 1483 1662 1529 Cupidinei.
1693 1484 1767 1518 Cur
1796 1484 1885 1518 mihi

1205 1548 1278 1569 non
1304 1536 1405 1570 liceat
1430 1549 1545 1570 amare
1572 1538 1748 1583 Labycam
1773 1537 1884 1571 forma

1206 1601 1326 1635 parem
1346 1589 1542 1636 Cupidini?

969 1725 1385 1781 LXXXVIII.

940 1875 1006 1902 DF,
1044 1873 1167 1902 SUIS
1205 1873 1407 1903 LIBRIS.

546 2004 733 2045 FERTUR
757 1996 920 2040 habere
944 2011 1088 2050 meos,
1115 1996 1149 2039 si
1174 2010 1276 2038 vera
1303 2005 1367 2039 est
1392 1996 1529 2053 fama,
1554 1996 1720 2043 libellos

617 2073 737 2115 Inter
758 2066 932 2111 delicias
954 2065 1140 2127 pulchra
1162 2066 1333 2110 Vienna
1360 2082 1471 2111 suas.

547 2144 621 2187 Me
652 2141 757 2201 legit
783 2138 925 2182 omnis
954 2137 1011 2180 ibi
1037 2137 1200 2193 senior,
1216 2136 1500 2198 juvenisque,
1525 2154 1743 2200 puerque,

619 2214 677 2256 Et
705 2225 853 2255 coram
880 2209 1034 2252 tetrico
1060 2217 1177 2251 easta
1201 2206 1344 2268 puella
1370 2209 1477 2252 viro.

551 2287 647 2328 Hoc
673 2298 755 2343 ego
778 2278 1030 2333 maluerim,
1053 2295 1183 2339 quam
1210 2279 1243 2321 si
1268 2294 1364 2322 inea
1389 2280 1585 2323 carmina
1613 2289 1811 2338 cantent,
1876 2296 1888 2319 5

621 2354 709 2411 Qui
733 2350 884 2396 Nilum
910 2366 962 2393 ex
988 2350 1082 2410 ipso
1112 2349 1312 2410 protinus
1341 2367 1417 2394 ore
1443 2350 1620 2404 bibunt3

538 2508 571 2528 2.
598 2492 737 2525 Pulchra
760 2490 895 2522 l'iemza.
919 2488 1012 2521 Urbs
1033 2487 1156 2521 Galliae
1216 2489 1317 2529 nuit3
1357 2501 1432 2534 quae
1467 2488 1572 2522 hodie
1608 2490 1710 2523 etiam
1745 2499 1889 2524 vocatur

482 2548 524 2581 ad
546 2544 771 2582 Rhodanum,
795 2555 871 2588 quae
886 2543 976 2575 inter
992 2541 1153 2574 Allobro-

484 2614 563 2648 gum
577 2624 587 2641 ‚
602 2600 708 2632 inuno
721 2605 755 2630 et
767 2595 977 2629 Viennensis
991 2594 1096 2628 totius
1109 2595 1154 2628 ci·

488 2657 603 2689 vitatos
618 2651 811 2697 principem
828 2649 911 2682 olim
930 2649 1047 2681 locuni
1067 2647 1154 2681 obti-

1218 2543 1234 2574 Ι
1246 2543 1349 2574 4ιὀηηυ.

1268 2597 1302 2628 (ῑ.
1326 2595 1394 2639 Qui
1408 2595 1528 2629 Nilum.
1548 2595 1624 2629 Hoc
1642 2603 1710 2634 cst,
1728 2597 1888 2629 remotis-

1214 2647 1289 2680 simi
1324 2648 1516 2694 Aithiopes.
1545 2649 1595 2681 Do
1629 2649 1782 2682 fontibus
1818 2649 1887 2683 Nili
