1978 3305
347 209 932 253 EPIGRAMMATUM
971 209 1095 252 LIB.
1125 210 1208 251 VI.

1399 224 1479 269 191

725 360 857 417 XC.

615 509 680 536 DE
718 488 966 537 GELLIA.⁸

221 628 464 670 MOECHUM
491 623 632 669 Gellia
654 640 744 669 non
769 624 924 679 habet,
946 626 1028 669 nisi
1054 641 1203 670 unum.

222 699 368 757 Turpe
392 705 458 739 est
481 695 567 739 hoc
596 695 757 756 magis,
780 712 892 739 uxor
916 705 982 739 est
1004 694 1205 740 duorum.

135 824 149 838 ⁴
173 827 239 861 Hic
258 840 331 860 non
351 827 488 861 variant
503 825 605 867 libri,
623 833 684 859 aut
702 837 757 859 ca-

82 882 173 914 lamo
195 880 347 921 exarati,
371 888 428 913 aut
448 880 549 925 prelo
571 879 704 913 excusi.

137 946 171 967 ².
199 933 290 966 Uror
310 941 357 966 est
379 933 523 966 duorum.
548 932 669 965 Mariti
693 930 759 965 sci·

82 985 164 1019 licet
181 994 216 1019 et
231 985 393 1020 adulteri.
414 985 562 1025 Seneca,
587 983 632 1018 de
647 985 757 1018 Bene-

82 1039 170 1072 ficiis
182 1039 205 1072 l.
218 1040 271 1071 ΠΙ
283 1061 293 1076 ,
309 1052 339 1073 c.
361 1041 418 1073 16.
437 1038 633 1071 «Infrunita
646 1055 677 1079 a,
690 1037 760 1071 hoc

84 1099 153 1132 est,
173 1092 320 1133 insulsa,
344 1109 357 1121 ι
373 1099 408 1125 et
430 1092 572 1136 antiqua
592 1099 660 1132 est,
680 1103 759 1136 quae

83 1145 211 1177 nesciat
229 1144 492 1178 matrimonium
514 1144 635 1177 vocari
655 1143 760 1177 unius

83 1196 305 1231 adulterium.
324 1214 337 1227 n
365 1197 448 1231 Haec
467 1209 549 1242 ergo
569 1196 684 1230 Gellia
702 1208 761 1229 ex-

817 827 961 860 cusabat
981 839 1036 868 se,
1063 825 1162 872 quod
1184 827 1328 861 unicum
1353 829 1495 863 haberet

817 879 993 913 moechum
1016 891 1024 913 z
1047 880 1154 913 Poeta
1177 892 1262 914 vero
1284 882 1411 927 probat
1429 883 1495 916 hoc

818 931 869 965 illi
900 933 1037 978 turpius
1071 946 1169 973 esse,
1202 945 1306 979 quam
1341 935 1497 979 innuptae

817 985 936 1030 plures
952 986 1083 1019 habere
1098 986 1263 1020 moechos.
1285 988 1425 1021 Etenim
1442 1001 1495 1021 re·

818 1047 950 1083 pugnat
982 1051 1088 1072 unam
1125 1039 1303 1073 foeminam
1343 1039 1495 1074 duorum

820 1102 893 1124 esse
918 1093 1126 1137 conjugem,
1148 1091 1246 1138 quod
1272 1101 1386 1126 tamen
1411 1106 1494 1127 con-

821 1144 949 1189 tingit,
979 1157 1088 1190 quum
1122 1158 1231 1178 unum
1259 1146 1384 1180 habeat
1412 1159 1496 1180 moe-

822 1196 943 1230 chum.
964 1198 1031 1231 Lib
1061 1199 1132 1239 III,
1151 1198 1258 1244 epigr.
1278 1211 1362 1232 xcu.

703 1332 867 1390 XCI.

619 1487 675 1514 IN
715 1487 954 1515 ZOILUM.

153 1613 341 1656 Sin-cn
370 1611 493 1655 ducis
522 1612 680 1655 summi
711 1612 916 1673 prohibet
941 1629 1150 1670 censura,
1175 1625 1378 1677 vetatque

222 1681 437 1726 Moechari
460 1699 469 1725 :
495 1682 658 1743 gaude,
681 1682 800 1726 Zoile
816 1718 827 1738 ,
858 1699 946 1727 non
973 1683 1129 1729 futues.

141 1832 173 1853 1.
202 1819 321 1853 Sancta
347 1819 447 1852 ducis.
466 1819 558 1853 Vide
583 1819 690 1865 epigr.
714 1833 760 1861 11,

85 1885 120 1906 iv
134 1898 141 1909 ,
165 1884 203 1905 vt
227 1880 261 1905 et
278 1884 355 1915 vn,
375 1884 492 1918 supra.

140 1938 157 1958 α
177 1926 293 1966 Zoile‚
315 1938 377 1958 non
387 1927 493 1969 futuis
519 1926 556 1959 in
579 1926 761 1960 nonnullis

83 1977 165 2012 edd.
188 1986 273 2012 vett.
299 2000 351 2004 —
380 1978 517 2019 Gaude,
547 1979 654 2012 Zoile.
682 1980 761 2013 Zoi-

85 2032 156 2065 lum
185 2044 256 2064 non
284 2030 412 2066 debere
442 2031 594 2077 graviter
624 2033 715 2066 ferre
743 2045 762 2067 a

822 1822 1024 1855 Domitiano
1040 1823 1296 1869 promulgatam
1317 1825 1426 1871 legem
1443 1826 1500 1860 ad-

822 1887 940 1908 versus
974 1874 1150 1909 adulteros
1187 1876 1273 1912 dicit
1289 1904 1299 1920 ‚
1335 1880 1496 1925 quoniam

821 1927 897 1973 ipse
921 1941 994 1962 non
1019 1930 1216 1964 sectabatur
1232 1932 1413 1973 mullei-es,
1440 1932 1497 1966 sed

822 1981 975 2014 fellabat.
996 1982 1074 2015 Lib.
1094 1983 1168 2025 III,
1190 1985 1299 2030 epigr.
1320 1998 1444 2028 Lxx11;
1467 1995 1499 2018 ct

822 2034 879 2076 H,
900 2047 1020 2069 xxx111
1041 2044 1074 2070 et
1093 2048 1182 2070 xu1.

687 2169 896 2226 XCII,

550 2323 607 2350 IN
649 2323 994 2352 AMMIANUM.
1015 2304 1034 2319 ⁴¹

297 2441 526 2485 CAELATUS
560 2441 637 2484 tibi
662 2458 796 2502 quum
825 2443 901 2499 sit,
925 2445 1178 2499 Ammiane,

138 2576 152 2589 ¹
181 2580 221 2613 In
247 2580 419 2613 Amianum
444 2579 481 2612 in
509 2577 590 2612 edd.
616 2587 701 2613 vett.

145 2645 155 2664 1
168 2659 175 2665 ,
190 2633 326 2665 Dolatus
342 2632 399 2665 tibi
412 2645 478 2665 cum
495 2634 537 2664 sit
550 2633 688 2666 Amiano
702 2633 766 2666 Be·

828 2580 983 2614 verlandi
1011 2582 1085 2616 MS.
1113 2583 1255 2617 Coelatus
1285 2584 1344 2617 tibi
1369 2599 1435 2619 cum
1464 2591 1505 2620 si!

829 2634 978 2667 Anniane
1009 2635 1045 2668 in
1073 2635 1196 2670 codice
1224 2638 1436 2673 Florentino.
