<?xml version="1.0" encoding="UTF-8"?>
<!DOCTYPE html PUBLIC "-//W3C//DTD XHTML 1.0 Transitional//EN"
    "http://www.w3.org/TR/xhtml1/DTD/xhtml1-transitional.dtd">
<html xmlns="http://www.w3.org/1999/xhtml" xml:lang="en" lang="en">
 <head>
  <title>
</title>
<meta http-equiv="Content-Type" content="text/html;charset=utf-8" />
  <meta name='ocr-system' content='tesseract 3.04.00' />
  <meta name='ocr-capabilities' content='ocr_page ocr_carea ocr_par ocr_line ocrx_word'/>
</head>
<body>
  <div class='ocr_page' id='page_1' title='image "./epigrammata02martuoft/epigrammata02martuoft_0399.png"; bbox 0 0 1978 3305; ppageno 0'>
   <div class='ocr_carea' id='block_1_1' title="bbox 353 247 1229 292">
    <p class='ocr_par' dir='ltr' id='par_1_1' title="bbox 353 247 1229 292">
     <span class='ocr_line' id='line_1_1' title="bbox 353 247 1229 292; baseline 0.003 -3"><span class='ocrx_word' id='word_1_1' title='bbox 353 247 940 291; x_wconf 83' lang='lat' dir='ltr'><strong>EPIGRAMMATUM</strong></span> <span class='ocrx_word' id='word_1_2' title='bbox 977 249 1105 291; x_wconf 91' lang='lat' dir='ltr'><strong>LIB.</strong></span> <span class='ocrx_word' id='word_1_3' title='bbox 1145 250 1229 292; x_wconf 88' lang='lat' dir='ltr'>IX.</span> 
     </span>
    </p>
   </div>
   <div class='ocr_carea' id='block_1_2' title="bbox 1397 249 1495 296">
    <p class='ocr_par' dir='ltr' id='par_1_2' title="bbox 1397 249 1495 296">
     <span class='ocr_line' id='line_1_2' title="bbox 1397 249 1495 296; baseline 0.01 -1"><span class='ocrx_word' id='word_1_4' title='bbox 1397 249 1495 296; x_wconf 80' lang='lat'>385</span> 
     </span>
    </p>
   </div>
   <div class='ocr_carea' id='block_1_3' title="bbox 166 332 1497 669">
    <p class='ocr_par' dir='ltr' id='par_1_3' title="bbox 235 332 1250 396">
     <span class='ocr_line' id='line_1_3' title="bbox 235 332 1250 396; baseline 0.004 -21"><span class='ocrx_word' id='word_1_5' title='bbox 235 332 368 389; x_wconf 86' lang='lat' dir='ltr'>Quod</span> <span class='ocrx_word' id='word_1_6' title='bbox 393 333 609 393; x_wconf 78' lang='lat' dir='ltr'><strong>Cytherea</strong></span> <span class='ocrx_word' id='word_1_7' title='bbox 640 350 716 378; x_wconf 82' lang='lat' dir='ltr'>sua</span> <span class='ocrx_word' id='word_1_8' title='bbox 741 335 927 378; x_wconf 88' lang='lat' dir='ltr'>scribere</span> <span class='ocrx_word' id='word_1_9' title='bbox 957 334 1117 396; x_wconf 85' lang='lat' dir='ltr'>gaudet</span> <span class='ocrx_word' id='word_1_10' title='bbox 1144 351 1250 390; x_wconf 87' lang='lat' dir='ltr'>acu;</span> 
     </span>
    </p>

    <p class='ocr_par' dir='ltr' id='par_1_4' title="bbox 166 403 1497 535">
     <span class='ocr_line' id='line_1_4' title="bbox 166 403 1497 466; baseline 0.003 -19"><span class='ocrx_word' id='word_1_11' title='bbox 166 404 362 458; x_wconf 81' lang='lat' dir='ltr'>Nomen,</span> <span class='ocrx_word' id='word_1_12' title='bbox 381 403 616 463; x_wconf 86' lang='lat' dir='ltr'>Erythraeis</span> <span class='ocrx_word' id='word_1_13' title='bbox 640 404 758 464; x_wconf 89' lang='lat' dir='ltr'>quod</span> <span class='ocrx_word' id='word_1_14' title='bbox 783 404 904 448; x_wconf 85' lang='lat' dir='ltr'>litera</span> <span class='ocrx_word' id='word_1_15' title='bbox 926 404 1039 448; x_wconf 88' lang='lat' dir='ltr'>facta</span> <span class='ocrx_word' id='word_1_16' title='bbox 1061 404 1238 466; x_wconf 88' lang='lat' dir='ltr'>lapillis,</span> <span class='ocrx_word' id='word_1_17' title='bbox 1484 429 1497 451; x_wconf 81' lang='lat'>5</span> 
     </span>
     <span class='ocr_line' id='line_1_5' title="bbox 237 473 1279 535; baseline 0.004 -19"><span class='ocrx_word' id='word_1_18' title='bbox 237 474 421 516; x_wconf 86' lang='lat' dir='ltr'>Gemma</span> <span class='ocrx_word' id='word_1_19' title='bbox 447 473 562 533; x_wconf 89' lang='lat' dir='ltr'>quod</span> <span class='ocrx_word' id='word_1_20' title='bbox 586 473 815 518; x_wconf 87' lang='lat' dir='ltr'>Heliadum</span> <span class='ocrx_word' id='word_1_21' title='bbox 835 473 990 535; x_wconf 85' lang='lat' dir='ltr'>pollice</span> <span class='ocrx_word' id='word_1_22' title='bbox 1012 477 1111 519; x_wconf 87' lang='lat' dir='ltr'>trita</span> <span class='ocrx_word' id='word_1_23' title='bbox 1134 486 1279 530; x_wconf 88' lang='lat' dir='ltr'>notet;</span> 
     </span>
    </p>

    <p class='ocr_par' dir='ltr' id='par_1_5' title="bbox 167 541 1284 669">
     <span class='ocr_line' id='line_1_6' title="bbox 167 541 1284 605; baseline 0.004 -20"><span class='ocrx_word' id='word_1_24' title='bbox 167 541 299 599; x_wconf 89' lang='lat' dir='ltr'>Quod</span> <span class='ocrx_word' id='word_1_25' title='bbox 325 558 467 603; x_wconf 85' lang='lat' dir='ltr'>penna</span> <span class='ocrx_word' id='word_1_26' title='bbox 489 543 702 588; x_wconf 84' lang='lat' dir='ltr'>scribente</span> <span class='ocrx_word' id='word_1_27' title='bbox 722 561 850 605; x_wconf 84' lang='lat' dir='ltr'><strong>grues</strong></span> <span class='ocrx_word' id='word_1_28' title='bbox 872 544 927 588; x_wconf 86' lang='lat' dir='ltr'>ad</span> <span class='ocrx_word' id='word_1_29' title='bbox 948 544 1088 589; x_wconf 87' lang='lat' dir='ltr'>sidera</span> <span class='ocrx_word' id='word_1_30' title='bbox 1108 545 1284 601; x_wconf 75' lang='lat' dir='ltr'>tollant3</span> 
     </span>
     <span class='ocr_line' id='line_1_7' title="bbox 237 612 1208 669; baseline 0.003 -14"><span class='ocrx_word' id='word_1_31' title='bbox 237 612 370 669; x_wconf 86' lang='lat' dir='ltr'>Quod</span> <span class='ocrx_word' id='word_1_32' title='bbox 399 612 522 656; x_wconf 89' lang='lat' dir='ltr'>decet</span> <span class='ocrx_word' id='word_1_33' title='bbox 552 614 596 656; x_wconf 89' lang='lat' dir='ltr'>in</span> <span class='ocrx_word' id='word_1_34' title='bbox 622 613 715 658; x_wconf 88' lang='lat' dir='ltr'>sola</span> <span class='ocrx_word' id='word_1_35' title='bbox 741 615 919 658; x_wconf 84' lang='lat' dir='ltr'>Caesaris</span> <span class='ocrx_word' id='word_1_36' title='bbox 949 631 1041 659; x_wconf 87' lang='lat' dir='ltr'>esse</span> <span class='ocrx_word' id='word_1_37' title='bbox 1064 614 1208 659; x_wconf 86' lang='lat' dir='ltr'>domo.</span> 
     </span>
    </p>
   </div>
   <div class='ocr_carea' id='block_1_4' title="bbox 97 760 773 1490">
    <p class='ocr_par' dir='ltr' id='par_1_6' title="bbox 98 760 770 963">
     <span class='ocr_line' id='line_1_8' title="bbox 152 760 770 807; baseline 0 -13"><span class='ocrx_word' id='word_1_38' title='bbox 152 760 185 794; x_wconf 85' lang='grc'>5.</span> <span class='ocrx_word' id='word_1_39' title='bbox 200 760 322 794; x_wconf 87' lang='lat' dir='ltr'><em>Nomen</em></span> <span class='ocrx_word' id='word_1_40' title='bbox 334 787 343 800; x_wconf 92' lang='lat'><em>‚</em></span> <span class='ocrx_word' id='word_1_41' title='bbox 362 761 552 807; x_wconf 57' lang='lat' dir='ltr'>Erythraeis.</span> <span class='ocrx_word' id='word_1_42' title='bbox 569 761 724 794; x_wconf 88' lang='lat' dir='ltr'>Uniones</span> <span class='ocrx_word' id='word_1_43' title='bbox 737 769 770 794; x_wconf 88' lang='lat' dir='ltr'>ct</span> 
     </span>
     <span class='ocr_line' id='line_1_9' title="bbox 98 813 770 860; baseline 0 -14"><span class='ocrx_word' id='word_1_44' title='bbox 98 813 299 859; x_wconf 84' lang='lat' dir='ltr'>margaritas</span> <span class='ocrx_word' id='word_1_45' title='bbox 320 813 511 858; x_wconf 82' lang='lat' dir='ltr'><strong>intelligas,</strong></span> <span class='ocrx_word' id='word_1_46' title='bbox 531 824 608 858; x_wconf 87' lang='lat' dir='ltr'>quae</span> <span class='ocrx_word' id='word_1_47' title='bbox 625 814 661 846; x_wconf 92' lang='lat' dir='ltr'>in</span> <span class='ocrx_word' id='word_1_48' title='bbox 680 814 770 860; x_wconf 73' lang='lat' dir='ltr'>Ery-</span> 
     </span>
     <span class='ocr_line' id='line_1_10' title="bbox 99 866 768 911; baseline 0.001 -13"><span class='ocrx_word' id='word_1_49' title='bbox 99 866 206 899; x_wconf 87' lang='lat' dir='ltr'>thraeo</span> <span class='ocrx_word' id='word_1_50' title='bbox 222 877 283 899; x_wconf 85' lang='lat' dir='ltr'>seu</span> <span class='ocrx_word' id='word_1_51' title='bbox 302 866 423 899; x_wconf 86' lang='lat' dir='ltr'>Rubro</span> <span class='ocrx_word' id='word_1_52' title='bbox 433 866 521 899; x_wconf 90' lang='lat' dir='ltr'>mari</span> <span class='ocrx_word' id='word_1_53' title='bbox 531 866 768 911; x_wconf 86' lang='lat' dir='ltr'>reperiuntur.</span> 
     </span>
     <span class='ocr_line' id='line_1_11' title="bbox 98 918 534 963; baseline 0 -12"><span class='ocrx_word' id='word_1_54' title='bbox 98 918 176 951; x_wconf 88' lang='lat' dir='ltr'>Lib.</span> <span class='ocrx_word' id='word_1_55' title='bbox 194 919 240 959; x_wconf 91' lang='lat' dir='ltr'>V,</span> <span class='ocrx_word' id='word_1_56' title='bbox 263 918 371 963; x_wconf 86' lang='lat' dir='ltr'><strong>epigr.</strong></span> <span class='ocrx_word' id='word_1_57' title='bbox 394 930 534 952; x_wconf 82' lang='lat' dir='ltr'>xxxvn.</span> 
     </span>
    </p>

    <p class='ocr_par' dir='ltr' id='par_1_7' title="bbox 97 970 772 1383">
     <span class='ocr_line' id='line_1_12' title="bbox 151 970 771 1017; baseline 0 -13"><span class='ocrx_word' id='word_1_58' title='bbox 151 973 185 1004; x_wconf 89' lang='lat'>6.</span> <span class='ocrx_word' id='word_1_59' title='bbox 207 970 338 1004; x_wconf 83' lang='lat' dir='ltr'>Gemma</span> <span class='ocrx_word' id='word_1_60' title='bbox 354 971 440 1017; x_wconf 85' lang='lat' dir='ltr'>quod</span> <span class='ocrx_word' id='word_1_61' title='bbox 453 971 636 1004; x_wconf 76' lang='lat' dir='ltr'>Heliadum.</span> <span class='ocrx_word' id='word_1_62' title='bbox 651 971 771 1004; x_wconf 87' lang='lat' dir='ltr'>Succi-</span> 
     </span>
     <span class='ocr_line' id='line_1_13' title="bbox 97 1023 772 1069; baseline 0.001 -13"><span class='ocrx_word' id='word_1_63' title='bbox 97 1035 182 1056; x_wconf 89' lang='lat' dir='ltr'>num</span> <span class='ocrx_word' id='word_1_64' title='bbox 204 1023 375 1068; x_wconf 82' lang='lat' dir='ltr'>intellige,</span> <span class='ocrx_word' id='word_1_65' title='bbox 398 1023 495 1069; x_wconf 90' lang='lat' dir='ltr'>quod</span> <span class='ocrx_word' id='word_1_66' title='bbox 517 1024 638 1057; x_wconf 87' lang='lat' dir='ltr'>tritum</span> <span class='ocrx_word' id='word_1_67' title='bbox 658 1024 772 1057; x_wconf 89' lang='lat' dir='ltr'>mani-</span> 
     </span>
     <span class='ocr_line' id='line_1_14' title="bbox 97 1075 770 1122; baseline 0.003 -14"><span class='ocrx_word' id='word_1_68' title='bbox 97 1076 162 1109; x_wconf 88' lang='lat' dir='ltr'>bus</span> <span class='ocrx_word' id='word_1_69' title='bbox 172 1076 324 1109; x_wconf 86' lang='lat' dir='ltr'><strong>suaviter</strong></span> <span class='ocrx_word' id='word_1_70' title='bbox 335 1076 418 1110; x_wconf 86' lang='lat' dir='ltr'>olet.</span> <span class='ocrx_word' id='word_1_71' title='bbox 434 1075 490 1109; x_wconf 88' lang='lat' dir='ltr'>Ad</span> <span class='ocrx_word' id='word_1_72' title='bbox 504 1077 565 1110; x_wconf 84' lang='lat' dir='ltr'>lib.</span> <span class='ocrx_word' id='word_1_73' title='bbox 578 1077 642 1117; x_wconf 91' lang='lat' dir='ltr'>IV,</span> <span class='ocrx_word' id='word_1_74' title='bbox 660 1077 770 1122; x_wconf 83' lang='lat' dir='ltr'>epigr.</span> 
     </span>
     <span class='ocr_line' id='line_1_15' title="bbox 99 1128 769 1174; baseline 0.001 -13"><span class='ocrx_word' id='word_1_75' title='bbox 99 1140 156 1161; x_wconf 78' lang='lat' dir='ltr'>ux</span> <span class='ocrx_word' id='word_1_76' title='bbox 170 1154 180 1169; x_wconf 91' lang='lat'>,</span> <span class='ocrx_word' id='word_1_77' title='bbox 205 1128 337 1174; x_wconf 84' lang='lat' dir='ltr'>egimus</span> <span class='ocrx_word' id='word_1_78' title='bbox 370 1128 415 1162; x_wconf 91' lang='lat' dir='ltr'>de</span> <span class='ocrx_word' id='word_1_79' title='bbox 449 1130 627 1162; x_wconf 88' lang='lat' dir='ltr'>sororibus</span> <span class='ocrx_word' id='word_1_80' title='bbox 660 1129 769 1162; x_wconf 86' lang='lat' dir='ltr'>Phae-</span> 
     </span>
     <span class='ocr_line' id='line_1_16' title="bbox 98 1181 771 1221; baseline 0.003 -8"><span class='ocrx_word' id='word_1_81' title='bbox 98 1181 251 1221; x_wconf 81' lang='lat' dir='ltr'>thomis,</span> <span class='ocrx_word' id='word_1_82' title='bbox 271 1194 331 1214; x_wconf 85' lang='lat' dir='ltr'>seu</span> <span class='ocrx_word' id='word_1_83' title='bbox 353 1181 558 1215; x_wconf 87' lang='lat' dir='ltr'>Heliadibus</span> <span class='ocrx_word' id='word_1_84' title='bbox 576 1193 583 1215; x_wconf 73' lang='grc' dir='ltr'>ε</span> <span class='ocrx_word' id='word_1_85' title='bbox 609 1199 622 1211; x_wconf 76' lang='lat'>«</span> <span class='ocrx_word' id='word_1_86' title='bbox 640 1182 771 1215; x_wconf 89' lang='lat' dir='ltr'>Flenti-</span> 
     </span>
     <span class='ocr_line' id='line_1_17' title="bbox 99 1233 772 1280; baseline 0.003 -14"><span class='ocrx_word' id='word_1_87' title='bbox 99 1233 163 1266; x_wconf 90' lang='lat' dir='ltr'>bus</span> <span class='ocrx_word' id='word_1_88' title='bbox 190 1233 377 1267; x_wconf 88' lang='lat' dir='ltr'>Heliadum</span> <span class='ocrx_word' id='word_1_89' title='bbox 404 1235 509 1267; x_wconf 83' lang='lat' dir='ltr'>ramis</span> <span class='ocrx_word' id='word_1_90' title='bbox 539 1234 624 1267; x_wconf 90' lang='lat' dir='ltr'>dum</span> <span class='ocrx_word' id='word_1_91' title='bbox 653 1235 772 1280; x_wconf 88' lang='lat' dir='ltr'>vipera</span> 
     </span>
     <span class='ocr_line' id='line_1_18' title="bbox 98 1286 771 1331; baseline 0.003 -13"><span class='ocrx_word' id='word_1_92' title='bbox 98 1286 220 1331; x_wconf 82' lang='lat' dir='ltr'>serpit,</span> <span class='ocrx_word' id='word_1_93' title='bbox 234 1286 351 1319; x_wconf 79' lang='lat' dir='ltr'>Fluxit</span> <span class='ocrx_word' id='word_1_94' title='bbox 365 1287 402 1319; x_wconf 89' lang='lat' dir='ltr'>in</span> <span class='ocrx_word' id='word_1_95' title='bbox 419 1288 615 1320; x_wconf 82' lang='lat' dir='ltr'>obstantem</span> <span class='ocrx_word' id='word_1_96' title='bbox 632 1288 771 1321; x_wconf 84' lang='lat' dir='ltr'>succina</span> 
     </span>
     <span class='ocr_line' id='line_1_19' title="bbox 98 1339 410 1383; baseline 0.003 -12"><span class='ocrx_word' id='word_1_97' title='bbox 98 1350 233 1383; x_wconf 86' lang='lat' dir='ltr'>gemma</span> <span class='ocrx_word' id='word_1_98' title='bbox 253 1339 372 1372; x_wconf 86' lang='lat' dir='ltr'>feram.</span> <span class='ocrx_word' id='word_1_99' title='bbox 396 1357 410 1368; x_wconf 71' lang='lat' dir='ltr'>n</span> 
     </span>
    </p>

    <p class='ocr_par' dir='ltr' id='par_1_8' title="bbox 99 1391 773 1490">
     <span class='ocr_line' id='line_1_20' title="bbox 153 1391 772 1437; baseline 0.003 -14"><span class='ocrx_word' id='word_1_100' title='bbox 153 1403 186 1435; x_wconf 90' lang='lat'>7.</span> <span class='ocrx_word' id='word_1_101' title='bbox 211 1392 309 1435; x_wconf 78' lang='lat' dir='ltr'>Quod</span> <span class='ocrx_word' id='word_1_102' title='bbox 322 1405 427 1437; x_wconf 78' lang='lat' dir='ltr'>penna</span> <span class='ocrx_word' id='word_1_103' title='bbox 445 1391 608 1425; x_wconf 82' lang='lat' dir='ltr'><em>scribente.</em></span> <span class='ocrx_word' id='word_1_104' title='bbox 637 1392 750 1425; x_wconf 89' lang='lat' dir='ltr'>Grues</span> <span class='ocrx_word' id='word_1_105' title='bbox 763 1418 772 1433; x_wconf 91' lang='lat'><strong><em>‚</em></strong></span> 
     </span>
     <span class='ocr_line' id='line_1_21' title="bbox 99 1444 773 1490; baseline 0.001 -14"><span class='ocrx_word' id='word_1_106' title='bbox 99 1444 266 1489; x_wconf 86' lang='lat' dir='ltr'>inquiunt</span> <span class='ocrx_word' id='word_1_107' title='bbox 285 1445 499 1490; x_wconf 87' lang='lat' dir='ltr'>Interpretes</span> <span class='ocrx_word' id='word_1_108' title='bbox 512 1470 520 1485; x_wconf 92' lang='lat'>‚</span> <span class='ocrx_word' id='word_1_109' title='bbox 536 1445 699 1490; x_wconf 77' lang='lat' dir='ltr'>gregatim</span> <span class='ocrx_word' id='word_1_110' title='bbox 715 1457 773 1477; x_wconf 87' lang='lat' dir='ltr'>vo-</span> 
     </span>
    </p>
   </div>
   <div class='ocr_carea' id='block_1_5' title="bbox 827 759 1506 1490">
    <p class='ocr_par' dir='ltr' id='par_1_9' title="bbox 827 759 1506 1268">
     <span class='ocr_line' id='line_1_22' title="bbox 827 759 1501 810; baseline 0.007 -17"><span class='ocrx_word' id='word_1_111' title='bbox 827 759 932 793; x_wconf 89' lang='lat' dir='ltr'>lando</span> <span class='ocrx_word' id='word_1_112' title='bbox 952 761 1086 794; x_wconf 83' lang='lat' dir='ltr'>literam</span> <span class='ocrx_word' id='word_1_113' title='bbox 1113 762 1143 794; x_wconf 83' lang='lat' dir='ltr'><em>Y</em></span> <span class='ocrx_word' id='word_1_114' title='bbox 1158 761 1337 804; x_wconf 84' lang='lat' dir='ltr'>efficiunt,</span> <span class='ocrx_word' id='word_1_115' title='bbox 1356 776 1434 810; x_wconf 76' lang='lat' dir='ltr'>quae</span> <span class='ocrx_word' id='word_1_116' title='bbox 1452 765 1501 798; x_wconf 85' lang='lat' dir='ltr'>af-</span> 
     </span>
     <span class='ocr_line' id='line_1_23' title="bbox 827 813 1502 851; baseline 0.007 -5"><span class='ocrx_word' id='word_1_117' title='bbox 827 813 997 847; x_wconf 88' lang='lat' dir='ltr'>finitatem</span> <span class='ocrx_word' id='word_1_118' title='bbox 1015 814 1121 847; x_wconf 87' lang='lat' dir='ltr'>habet</span> <span class='ocrx_word' id='word_1_119' title='bbox 1149 827 1231 848; x_wconf 89' lang='lat' dir='ltr'>cum</span> <span class='ocrx_word' id='word_1_120' title='bbox 1252 816 1375 849; x_wconf 84' lang='lat' dir='ltr'>Latina</span> <span class='ocrx_word' id='word_1_121' title='bbox 1401 817 1502 851; x_wconf 89' lang='lat' dir='ltr'>litera</span> 
     </span>
     <span class='ocr_line' id='line_1_24' title="bbox 832 866 1503 912; baseline 0.009 -15"><span class='ocrx_word' id='word_1_122' title='bbox 832 866 875 907; x_wconf 87' lang='lat' dir='ltr'>V,</span> <span class='ocrx_word' id='word_1_123' title='bbox 890 866 978 900; x_wconf 84' lang='lat' dir='ltr'>veris</span> <span class='ocrx_word' id='word_1_124' title='bbox 995 866 1068 900; x_wconf 88' lang='lat' dir='ltr'>scil.</span> <span class='ocrx_word' id='word_1_125' title='bbox 1079 867 1203 912; x_wconf 86' lang='lat' dir='ltr'>prima.</span> <span class='ocrx_word' id='word_1_126' title='bbox 1215 866 1309 901; x_wconf 88' lang='lat' dir='ltr'>Vide</span> <span class='ocrx_word' id='word_1_127' title='bbox 1321 868 1382 901; x_wconf 92' lang='lat' dir='ltr'>lib.</span> <span class='ocrx_word' id='word_1_128' title='bbox 1397 870 1503 911; x_wconf 90' lang='lat' dir='ltr'>XIII,</span> 
     </span>
     <span class='ocr_line' id='line_1_25' title="bbox 829 919 1503 964; baseline 0.006 -13"><span class='ocrx_word' id='word_1_129' title='bbox 829 919 937 964; x_wconf 84' lang='lat' dir='ltr'>epigr.</span> <span class='ocrx_word' id='word_1_130' title='bbox 961 931 1061 952; x_wconf 77' lang='lat' dir='ltr'>Lxxv.</span> <span class='ocrx_word' id='word_1_131' title='bbox 1087 920 1157 952; x_wconf 89' lang='lat' dir='ltr'>Alii</span> <span class='ocrx_word' id='word_1_132' title='bbox 1183 920 1274 954; x_wconf 85' lang='lat' dir='ltr'>forte</span> <span class='ocrx_word' id='word_1_133' title='bbox 1300 921 1425 955; x_wconf 84' lang='lat' dir='ltr'>melius</span> <span class='ocrx_word' id='word_1_134' title='bbox 1452 923 1503 955; x_wconf 90' lang='lat' dir='ltr'>le-</span> 
     </span>
     <span class='ocr_line' id='line_1_26' title="bbox 829 972 1506 1017; baseline 0.006 -13"><span class='ocrx_word' id='word_1_135' title='bbox 829 980 937 1017; x_wconf 86' lang='lat' dir='ltr'>gunt,</span> <span class='ocrx_word' id='word_1_136' title='bbox 947 985 1052 1017; x_wconf 82' lang='lat' dir='ltr'>penna</span> <span class='ocrx_word' id='word_1_137' title='bbox 1069 972 1217 1005; x_wconf 81' lang='lat' dir='ltr'>stridente</span> <span class='ocrx_word' id='word_1_138' title='bbox 1224 987 1236 1013; x_wconf 92' lang='lat'><em>;</em></span> <span class='ocrx_word' id='word_1_139' title='bbox 1257 986 1319 1007; x_wconf 91' lang='lat' dir='ltr'>suo</span> <span class='ocrx_word' id='word_1_140' title='bbox 1338 974 1432 1007; x_wconf 90' lang='lat' dir='ltr'>enim</span> <span class='ocrx_word' id='word_1_141' title='bbox 1447 974 1506 1008; x_wconf 92' lang='lat' dir='ltr'>ad-</span> 
     </span>
     <span class='ocr_line' id='line_1_27' title="bbox 829 1025 1506 1071; baseline 0.004 -14"><span class='ocrx_word' id='word_1_142' title='bbox 829 1032 936 1057; x_wconf 86' lang='lat' dir='ltr'>ventu</span> <span class='ocrx_word' id='word_1_143' title='bbox 953 1025 1044 1058; x_wconf 86' lang='lat' dir='ltr'>veris</span> <span class='ocrx_word' id='word_1_144' title='bbox 1058 1037 1197 1071; x_wconf 89' lang='lat' dir='ltr'>quoque</span> <span class='ocrx_word' id='word_1_145' title='bbox 1210 1025 1402 1059; x_wconf 88' lang='lat' dir='ltr'>adventum</span> <span class='ocrx_word' id='word_1_146' title='bbox 1416 1040 1506 1060; x_wconf 89' lang='lat' dir='ltr'>nun-</span> 
     </span>
     <span class='ocr_line' id='line_1_28' title="bbox 829 1077 1504 1125; baseline 0.007 -16"><span class='ocrx_word' id='word_1_147' title='bbox 829 1077 916 1110; x_wconf 84' lang='lat' dir='ltr'>tiant</span> <span class='ocrx_word' id='word_1_148' title='bbox 939 1085 973 1110; x_wconf 88' lang='lat' dir='ltr'>et</span> <span class='ocrx_word' id='word_1_149' title='bbox 994 1077 1170 1111; x_wconf 85' lang='lat' dir='ltr'>celebrant</span> <span class='ocrx_word' id='word_1_150' title='bbox 1189 1090 1291 1123; x_wconf 86' lang='lat' dir='ltr'>grues</span> <span class='ocrx_word' id='word_1_151' title='bbox 1306 1105 1314 1120; x_wconf 92' lang='lat'>,</span> <span class='ocrx_word' id='word_1_152' title='bbox 1337 1087 1440 1125; x_wconf 86' lang='lat' dir='ltr'>atque</span> <span class='ocrx_word' id='word_1_153' title='bbox 1456 1080 1504 1114; x_wconf 89' lang='lat' dir='ltr'>ita</span> 
     </span>
     <span class='ocr_line' id='line_1_29' title="bbox 829 1129 1506 1165; baseline 0.004 -3"><span class='ocrx_word' id='word_1_154' title='bbox 829 1129 949 1162; x_wconf 84' lang='lat' dir='ltr'>Earini</span> <span class='ocrx_word' id='word_1_155' title='bbox 967 1142 1096 1163; x_wconf 90' lang='lat' dir='ltr'>nomen</span> <span class='ocrx_word' id='word_1_156' title='bbox 1116 1142 1134 1162; x_wconf 90' lang='lat' dir='ltr'>a</span> <span class='ocrx_word' id='word_1_157' title='bbox 1151 1143 1233 1164; x_wconf 87' lang='lat' dir='ltr'>vere</span> <span class='ocrx_word' id='word_1_158' title='bbox 1251 1130 1441 1165; x_wconf 88' lang='lat' dir='ltr'>deductum</span> <span class='ocrx_word' id='word_1_159' title='bbox 1458 1133 1506 1165; x_wconf 88' lang='lat' dir='ltr'>vi-</span> 
     </span>
     <span class='ocr_line' id='line_1_30' title="bbox 830 1181 1505 1227; baseline 0.004 -12"><span class='ocrx_word' id='word_1_160' title='bbox 830 1181 957 1215; x_wconf 90' lang='lat' dir='ltr'>dentur</span> <span class='ocrx_word' id='word_1_161' title='bbox 991 1183 1122 1227; x_wconf 86' lang='lat' dir='ltr'>pariter</span> <span class='ocrx_word' id='word_1_162' title='bbox 1153 1184 1336 1219; x_wconf 83' lang='lat' dir='ltr'>celebrare.</span> <span class='ocrx_word' id='word_1_163' title='bbox 1364 1185 1384 1217; x_wconf 89' lang='lat' dir='ltr'>J</span> <span class='ocrx_word' id='word_1_164' title='bbox 1389 1184 1505 1218; x_wconf 86' lang='lat' dir='ltr'>udicet</span> 
     </span>
     <span class='ocr_line' id='line_1_31' title="bbox 829 1235 950 1268; baseline 0.008 -1"><span class='ocrx_word' id='word_1_165' title='bbox 829 1235 950 1268; x_wconf 90' lang='lat' dir='ltr'>lector.</span> 
     </span>
    </p>

    <p class='ocr_par' dir='ltr' id='par_1_10' title="bbox 830 1287 1506 1490">
     <span class='ocr_line' id='line_1_32' title="bbox 881 1287 1504 1331; baseline 0.003 -10"><span class='ocrx_word' id='word_1_166' title='bbox 881 1289 920 1321; x_wconf 83' lang='lat'>8.</span> <span class='ocrx_word' id='word_1_167' title='bbox 940 1288 978 1320; x_wconf 87' lang='lat' dir='ltr'>In</span> <span class='ocrx_word' id='word_1_168' title='bbox 990 1287 1059 1320; x_wconf 85' lang='lat' dir='ltr'>sola</span> <span class='ocrx_word' id='word_1_169' title='bbox 1077 1288 1226 1329; x_wconf 77' lang='lat' dir='ltr'>Coesaris,</span> <span class='ocrx_word' id='word_1_170' title='bbox 1239 1297 1302 1323; x_wconf 89' lang='lat' dir='ltr'>etc.</span> <span class='ocrx_word' id='word_1_171' title='bbox 1314 1290 1393 1331; x_wconf 89' lang='lat' dir='ltr'>Quo</span> <span class='ocrx_word' id='word_1_172' title='bbox 1409 1290 1504 1324; x_wconf 91' lang='lat' dir='ltr'>nulla</span> 
     </span>
     <span class='ocr_line' id='line_1_33' title="bbox 831 1339 1501 1388; baseline 0.006 -16"><span class='ocrx_word' id='word_1_173' title='bbox 831 1339 956 1373; x_wconf 89' lang='lat' dir='ltr'>domus</span> <span class='ocrx_word' id='word_1_174' title='bbox 968 1364 978 1379; x_wconf 89' lang='lat'>‚</span> <span class='ocrx_word' id='word_1_175' title='bbox 995 1340 1060 1373; x_wconf 86' lang='lat' dir='ltr'>nisi</span> <span class='ocrx_word' id='word_1_176' title='bbox 1079 1341 1282 1387; x_wconf 86' lang='lat' dir='ltr'>principalis</span> <span class='ocrx_word' id='word_1_177' title='bbox 1291 1368 1300 1384; x_wconf 88' lang='lat'>,</span> <span class='ocrx_word' id='word_1_178' title='bbox 1311 1342 1378 1375; x_wconf 90' lang='lat' dir='ltr'>nisi</span> <span class='ocrx_word' id='word_1_179' title='bbox 1388 1342 1480 1388; x_wconf 83' lang='lat' dir='ltr'>regia</span> <span class='ocrx_word' id='word_1_180' title='bbox 1492 1369 1501 1383; x_wconf 93' lang='lat'>‚</span> 
     </span>
     <span class='ocr_line' id='line_1_34' title="bbox 830 1393 1506 1438; baseline 0.006 -13"><span class='ocrx_word' id='word_1_181' title='bbox 830 1393 898 1426; x_wconf 87' lang='lat' dir='ltr'>nisi</span> <span class='ocrx_word' id='word_1_182' title='bbox 925 1401 1135 1438; x_wconf 88' lang='lat' dir='ltr'>perpetuum</span> <span class='ocrx_word' id='word_1_183' title='bbox 1155 1393 1283 1428; x_wconf 88' lang='lat' dir='ltr'>florens</span> <span class='ocrx_word' id='word_1_184' title='bbox 1305 1403 1339 1428; x_wconf 89' lang='lat' dir='ltr'>et</span> <span class='ocrx_word' id='word_1_185' title='bbox 1364 1395 1481 1429; x_wconf 86' lang='lat' dir='ltr'>virens</span> <span class='ocrx_word' id='word_1_186' title='bbox 1497 1421 1506 1437; x_wconf 89' lang='lat'>‚</span> 
     </span>
     <span class='ocr_line' id='line_1_35' title="bbox 833 1444 1215 1490; baseline 0.008 -13"><span class='ocrx_word' id='word_1_187' title='bbox 833 1444 939 1490; x_wconf 81' lang='lat' dir='ltr'>digna</span> <span class='ocrx_word' id='word_1_188' title='bbox 961 1444 1131 1479; x_wconf 83' lang='lat' dir='ltr'>videatur.</span> <span class='ocrx_word' id='word_1_189' title='bbox 1148 1446 1215 1480; x_wconf 84' lang='lat' dir='ltr'>Eu.</span> 
     </span>
    </p>
   </div>
   <div class='ocr_carea' id='block_1_6' title="bbox 751 1595 887 1651">
    <p class='ocr_par' dir='ltr' id='par_1_11' title="bbox 751 1595 887 1651">
     <span class='ocr_line' id='line_1_36' title="bbox 751 1595 887 1651; baseline 0.015 -2"><span class='ocrx_word' id='word_1_190' title='bbox 751 1595 887 1651; x_wconf 89' lang='lat' dir='ltr'>XV.</span> 
     </span>
    </p>
   </div>
   <div class='ocr_carea' id='block_1_7' title="bbox 1171 1731 1189 1747">
    <p class='ocr_par' dir='ltr' id='par_1_12' title="bbox 1171 1731 1189 1747">
     <span class='ocr_line' id='line_1_37' title="bbox 1171 1731 1189 1747; baseline 0 -4"><span class='ocrx_word' id='word_1_191' title='bbox 1171 1731 1189 1747; x_wconf 56' lang='grc' dir='ltr'>ῃ</span> 
     </span>
    </p>
   </div>
   <div class='ocr_carea' id='block_1_8' title="bbox 406 1751 1141 1780">
    <p class='ocr_par' dir='ltr' id='par_1_13' title="bbox 406 1751 1141 1780">
     <span class='ocr_line' id='line_1_38' title="bbox 406 1751 1141 1780; baseline -0.001 -1"><span class='ocrx_word' id='word_1_192' title='bbox 406 1751 461 1779; x_wconf 88' lang='lat' dir='ltr'>IN</span> <span class='ocrx_word' id='word_1_193' title='bbox 500 1751 734 1779; x_wconf 79' lang='lat' dir='ltr'>AMICUM</span> <span class='ocrx_word' id='word_1_194' title='bbox 772 1751 1141 1780; x_wconf 77' lang='lat' dir='ltr'><strong>COENIPETAM.</strong></span> 
     </span>
    </p>
   </div>
   <div class='ocr_carea' id='block_1_9' title="bbox 170 1873 1503 1933">
    <p class='ocr_par' dir='ltr' id='par_1_14' title="bbox 170 1873 1503 1933">
     <span class='ocr_line' id='line_1_39' title="bbox 170 1873 1503 1933; baseline 0.002 -16"><span class='ocrx_word' id='word_1_195' title='bbox 170 1876 332 1928; x_wconf 63' lang='lat' dir='ltr'>Hmvc,</span> <span class='ocrx_word' id='word_1_196' title='bbox 354 1889 483 1933; x_wconf 88' lang='lat' dir='ltr'>quem</span> <span class='ocrx_word' id='word_1_197' title='bbox 509 1889 631 1916; x_wconf 87' lang='lat' dir='ltr'>coena</span> <span class='ocrx_word' id='word_1_198' title='bbox 656 1873 755 1927; x_wconf 85' lang='lat' dir='ltr'>tihi,</span> <span class='ocrx_word' id='word_1_199' title='bbox 779 1889 907 1933; x_wconf 86' lang='lat' dir='ltr'>quem</span> <span class='ocrx_word' id='word_1_200' title='bbox 932 1889 1080 1916; x_wconf 85' lang='lat' dir='ltr'>mensa</span> <span class='ocrx_word' id='word_1_201' title='bbox 1103 1875 1272 1933; x_wconf 84' lang='lat' dir='ltr'>paravit</span> <span class='ocrx_word' id='word_1_202' title='bbox 1297 1877 1503 1932; x_wconf 85' lang='lat' dir='ltr'>amicum,</span> 
     </span>
    </p>
   </div>
   <div class='ocr_carea' id='block_1_10' title="bbox 99 2019 772 2699">
    <p class='ocr_par' dir='ltr' id='par_1_15' title="bbox 99 2019 771 2162">
     <span class='ocr_line' id='line_1_40' title="bbox 152 2019 771 2069; baseline 0 -13"><span class='ocrx_word' id='word_1_203' title='bbox 152 2019 167 2033; x_wconf 71' lang='lat'>&#39;</span> <span class='ocrx_word' id='word_1_204' title='bbox 181 2022 323 2067; x_wconf 83' lang='lat' dir='ltr'>Infictos</span> <span class='ocrx_word' id='word_1_205' title='bbox 336 2025 450 2056; x_wconf 83' lang='lat' dir='ltr'>amicos</span> <span class='ocrx_word' id='word_1_206' title='bbox 469 2031 520 2056; x_wconf 88' lang='lat' dir='ltr'>est</span> <span class='ocrx_word' id='word_1_207' title='bbox 536 2023 719 2069; x_wconf 87' lang='lat' dir='ltr'>inscriptio</span> <span class='ocrx_word' id='word_1_208' title='bbox 736 2023 771 2056; x_wconf 89' lang='lat' dir='ltr'>in</span> 
     </span>
     <span class='ocr_line' id='line_1_41' title="bbox 99 2075 771 2122; baseline -0.003 -12"><span class='ocrx_word' id='word_1_209' title='bbox 99 2075 179 2111; x_wconf 39' lang='lat' dir='ltr'>Ald‘</span> <span class='ocrx_word' id='word_1_210' title='bbox 194 2077 295 2110; x_wconf 88' lang='lat' dir='ltr'>Junt.</span> <span class='ocrx_word' id='word_1_211' title='bbox 311 2076 424 2110; x_wconf 90' lang='lat' dir='ltr'>Colin.</span> <span class='ocrx_word' id='word_1_212' title='bbox 441 2076 578 2122; x_wconf 80' lang='lat' dir='ltr'>Gryph.</span> <span class='ocrx_word' id='word_1_213' title='bbox 597 2075 771 2109; x_wconf 87' lang='lat' dir='ltr'>Calderin.</span> 
     </span>
     <span class='ocr_line' id='line_1_42' title="bbox 101 2129 551 2162; baseline -0.002 0"><span class='ocrx_word' id='word_1_214' title='bbox 101 2129 214 2162; x_wconf 89' lang='lat' dir='ltr'>Plant.</span> <span class='ocrx_word' id='word_1_215' title='bbox 233 2129 375 2162; x_wconf 80' lang='lat' dir='ltr'>Junian.</span> <span class='ocrx_word' id='word_1_216' title='bbox 394 2129 551 2162; x_wconf 89' lang='lat' dir='ltr'>Pulman.</span> 
     </span>
    </p>

    <p class='ocr_par' dir='ltr' id='par_1_16' title="bbox 101 2181 772 2699">
     <span class='ocr_line' id='line_1_43' title="bbox 152 2181 772 2226; baseline -0.002 -11"><span class='ocrx_word' id='word_1_217' title='bbox 152 2203 205 2208; x_wconf 88' lang='lat'><em>—</em></span> <span class='ocrx_word' id='word_1_218' title='bbox 220 2181 342 2215; x_wconf 88' lang='lat' dir='ltr'>Monet</span> <span class='ocrx_word' id='word_1_219' title='bbox 368 2181 426 2214; x_wconf 85' lang='lat' dir='ltr'>hic</span> <span class='ocrx_word' id='word_1_220' title='bbox 453 2181 571 2215; x_wconf 89' lang='lat' dir='ltr'>nescio</span> <span class='ocrx_word' id='word_1_221' title='bbox 597 2193 702 2226; x_wconf 87' lang='lat' dir='ltr'>quem</span> <span class='ocrx_word' id='word_1_222' title='bbox 729 2181 772 2214; x_wconf 85' lang='lat' dir='ltr'>de</span> 
     </span>
     <span class='ocr_line' id='line_1_44' title="bbox 102 2233 771 2279; baseline 0.003 -14"><span class='ocrx_word' id='word_1_223' title='bbox 102 2233 212 2266; x_wconf 83' lang='lat' dir='ltr'>arnico</span> <span class='ocrx_word' id='word_1_224' title='bbox 230 2234 398 2279; x_wconf 86' lang='lat' dir='ltr'>coenipeta</span> <span class='ocrx_word' id='word_1_225' title='bbox 411 2259 419 2274; x_wconf 92' lang='lat'>,</span> <span class='ocrx_word' id='word_1_226' title='bbox 439 2247 545 2279; x_wconf 89' lang='lat' dir='ltr'>quem</span> <span class='ocrx_word' id='word_1_227' title='bbox 558 2234 604 2267; x_wconf 88' lang='lat' dir='ltr'>ait</span> <span class='ocrx_word' id='word_1_228' title='bbox 621 2247 693 2267; x_wconf 91' lang='lat' dir='ltr'>non</span> <span class='ocrx_word' id='word_1_229' title='bbox 712 2234 771 2267; x_wconf 85' lang='lat' dir='ltr'>ho-</span> 
     </span>
     <span class='ocr_line' id='line_1_45' title="bbox 101 2285 771 2331; baseline 0.001 -12"><span class='ocrx_word' id='word_1_230' title='bbox 101 2286 217 2331; x_wconf 87' lang='lat' dir='ltr'>spitis,</span> <span class='ocrx_word' id='word_1_231' title='bbox 238 2285 298 2319; x_wconf 91' lang='lat' dir='ltr'>sed</span> <span class='ocrx_word' id='word_1_232' title='bbox 315 2286 493 2331; x_wconf 88' lang='lat' dir='ltr'>hospitalis</span> <span class='ocrx_word' id='word_1_233' title='bbox 514 2299 640 2320; x_wconf 82' lang='lat' dir='ltr'>mensae</span> <span class='ocrx_word' id='word_1_234' title='bbox 657 2300 771 2320; x_wconf 87' lang='lat' dir='ltr'>aman-</span> 
     </span>
     <span class='ocr_line' id='line_1_46' title="bbox 103 2338 770 2383; baseline 0.001 -12"><span class='ocrx_word' id='word_1_235' title='bbox 103 2339 286 2378; x_wconf 89' lang='lat' dir='ltr'>tissimum,</span> <span class='ocrx_word' id='word_1_236' title='bbox 295 2347 328 2371; x_wconf 91' lang='lat' dir='ltr'>et</span> <span class='ocrx_word' id='word_1_237' title='bbox 338 2339 414 2383; x_wconf 87' lang='lat' dir='ltr'>qui,</span> <span class='ocrx_word' id='word_1_238' title='bbox 424 2347 462 2372; x_wconf 88' lang='lat' dir='ltr'>ut</span> <span class='ocrx_word' id='word_1_239' title='bbox 472 2339 616 2372; x_wconf 85' lang='lat' dir='ltr'>solitum</span> <span class='ocrx_word' id='word_1_240' title='bbox 628 2366 636 2381; x_wconf 93' lang='lat'>‚</span> <span class='ocrx_word' id='word_1_241' title='bbox 645 2357 658 2368; x_wconf 71' lang='grc' dir='ltr'><strong>α</strong></span> <span class='ocrx_word' id='word_1_242' title='bbox 666 2338 770 2372; x_wconf 88' lang='lat' dir='ltr'>diffu-</span> 
     </span>
     <span class='ocr_line' id='line_1_47' title="bbox 101 2389 769 2436; baseline 0.001 -13"><span class='ocrx_word' id='word_1_243' title='bbox 101 2391 172 2436; x_wconf 84' lang='lat' dir='ltr'>giet</span> <span class='ocrx_word' id='word_1_244' title='bbox 183 2389 276 2424; x_wconf 84' lang='lat' dir='ltr'>cadis</span> <span class='ocrx_word' id='word_1_245' title='bbox 283 2391 373 2424; x_wconf 93' lang='lat' dir='ltr'>Cum</span> <span class='ocrx_word' id='word_1_246' title='bbox 383 2390 464 2424; x_wconf 84' lang='lat' dir='ltr'>faece</span> <span class='ocrx_word' id='word_1_247' title='bbox 473 2391 618 2425; x_wconf 85' lang='lat' dir='ltr'>siccatis.</span> <span class='ocrx_word' id='word_1_248' title='bbox 629 2392 769 2424; x_wconf 64' lang='lat' dir='ltr'><strong>»Eu—-</strong></span> 
     </span>
     <span class='ocr_line' id='line_1_48' title="bbox 101 2443 769 2489; baseline -0.001 -12"><span class='ocrx_word' id='word_1_249' title='bbox 101 2444 320 2489; x_wconf 89' lang='lat' dir='ltr'>Coenipetam</span> <span class='ocrx_word' id='word_1_250' title='bbox 335 2443 428 2476; x_wconf 85' lang='lat' dir='ltr'>enim</span> <span class='ocrx_word' id='word_1_251' title='bbox 447 2456 518 2477; x_wconf 90' lang='lat' dir='ltr'>esse</span> <span class='ocrx_word' id='word_1_252' title='bbox 532 2444 691 2489; x_wconf 67' lang='grc' dir='ltr'>πάμφιλον</span> <span class='ocrx_word' id='word_1_253' title='bbox 705 2470 714 2485; x_wconf 83' lang='grc'>,</span> <span class='ocrx_word' id='word_1_254' title='bbox 733 2443 769 2477; x_wconf 90' lang='lat' dir='ltr'>id</span> 
     </span>
     <span class='ocr_line' id='line_1_49' title="bbox 101 2496 771 2537; baseline 0 -8"><span class='ocrx_word' id='word_1_255' title='bbox 101 2504 172 2535; x_wconf 81' lang='lat' dir='ltr'>est,</span> <span class='ocrx_word' id='word_1_256' title='bbox 188 2496 347 2530; x_wconf 88' lang='lat' dir='ltr'>omnium</span> <span class='ocrx_word' id='word_1_257' title='bbox 362 2504 605 2529; x_wconf 80' lang='lat' dir='ltr'>assentatorem</span> <span class='ocrx_word' id='word_1_258' title='bbox 615 2522 624 2537; x_wconf 89' lang='lat'>,</span> <span class='ocrx_word' id='word_1_259' title='bbox 636 2505 669 2530; x_wconf 87' lang='lat' dir='ltr'>et</span> <span class='ocrx_word' id='word_1_260' title='bbox 685 2496 771 2529; x_wconf 90' lang='lat' dir='ltr'>nulli</span> 
     </span>
     <span class='ocr_line' id='line_1_50' title="bbox 101 2548 772 2590; baseline -0.001 -8"><span class='ocrx_word' id='word_1_261' title='bbox 101 2561 183 2582; x_wconf 83' lang='lat' dir='ltr'>vere</span> <span class='ocrx_word' id='word_1_262' title='bbox 195 2556 229 2582; x_wconf 90' lang='lat' dir='ltr'>et</span> <span class='ocrx_word' id='word_1_263' title='bbox 244 2557 359 2582; x_wconf 84' lang='lat' dir='ltr'>sancte</span> <span class='ocrx_word' id='word_1_264' title='bbox 374 2548 536 2582; x_wconf 87' lang='lat' dir='ltr'>amicum.</span> <span class='ocrx_word' id='word_1_265' title='bbox 558 2566 570 2578; x_wconf 82' lang='lat'>«</span> <span class='ocrx_word' id='word_1_266' title='bbox 587 2549 705 2590; x_wconf 86' lang='lat' dir='ltr'>Errat,</span> <span class='ocrx_word' id='word_1_267' title='bbox 720 2549 772 2581; x_wconf 88' lang='lat' dir='ltr'>in-</span> 
     </span>
     <span class='ocr_line' id='line_1_51' title="bbox 102 2601 772 2647; baseline 0 -13"><span class='ocrx_word' id='word_1_268' title='bbox 102 2601 180 2647; x_wconf 86' lang='lat' dir='ltr'>quit</span> <span class='ocrx_word' id='word_1_269' title='bbox 199 2601 348 2642; x_wconf 85' lang='lat' dir='ltr'>Seneca,</span> <span class='ocrx_word' id='word_1_270' title='bbox 372 2602 431 2646; x_wconf 87' lang='lat' dir='ltr'>qui</span> <span class='ocrx_word' id='word_1_271' title='bbox 450 2601 598 2634; x_wconf 75' lang='lat' dir='ltr'>amicum</span> <span class='ocrx_word' id='word_1_272' title='bbox 622 2602 657 2634; x_wconf 89' lang='lat' dir='ltr'>in</span> <span class='ocrx_word' id='word_1_273' title='bbox 682 2602 772 2635; x_wconf 89' lang='lat' dir='ltr'>atrio</span> 
     </span>
     <span class='ocr_line' id='line_1_52' title="bbox 103 2654 662 2699; baseline -0.002 -12"><span class='ocrx_word' id='word_1_274' title='bbox 103 2654 229 2699; x_wconf 84' lang='lat' dir='ltr'>quaerit</span> <span class='ocrx_word' id='word_1_275' title='bbox 241 2680 249 2694; x_wconf 94' lang='lat'>‚</span> <span class='ocrx_word' id='word_1_276' title='bbox 267 2654 304 2687; x_wconf 86' lang='lat' dir='ltr'>in</span> <span class='ocrx_word' id='word_1_277' title='bbox 323 2654 484 2688; x_wconf 76' lang='lat' dir='ltr'>convivio</span> <span class='ocrx_word' id='word_1_278' title='bbox 503 2654 662 2699; x_wconf 70' lang='lat' dir='ltr'>probat.»</span> 
     </span>
    </p>
   </div>
   <div class='ocr_carea' id='block_1_11' title="bbox 173 2727 236 2768">
    <p class='ocr_par' dir='ltr' id='par_1_17' title="bbox 173 2727 236 2768">
     <span class='ocr_line' id='line_1_53' title="bbox 173 2727 236 2768; baseline -0.032 0"><span class='ocrx_word' id='word_1_279' title='bbox 173 2727 236 2768; x_wconf 94' lang='lat' dir='ltr'>II.</span> 
     </span>
    </p>
   </div>
   <div class='ocr_carea' id='block_1_12' title="bbox 828 2024 1506 2688">
    <p class='ocr_par' dir='ltr' id='par_1_18' title="bbox 828 2024 1506 2688">
     <span class='ocr_line' id='line_1_54' title="bbox 890 2024 1506 2068; baseline 0.01 -13"><span class='ocrx_word' id='word_1_280' title='bbox 890 2035 919 2056; x_wconf 85' lang='lat'>1.</span> <span class='ocrx_word' id='word_1_281' title='bbox 939 2025 1037 2068; x_wconf 82' lang='lat' dir='ltr'>Quem</span> <span class='ocrx_word' id='word_1_282' title='bbox 1051 2037 1147 2057; x_wconf 78' lang='lat' dir='ltr'>coena.</span> <span class='ocrx_word' id='word_1_283' title='bbox 1163 2024 1301 2058; x_wconf 90' lang='lat' dir='ltr'>Horum</span> <span class='ocrx_word' id='word_1_284' title='bbox 1315 2026 1506 2061; x_wconf 85' lang='lat' dir='ltr'>amicorum</span> 
     </span>
     <span class='ocr_line' id='line_1_55' title="bbox 832 2075 1503 2123; baseline 0.007 -14"><span class='ocrx_word' id='word_1_285' title='bbox 832 2075 903 2109; x_wconf 91' lang='lat' dir='ltr'>duo</span> <span class='ocrx_word' id='word_1_286' title='bbox 924 2085 1005 2110; x_wconf 85' lang='lat' dir='ltr'>sunt</span> <span class='ocrx_word' id='word_1_287' title='bbox 1023 2088 1167 2122; x_wconf 88' lang='lat' dir='ltr'>genera:</span> <span class='ocrx_word' id='word_1_288' title='bbox 1188 2089 1341 2123; x_wconf 87' lang='lat' dir='ltr'>quorum</span> <span class='ocrx_word' id='word_1_289' title='bbox 1362 2080 1446 2113; x_wconf 90' lang='lat' dir='ltr'>alios</span> <span class='ocrx_word' id='word_1_290' title='bbox 1468 2083 1503 2114; x_wconf 73' lang='grc' dir='ltr'>τὸ</span> 
     </span>
     <span class='ocr_line' id='line_1_56' title="bbox 833 2129 1504 2177; baseline 0.007 -16"><span class='ocrx_word' id='word_1_291' title='bbox 833 2131 946 2173; x_wconf 70' lang='grc' dir='ltr'>σχῆμα.</span> <span class='ocrx_word' id='word_1_292' title='bbox 966 2129 1185 2163; x_wconf 88' lang='lat' dir='ltr'>honestiores</span> <span class='ocrx_word' id='word_1_293' title='bbox 1210 2131 1360 2164; x_wconf 83' lang='lat' dir='ltr'>amicitia</span> <span class='ocrx_word' id='word_1_294' title='bbox 1381 2131 1504 2177; x_wconf 85' lang='lat' dir='ltr'>dignos</span> 
     </span>
     <span class='ocr_line' id='line_1_57' title="bbox 829 2180 1502 2227; baseline 0.007 -13"><span class='ocrx_word' id='word_1_295' title='bbox 829 2180 1023 2226; x_wconf 87' lang='lat' dir='ltr'>judicamus</span> <span class='ocrx_word' id='word_1_296' title='bbox 1033 2208 1042 2223; x_wconf 90' lang='lat'><strong>,</strong></span> <span class='ocrx_word' id='word_1_297' title='bbox 1062 2194 1170 2227; x_wconf 91' lang='lat' dir='ltr'>quum</span> <span class='ocrx_word' id='word_1_298' title='bbox 1181 2190 1295 2216; x_wconf 83' lang='lat' dir='ltr'>tamen</span> <span class='ocrx_word' id='word_1_299' title='bbox 1308 2183 1434 2217; x_wconf 87' lang='lat' dir='ltr'>nidore</span> <span class='ocrx_word' id='word_1_300' title='bbox 1443 2197 1502 2219; x_wconf 87' lang='lat' dir='ltr'>cu-</span> 
     </span>
     <span class='ocr_line' id='line_1_58' title="bbox 831 2235 1504 2280; baseline 0.007 -14"><span class='ocrx_word' id='word_1_301' title='bbox 831 2235 910 2268; x_wconf 78' lang='lat' dir='ltr'>linae</span> <span class='ocrx_word' id='word_1_302' title='bbox 930 2235 1068 2279; x_wconf 84' lang='lat' dir='ltr'>potius,</span> <span class='ocrx_word' id='word_1_303' title='bbox 1089 2247 1194 2280; x_wconf 91' lang='lat' dir='ltr'>quam</span> <span class='ocrx_word' id='word_1_304' title='bbox 1214 2235 1373 2269; x_wconf 86' lang='lat' dir='ltr'>amicitiae</span> <span class='ocrx_word' id='word_1_305' title='bbox 1392 2236 1504 2271; x_wconf 89' lang='lat' dir='ltr'>hone-</span> 
     </span>
     <span class='ocr_line' id='line_1_59' title="bbox 829 2286 1505 2336; baseline 0.006 -17"><span class='ocrx_word' id='word_1_306' title='bbox 829 2295 916 2320; x_wconf 86' lang='lat' dir='ltr'>state</span> <span class='ocrx_word' id='word_1_307' title='bbox 938 2295 995 2320; x_wconf 82' lang='lat' dir='ltr'>aut</span> <span class='ocrx_word' id='word_1_308' title='bbox 1015 2288 1194 2332; x_wconf 83' lang='lat' dir='ltr'>voluptate</span> <span class='ocrx_word' id='word_1_309' title='bbox 1217 2286 1411 2331; x_wconf 87' lang='lat' dir='ltr'>ducantur,</span> <span class='ocrx_word' id='word_1_310' title='bbox 1432 2290 1505 2336; x_wconf 69' lang='grc' dir='ltr'>περὶ</span> 
     </span>
     <span class='ocr_line' id='line_1_60' title="bbox 829 2339 1505 2385; baseline 0.009 -14"><span class='ocrx_word' id='word_1_311' title='bbox 829 2339 977 2383; x_wconf 64' lang='grc' dir='ltr'>τάγηνον,</span> <span class='ocrx_word' id='word_1_312' title='bbox 1006 2340 1058 2371; x_wconf 75' lang='grc' dir='ltr'>καὶ</span> <span class='ocrx_word' id='word_1_313' title='bbox 1085 2345 1158 2384; x_wconf 80' lang='grc' dir='ltr'>μετ’</span> <span class='ocrx_word' id='word_1_314' title='bbox 1183 2340 1310 2384; x_wconf 74' lang='grc' dir='ltr'>ἄριστον</span> <span class='ocrx_word' id='word_1_315' title='bbox 1338 2342 1442 2385; x_wconf 73' lang='grc' dir='ltr'>φίλοι,</span> <span class='ocrx_word' id='word_1_316' title='bbox 1467 2353 1505 2377; x_wconf 89' lang='lat' dir='ltr'>ut</span> 
     </span>
     <span class='ocr_line' id='line_1_61' title="bbox 830 2390 1505 2441; baseline 0.007 -17"><span class='ocrx_word' id='word_1_317' title='bbox 830 2390 964 2424; x_wconf 81' lang='lat' dir='ltr'>dicebat</span> <span class='ocrx_word' id='word_1_318' title='bbox 988 2392 1158 2437; x_wconf 89' lang='lat' dir='ltr'>Eupolis;</span> <span class='ocrx_word' id='word_1_319' title='bbox 1184 2392 1267 2425; x_wconf 81' lang='lat' dir='ltr'>alios</span> <span class='ocrx_word' id='word_1_320' title='bbox 1298 2394 1414 2428; x_wconf 82' lang='lat' dir='ltr'>minus</span> <span class='ocrx_word' id='word_1_321' title='bbox 1443 2408 1505 2441; x_wconf 89' lang='lat' dir='ltr'>pe-</span> 
     </span>
     <span class='ocr_line' id='line_1_62' title="bbox 828 2444 1503 2491; baseline 0.009 -15"><span class='ocrx_word' id='word_1_322' title='bbox 828 2444 995 2477; x_wconf 86' lang='lat' dir='ltr'>riculosos</span> <span class='ocrx_word' id='word_1_323' title='bbox 1009 2451 1043 2477; x_wconf 91' lang='lat' dir='ltr'>et</span> <span class='ocrx_word' id='word_1_324' title='bbox 1055 2453 1194 2490; x_wconf 87' lang='lat' dir='ltr'>apertos</span> <span class='ocrx_word' id='word_1_325' title='bbox 1206 2471 1214 2486; x_wconf 88' lang='lat'>‚</span> <span class='ocrx_word' id='word_1_326' title='bbox 1231 2446 1398 2491; x_wconf 85' lang='lat' dir='ltr'>parasitos</span> <span class='ocrx_word' id='word_1_327' title='bbox 1412 2460 1503 2482; x_wconf 83' lang='lat' dir='ltr'>nun-</span> 
     </span>
     <span class='ocr_line' id='line_1_63' title="bbox 830 2497 1501 2546; baseline 0.007 -17"><span class='ocrx_word' id='word_1_328' title='bbox 830 2509 1011 2541; x_wconf 89' lang='lat' dir='ltr'>cupamus.</span> <span class='ocrx_word' id='word_1_329' title='bbox 1030 2497 1191 2530; x_wconf 71' lang='lat' dir='ltr'>HERALD.</span> <span class='ocrx_word' id='word_1_330' title='bbox 1204 2499 1382 2540; x_wconf 82' lang='lat' dir='ltr'>—Hunc‚</span> <span class='ocrx_word' id='word_1_331' title='bbox 1403 2513 1501 2546; x_wconf 83' lang='lat' dir='ltr'>quem.</span> 
     </span>
     <span class='ocr_line' id='line_1_64' title="bbox 831 2548 1500 2596; baseline 0.009 -15"><span class='ocrx_word' id='word_1_332' title='bbox 831 2548 984 2594; x_wconf 88' lang='lat' dir='ltr'>Lepidus</span> <span class='ocrx_word' id='word_1_333' title='bbox 1010 2561 1066 2592; x_wconf 88' lang='lat' dir='ltr'>es,</span> <span class='ocrx_word' id='word_1_334' title='bbox 1093 2551 1153 2595; x_wconf 85' lang='lat' dir='ltr'>qui</span> <span class='ocrx_word' id='word_1_335' title='bbox 1181 2549 1276 2596; x_wconf 89' lang='lat' dir='ltr'>quod</span> <span class='ocrx_word' id='word_1_336' title='bbox 1303 2551 1500 2587; x_wconf 85' lang='lat' dir='ltr'>sodalitium</span> 
     </span>
     <span class='ocr_line' id='line_1_65' title="bbox 832 2601 1500 2644; baseline 0.009 -10"><span class='ocrx_word' id='word_1_337' title='bbox 832 2601 895 2634; x_wconf 87' lang='lat' dir='ltr'>tibi</span> <span class='ocrx_word' id='word_1_338' title='bbox 925 2614 1042 2635; x_wconf 88' lang='lat' dir='ltr'>mensa</span> <span class='ocrx_word' id='word_1_339' title='bbox 1068 2603 1281 2644; x_wconf 88' lang='lat' dir='ltr'>conciliavit,</span> <span class='ocrx_word' id='word_1_340' title='bbox 1314 2605 1500 2640; x_wconf 84' lang='lat' dir='ltr'>amicitiam</span> 
     </span>
     <span class='ocr_line' id='line_1_66' title="bbox 832 2654 1022 2688; baseline 0.005 -2"><span class='ocrx_word' id='word_1_341' title='bbox 832 2654 1022 2688; x_wconf 82' lang='lat' dir='ltr'>existimas!</span> 
     </span>
    </p>
   </div>
   <div class='ocr_carea' id='block_1_13' title="bbox 1232 2725 1294 2772">
    <p class='ocr_par' dir='ltr' id='par_1_19' title="bbox 1232 2725 1294 2772">
     <span class='ocr_line' id='line_1_67' title="bbox 1232 2725 1294 2772; baseline -0.032 0"><span class='ocrx_word' id='word_1_342' title='bbox 1232 2725 1294 2772; x_wconf 79' lang='lat'>25</span> 
     </span>
    </p>
   </div>
  </div>
 </body>
</html>
