1978 3305
529 232 547 246 μ

488 250 581 279 2:22

860 237 922 279 Μ.
945 236 1086 278 VAL.
1126 236 1517 280 MARTIALIS

628 321 720 365 Nec
744 332 905 383 praetor
930 322 1072 366 medio
1100 323 1271 384 cogitur
1300 325 1361 366 ire
1389 322 1492 368 luto.

561 392 796 452 Stringitur
818 393 860 435 in
887 393 1019 436 densa
1041 409 1121 437 nec
1147 409 1260 437 caeca
1282 393 1498 438 novacula
1522 394 1674 447 turba;

628 464 830 522 Occupat
858 472 932 507 aut
962 472 1074 507 totas
1099 464 1222 524 nigra
1249 464 1412 524 popina
1435 465 1539 508 vias.

557 533 747 587 Tonsor,
774 549 938 593 caupo,
959 549 1148 594 coquus,
1171 532 1309 577 lanius
1337 549 1413 578 sua
1436 533 1583 577 limina
1611 544 1800 578 servant.

627 603 758 646 Nunc
780 604 922 647 Roma
947 613 1035 658 est;
1062 620 1201 665 nuper
1229 620 1388 665 magna
1415 604 1596 648 taberna
1623 604 1717 648 fuit.

490 740 607 773 bernis
623 753 699 785 quae
712 741 844 786 lagenis
858 751 940 776 sunt
957 743 1091 776 refertae
1103 768 1112 785 ,
1129 751 1164 776 et

491 805 568 838 quae
586 793 715 827 catenis
736 794 813 828 fixae
833 803 914 828 sunt
931 789 1078 838 (Juven.
1101 804 1164 829 sat.

492 857 556 886 111,
575 858 624 878 vs.
639 845 748 888 304);
769 847 836 880 nisi
856 847 945 881 forte
963 856 998 882 et
1014 849 1095 894 ipsae
1116 849 1165 881 la-

491 910 586 944 genae
604 898 684 944 pilis
710 899 821 933 affixae
847 909 927 934 sunt
953 902 1097 942 catenis;
1120 902 1165 934 si-

491 964 599 996 gnum
613 964 740 998 nempe
752 953 826 986 vini
839 953 1007 987 venalitii.
1022 976 1074 980 —
1084 954 1167 987 Pilae

493 1013 590 1037 erant
609 1005 712 1038 etiam
730 1006 900 1039 columnae
921 1005 963 1039 ad
979 1019 1064 1052 quas
1085 1007 1166 1040 libri

492 1056 746 1092 vendebantur.
760 1059 925 1092 Horatius
938 1086 947 1101 ‚
964 1061 980 1092 I
992 1085 1001 1100 ,
1024 1068 1085 1092 sat,
1102 1072 1139 1092 1v
1157 1071 1165 1092 ε

497 1110 622 1143 «Nulla
635 1111 781 1145 taberna
792 1124 887 1145 meos
897 1112 1022 1146 habeat
1031 1138 1039 1153 ‚
1053 1124 1168 1158 neque

493 1163 564 1208 pila
580 1163 728 1197 libellos.
746 1181 760 1194 »

549 1218 583 1250 6.
601 1217 668 1249 Nec
679 1225 812 1261 proetor.
829 1217 928 1250 Vicis
943 1217 1035 1250 enim
1050 1217 1170 1251 laxatis

493 1270 563 1315 jam
585 1269 749 1303 transitus
767 1270 858 1303 liber
875 1278 924 1303 est
942 1271 1037 1316 juxta
1055 1271 1171 1304 taber-

495 1334 576 1363 nas;
595 1334 660 1355 nec
681 1335 745 1368 per
765 1322 889 1356 mediae
908 1323 973 1356 viae
994 1335 1171 1357 coeuosum

495 1375 649 1408 canalem
666 1375 716 1409 ire
731 1384 865 1421 praetor
880 1376 1030 1422 cogitur.
1050 1377 1116 1410 En.

550 1441 584 1472 7.
610 1428 788 1473 Stringitur
812 1431 843 1462 in
872 1429 984 1462 densas
1006 1442 1061 1462 nec
1089 1443 1171 1462 coeca

496 1482 648 1513 novacula
669 1482 775 1514 turbas
798 1482 940 1516 exhibet
958 1481 1069 1516 codex
1089 1483 1172 1515 Pul-

497 1534 628 1566 mauni.
650 1555 702 1560 —
720 1535 898 1580 Stringitur
918 1539 950 1568 in
969 1536 1075 1568 densa.
1097 1536 1173 1569 Hoc

498 1595 565 1628 est,
584 1587 700 1632 inquit
712 1588 888 1622 Domitius
898 1613 908 1630 ,
920 1589 1090 1623 novacula
1101 1601 1173 1622 non

497 1639 649 1674 nudatur
668 1642 817 1687 amplius
836 1640 949 1675 media
976 1642 1053 1683 via;
1079 1642 1173 1676 cellae

499 1693 591 1725 enim
605 1695 768 1727 tonsoriae
781 1694 894 1728 media
908 1695 963 1728 via
975 1695 1153 1729 collocatae
1164 1721 1171 1734 ‚

500 1746 549 1779 uti
575 1755 607 1779 et
632 1759 830 1792 cauponum
855 1748 1010 1782 tabernae
1035 1747 1176 1793 dejectae

1865 634 1897 650 ΚΟ

1222 751 1328 783 sunt,
1348 751 1383 776 et
1406 744 1480 788 jam
1509 750 1666 776 tonsores
1696 741 1792 776 domi
1821 750 1899 775 ton-

1223 794 1305 829 dere
1317 804 1501 841 coguntur.
1517 794 1674 829 Raderus
1683 794 1824 841 conjicit
1833 794 1901 828 hoc

1223 848 1348 883 referri
1376 861 1477 894 posse
1505 847 1550 881 ad
1579 848 1809 888 saccularios,
1840 847 1902 893 qui

1225 900 1339 935 media
1367 902 1403 934 in
1434 901 1535 934 turba
1563 900 1740 947 marsupia
1767 912 1902 934 exseca-

1226 962 1315 987 rent.
1351 953 1447 987 Caeca
1477 954 1628 986 novacula
1661 953 1791 987 dicitur
1805 979 1814 995 ‚
1847 953 1903 986 vel

1226 1006 1323 1053 quod
1349 1007 1394 1040 sit
1414 1005 1596 1041 recondita
1621 1006 1721 1040 theca
1743 1019 1802 1039 sua
1817 1031 1826 1047 ‚
1848 1005 1905 1038 vel

1227 1072 1300 1092 non
1326 1058 1484 1093 videatur
1508 1059 1544 1092 in
1569 1059 1672 1092 turba
1687 1085 1696 1100 ‚
1718 1071 1829 1104 quum
1850 1070 1905 1092 res

1226 1112 1342 1146 brevis
1357 1112 1401 1146 sit
1416 1121 1449 1145 et
1464 1112 1734 1157 exigua.-Vel
1749 1109 1844 1157 quod
1859 1111 1905 1144 ob

1228 1164 1487 1199 incommodam
1507 1165 1765 1198 transeuntium
1784 1163 1907 1197 multi-

1230 1217 1389 1252 tudinem
1409 1231 1480 1251 non
1502 1218 1612 1250 videat
1636 1225 1771 1259 tonsor,
1785 1225 1820 1251 et
1837 1217 1907 1250 huc

1229 1271 1314 1305 illuc
1329 1271 1426 1305 velut
1443 1284 1542 1304 caecus
1563 1271 1770 1304 novaculam
1789 1269 1908 1316 vagari

1231 1325 1333 1358 sinat.

1286 1390 1320 1421 9.
1350 1377 1475 1409 Limina
1503 1385 1637 1409 servant.
1668 1377 1743 1410 Hoc
1772 1383 1846 1417 est,
1871 1375 1910 1408 hi

1232 1442 1353 1464 omnes
1374 1443 1445 1463 non
1475 1438 1659 1463 exstruunt
1681 1428 1829 1474 amplius
1858 1436 1909 1460 ta·

1233 1484 1358 1517 beruas
1381 1481 1496 1516 media
1524 1483 1600 1523 via,
1625 1481 1686 1516 sed
1709 1480 1810 1515 domi
1839 1493 1912 1514 suae

1235 1544 1398 1570 exercent
1416 1548 1492 1569 suas
1511 1545 1612 1569 artes.

1294 1602 1347 1623 10.
1366 1590 1466 1622 Roma
1477 1597 1534 1622 est.
1546 1587 1643 1622 Idem
1659 1587 1730 1620 fere
1747 1585 1836 1620 dixit
1850 1586 1911 1619 lib.

1236 1643 1356 1688 Spect.
1375 1642 1488 1688 epigr.
1515 1654 1544 1675 11
1568 1653 1576 1675 ε
1604 1639 1779 1674 «Reddita
1802 1641 1916 1674 Roma

1235 1695 1302 1729 sibi
1325 1704 1373 1729 est
1387 1713 1400 1725 u
1418 1721 1427 1736 ‚
1449 1707 1525 1741 quae
1546 1702 1648 1728 antea
1667 1705 1792 1739 magua
1814 1691 1913 1726 vide-

1235 1748 1339 1782 batur
1357 1748 1498 1781 officina
1512 1774 1521 1789 ,
1541 1755 1575 1781 et
1594 1746 1737 1794 popina.

1111 1884 1304 1940 LXII.

1014 2035 1065 2062 ir<
1109 2015 1410 2063 AMILLUM.*

577 2157 805 2199 RECLusls
831 2155 996 2199 foribus
1021 2155 1207 2216 grandes
1231 2155 1440 2216 pei-mdis,
1463 2154 1641 2201 Amille.

647 2227 704 2269 Et
729 2235 770 2270 te
800 2225 1037 2287 deprendi,
1061 2243 1194 2287 quum
1227 2220 1332 2270 [μεὶς
1363 2226 1467 2279 ista,
1492 2225 1638 2286 cupis3

578 2297 645 2341 Ne
670 2296 774 2357 quid
798 2295 939 2341 liberti
962 2306 1162 2351 narrent,
1187 2298 1387 2357 servique
1414 2296 1609 2357 paterni,

648 2369 705 2411 Et
730 2369 853 2429 niger
877 2366 1052 2430 obliqua
1082 2367 1334 2429 garrulitate
1363 2365 1508 2411 cliens.

563 2500 576 2513 ²
595 2507 632 2538 In
647 2505 822 2538 Ilamillum
837 2505 1040 2539 inscribitur
1056 2506 1090 2538 in
1106 2505 1183 2550 qui-

512 2557 681 2598 husda=n;
709 2567 742 2591 ct
767 2559 814 2591 sic
839 2558 932 2604 apud
955 2559 1158 2592 Juvenaleni
1173 2584 1182 2598 ‚

513 2621 550 2645 ut
570 2611 737 2644 exhibent
756 2611 900 2656 plurimi
921 2610 1025 2645 codd.

570 2677 578 2696 i
591 2691 596 2697 .
610 2664 762 2697 I'roecidis
777 2665 813 2698 in
826 2664 1184 2710 aliquot.—I’crci‹li.=.

1246 2504 1328 2538 Vid.
1342 2505 1412 2538 Nos
1427 2503 1469 2538 ad
1481 2504 1540 2537 lib.
1558 2505 1604 2544 ΙΙ,
1618 2515 1671 2548 ep.
1690 2514 1800 2542 mxu,
1815 2514 1864 2535 vs.
1887 2501 1919 2534 3.

1302 2559 1332 2590 23.
1355 2558 1513 2597 Narrcnt,
1539 2565 1604 2590 etc.
1628 2556 1680 2589 Te
1700 2554 1838 2600 gravius
1859 2554 1921 2587 ali-

1246 2610 1331 2657 quid
1351 2611 1433 2656 pati.

1302 2668 1335 2704 4.
1354 2665 1402 2697 Et
1415 2671 1498 2696 notet
1515 2663 1550 2695 in
1567 2661 1647 2695 edd.
1668 2669 1750 2695 vett.
1769 2661 1816 2694 Ee
1834 2663 1925 2703 niger
