1978 3305
346 229 931 273 EPIGRAMMATUM
970 231 1095 274 LIB.
1124 232 1273 275 VIII.

1412 248 1502 294 291

174 318 236 361 Sit
260 316 422 377 pudor,
449 326 492 360 et
517 316 612 360 finis
636 333 645 359 :
671 317 758 377 jam
791 315 886 378 plus
911 316 1016 361 nihil
1043 317 1201 362 addere
1229 319 1353 363 nobis

245 389 376 430 Fama
401 395 573 447 potest3
599 388 752 431 teritur
776 397 924 431 noster
953 387 1111 449 ubique
1141 388 1260 432 liber.

175 459 231 501 Et
261 474 394 518 quum
425 466 552 517 rupta
580 457 663 501 situ
696 456 892 501 Messalae
920 473 1019 501 saxa
1045 459 1280 518 jacebunt,

245 527 429 588 Altaque
456 543 591 588 quum
617 527 755 571 Licini
780 543 998 571 marmora
1021 528 1162 588 pulvis
1182 539 1333 584 erunt3

175 599 250 642 Me
280 607 426 642 tamen
453 614 530 641 ora
558 597 727 657 legent,
752 601 795 640 et
825 613 972 641 secum
1001 597 1215 658 plurimus
1245 600 1402 661 hospes

246 668 313 711 Ad
339 668 500 729 patrias
526 667 648 711 sedes
675 668 867 711 earmina
891 677 1040 711 nostra
1067 668 1185 712 feret.

176 739 411 792 Finieram,
432 753 567 798 quum
593 739 652 781 sic
680 737 902 797 respondit
927 754 1043 781 nona
1067 755 1288 790 sororum,

247 809 328 852 Cui
358 823 509 861 coma,
534 817 577 851 et
600 817 824 868 unguento
851 799 1024 851 sordida
1054 810 1185 853 vestis
1210 820 1329 853 erat:

175 882 298 923 Tune
328 887 450 939 potes
478 877 648 932 dulces,
671 879 863 938 ingrate,
889 877 1130 938 relinquere
1155 880 1320 940 nugas?

247 949 331 994 Dic
355 948 486 1002 mihi,
507 948 609 1008 quid
634 947 786 992 melius
811 947 1048 992 desidiosus
1071 948 1202 1010 ages?

177 1020 245 1063 An
261 1019 387 1079 juvat
409 1018 463 1061 ad
484 1019 671 1079 tragicos
695 1035 869 1063 soccum
897 1019 1130 1063 transferre
1156 1020 1426 1065 cothurnos?

247 1091 410 1150 Aspera
434 1088 499 1132 vel
524 1089 700 1150 paribus
726 1088 836 1132 bella
862 1099 1014 1132 tonare
1039 1088 1208 1134 modis?

109 1231 242 1265 ticanus
252 1255 261 1271 ‚
274 1229 496 1262 Florentinus
509 1237 541 1262 et
552 1228 693 1275 quidam
711 1228 781 1262 alii.

164 1284 197 1317 5.
211 1283 373 1316 Messallae
393 1295 470 1314 saxa
489 1282 636 1322 jacebunt
655 1283 782 1315 Bever-

107 1335 204 1370 landi
218 1335 293 1369 MS.
317 1335 463 1368 Messalae
481 1335 550 1367 alii.
565 1356 617 1362 —-
635 1335 783 1368 ,Messalae

107 1402 199 1422 saxa.
208 1389 284 1421 Hoc
295 1396 354 1426 est,
367 1387 493 1420 tumuli
506 1387 634 1433 lapidei
648 1396 682 1420 et
695 1399 783 1420 mar-

109 1441 219 1474 morei
230 1441 331 1474 citius
340 1441 505 1486 peribunt
516 1453 618 1486 quam
632 1441 700 1474 mei
710 1453 784 1474 ver-

109 1507 177 1528 sus.
196 1494 273 1527 Lib.
293 1494 343 1534 X,
364 1494 473 1540 epigr.
496 1505 525 1526 11
545 1505 553 1526 :
578 1511 591 1523 «
608 1494 782 1527 Marmora

109 1547 263 1581 Messalae
281 1545 384 1579 findit
405 1546 623 1592 caprificus.»
644 1546 783 1588 Quinti-

109 1601 220 1634 lianus
233 1600 295 1632 lib.
309 1600 340 1632 X
354 1624 364 1640 ,
386 1611 400 1632 1
411 1625 420 1641 ,
445 1612 457 1632 1
471 1611 483 1631 1
495 1600 514 1633 3
525 1624 534 1640 ,
552 1600 717 1633 «Messala
735 1600 785 1632 ni-

110 1652 205 1686 tidus
220 1662 253 1686 et
266 1651 434 1685 candidus
445 1676 454 1692 ‚
469 1660 502 1685 et
522 1651 784 1697 quodammodo

109 1706 297 1752 praeferens
321 1705 358 1738 in
390 1704 540 1738 dicendo
566 1706 784 1739 nobilitatem

110 1771 228 1792 suam„
242 1784 251 1799 ‚
283 1770 387 1803 quem
419 1766 452 1791 et
483 1757 652 1791 disertum
685 1766 785 1791 vocat

110 1811 276 1844 Horatius
289 1810 333 1843 de
347 1812 431 1843 Arte
446 1811 594 1844 poetica.

166 1867 201 1898 6.
214 1865 339 1896 Licinia
354 1864 408 1896 vel
430 1864 540 1896 Licina
561 1864 596 1896 in
617 1863 697 1897 cod.
720 1864 783 1896 Pa-

111 1917 244 1958 latino,
264 1915 359 1962 quod
385 1916 545 1950 ultimum
572 1918 600 1949 si
623 1916 785 1950 admitta-

111 1982 188 2003 mus
205 1994 214 2009 ‚
242 1968 330 2002 illud
364 1982 432 2001 cum
462 1969 528 2003 erit
559 1970 761 2015 praepositio
777 1995 786 2010 ,

112 2035 185 2056 non
226 2021 511 2056 adverbium.-—
530 2023 634 2067 Quum
671 2024 785 2055 Licini.

112 2075 189 2108 Hoc
204 2084 254 2109 est
266 2100 276 2117 ,
291 2088 400 2121 quum
408 2075 572 2120 jacebunt
585 2087 786 2109 marmoreae

113 2127 202 2162 aedes
217 2154 226 2170 ,
246 2137 305 2162 aut
324 2128 442 2174 potius
461 2141 654 2162 marmorea
672 2129 787 2174 sepul-

113 2181 197 2214 chra
215 2181 350 2222 Licini,
370 2179 415 2215 de
435 2193 505 2226 quo
523 2181 584 2215 lib.
608 2183 662 2223 ΙΙ,
679 2182 786 2227 epigr.

115 2245 235 2274 xxxii,
255 2242 289 2267 et
316 2234 455 2267 Senecae
474 2235 574 2280 epist.
603 2247 685 2268 120.
706 2234 789 2267 Fuit

115 2294 232 2319 autem
260 2286 404 2320 Licinus
421 2287 587 2327 libertus,
608 2287 692 2320 olim
711 2295 790 2320 ton·

116 2352 194 2379 sor,
222 2339 371 2383 Augusti
398 2337 613 2381 ditissimus,
645 2339 688 2373 de
720 2352 792 2385 quo

116 2390 206 2424 illud
225 2390 412 2424 distichum
430 2403 438 2424 τ
459 2409 472 2421 «ι
488 2392 685 2425 Marmoreo
701 2393 792 2425 Lici-

118 2457 184 2477 nus
208 2444 343 2477 tumulo
366 2445 472 2488 jacet,
499 2453 531 2477 at
551 2445 638 2478 Cato
666 2457 795 2490 parvo,

118 2498 306 2543 Pompeius
337 2497 434 2529 nullo
451 2508 458 2529 ε
487 2497 567 2542 quis
592 2505 690 2543 putet
725 2509 795 2530 esse

120 2549 235 2583 Deos?
254 2550 382 2583 n——Me
395 2558 496 2582 tamen
513 2563 568 2582 ora
585 2551 698 2594 legent.
715 2550 797 2583 Ovi-

121 2601 220 2635 dium
235 2603 393 2636 imitatur
408 2603 442 2635 in
463 2603 797 2648 Metamorphoseon

122 2655 273 2689 clausula
300 2655 344 2689 de
366 2656 455 2689 fama
480 2668 539 2689 sua
564 2655 656 2702 apud
682 2663 798 2700 poste-

842 1241 899 1261 ros
919 1238 1101 1262 canentem
1126 1247 1139 1259 α
1155 1242 1215 1263 ore
1234 1231 1328 1276 legar
1347 1230 1467 1276 populi
1484 1248 1512 1264 n.

897 1294 930 1326 7.
950 1283 1004 1315 Me
1027 1290 1127 1315 tamen
1149 1283 1222 1315 orbe
1248 1284 1352 1327 legent
1373 1284 1514 1330 conjicit

841 1338 922 1367 Ant.
946 1335 984 1367 de
1002 1336 1102 1382 Rooy.
1122 1335 1175 1369 Cf.
1192 1336 1251 1370 lib.
1272 1337 1310 1377 I,
1333 1336 1440 1381 epig-r.
1461 1349 1492 1370 11
1506 1363 1514 1377 ,

841 1388 903 1420 lib.
927 1388 971 1427 V,
994 1388 1103 1433 epigr.
1123 1400 1215 1430 xm,
1236 1389 1297 1422 lih.
1316 1390 1388 1430 VI,
1405 1390 1512 1435 epig-r.

841 1453 938 1482 Lx1v‚
958 1449 990 1473 et
1012 1441 1116 1484 hujus
1137 1440 1200 1474 lib.
1221 1442 1325 1487 epigr.
1351 1455 1422 1475 LXI.
1446 1442 1512 1476 Sed

841 1493 922 1526 vide
951 1494 1012 1526 lib.
1042 1495 1114 1535 III,
1153 1495 1263 1540 epigr.
1295 1507 1375 1536 xcv;
1406 1494 1512 1528 Ovid.

840 1547 925 1580 Met.
950 1547 1030 1588 XV,
1065 1548 1161 1591 878;
1186 1559 1225 1580 ex
1247 1548 1349 1580 Pom.
1372 1548 1444 1589 ΙΙΙ,
1468 1552 1487 1588 4
1504 1576 1512 1587 ,

844 1601 910 1641 543
932 1599 1063 1632 Tibull.
1089 1600 1163 1640 ΙΙΙ,
1187 1604 1249 1640 ῐ4,
1277 1600 1344 1642 233
1365 1609 1400 1634 et
1427 1600 1515 1634 illud

842 1652 949 1685 Ennii
991 1651 1085 1697 quod
1129 1652 1282 1686 imitatus
1324 1661 1374 1686 est
1414 1653 1513 1699 Virg.

843 1705 972 1750 Georg.
994 1706 1065 1747 III,
1086 1719 1119 1749 9.

897 1771 931 1803 9.
949 1759 1044 1791 Nona
1066 1771 1215 1791 sororum.
1237 1759 1397 1792 Thaliam
1415 1760 1516 1793 intel-

842 1811 956 1856 ligunt
994 1811 1207 1856 Interpretes
1223 1837 1231 1852 ,
1269 1824 1378 1857 quum
1422 1813 1514 1845 illan]

843 1872 1022 1909 unguento
1058 1863 1236 1897 sordidam
1267 1863 1360 1897 dicat
1388 1866 1517 1898 Poeta:

845 1918 974 1950 etenim
989 1924 1069 1949 ante
1085 1929 1216 1950 coenain
1227 1918 1449 1962 ungebantur
1459 1931 1518 1951 an·

845 1969 951 2015 tiqui;
974 1969 1098 2003 Thalia
1118 1982 1220 2010 vero,
1233 1969 1347 2015 inquit
1362 1970 1518 2004 Raderus

845 2022 1019 2056 Farnabio
1029 2047 1037 2064 ‚
1049 2031 1126 2068 apta
1145 2031 1215 2055 erat
1227 2023 1412 2064 conviviis;
1424 2023 1519 2068 quod

846 2084 879 2109 et
890 2076 1006 2121 ipsum
1018 2087 1146 2109 nomen
1158 2075 1307 2118 indicat3
1322 2077 1415 2110 θαλίαι
1427 2077 1519 2109 enim

846 2128 976 2162 Graecis
991 2129 1090 2173 epula.²
1102 2156 1110 2168 ,
1133 2129 1230 2161 lautae
1251 2128 1355 2173 dapes.
1374 2129 1439 2162 En.

903 2182 959 2215 13.
991 2182 1126 2214 Armant
1159 2181 1204 2213 ad
1231 2184 1366 2225 tragicos
1401 2195 1521 2214 soccum

850 2237 981 2267 transire
999 2233 1207 2267 Beverlandi
1218 2233 1291 2267 MS.
1302 2254 1354 2260 -—·
1368 2234 1427 2267 Ad
1444 2236 1524 2267 Tra-

847 2291 945 2332 gicos.
964 2287 1096 2319 Soccus
1107 2285 1345 2320 comoedorum
1359 2295 1431 2320 erat
1444 2300 1523 2332 pro-

849 2341 967 2385 prius,
997 2347 1099 2384 atque
1132 2339 1324 2372 cothurnus
1350 2339 1523 2385 tragoedo-

850 2405 940 2426 rum.
958 2391 1034 2424 Lib.
1056 2392 1131 2433 III,
1150 2392 1258 2437 epigr.
1280 2405 1334 2425 xx.
1353 2391 1428 2426 Hoc
1451 2402 1522 2427 est:

853 2446 905 2477 An
929 2445 1040 2490 placet
1061 2445 1181 2478 missos
1203 2445 1315 2478 facere
1338 2457 1457 2479 versus
1477 2446 1525 2478 le-

853 2498 966 2530 viores
977 2523 985 2538 ,
1002 2509 1120 2541 graves
1142 2497 1315 2531 scribere?

913 2554 969 2589 14.
983 2551 1106 2594 Aspera
1126 2551 1181 2582 ‘vel
1192 2550 1335 2595 patribus
1354 2550 1388 2583 in
1409 2550 1530 2584 codice

856 2603 1072 2636 Florentino.
1086 2604 1171 2636 Dan.
1187 2603 1363 2643 Heinsius,
1379 2602 1419 2636 ad
1432 2604 1534 2637 Clau—

859 2654 1002 2689 dianum
1016 2681 1024 2695 ,
1048 2656 1171 2702 Paneg.
1194 2656 1228 2689 in
1254 2656 1357 2689 Proh.
1378 2665 1411 2689 et
1427 2656 1533 2701 Olyh.

1244 2726 1323 2788 19²
