1978 3305
376 190 961 233 EPIGRAMMATUM
998 190 1122 232 LIB.
1162 190 1250 232 XI.

1415 188 1510 250 647

256 277 303 318 ln
327 275 459 320 vetuli
486 286 622 337 pyctae
647 275 790 337 qualia
816 276 957 321 fronte
983 275 1158 327 sedent,

182 347 282 389 Non
306 346 520 390 iracundis
547 345 648 390 fecit
672 348 815 407 gravis
843 346 1059 406 unguibus
1085 345 1237 399 uxor3'

251 416 454 460 Antiochi
480 416 642 460 ferrum
670 426 758 469 est,
791 426 833 460 et
859 415 1066 460 scelerata
1094 431 1258 459 manus.

182 486 306 529 Unus
329 486 382 529 de
407 487 574 530 cunctis
597 485 854 530 animalibus
877 486 1024 529 hircus
1050 485 1182 528 habet
1206 501 1281 528 cor
1300 502 1310 534 ;

251 556 462 600 Barbatus
486 557 616 611 vivit,
642 572 695 598 ne
721 555 830 599 ferat
855 555 1131 599 Antiochum.

165 680 216 715 14.
231 676 335 708 Vituli
344 685 449 723 pyctae
466 675 544 710 cod.
562 676 704 710 Thuan.
720 677 782 710 Le-

110 728 160 772 git
184 728 360 762 Schrevel.
386 731 505 773 pictae;
532 728 611 762 edd.
637 738 721 762 vett.
749 738 782 762 et

111 780 223 814 Maitt.
242 783 354 825 picta,·
375 782 478 814 Barb.
498 782 685 826 Pyctoe.—·
706 783 780 815 Nu-

110 840 212 877 gatur
249 833 276 865 F
278 834 439 867 arnahius
475 846 554 867 cum
590 847 652 868 suo
686 834 782 880 picto

112 884 295 930 Stigmatia.
316 887 449 920 Verum
471 895 521 920 est
534 895 662 932 pyctae,
686 886 782 932 quod

111 937 262 971 restituit
292 938 478 973 Gruterus.
513 939 587 973 Nec
618 940 693 973 vult
726 940 785 972 ille

112 990 231 1035 Pscten
257 1003 387 1024 nornen
413 1004 484 1025 esse
512 991 652 1037 pugilis.
671 993 783 1026 Immo

107 1051 215 1087 gretes
242 1044 449 1077 vocabulum
471 1057 655 1078 commune
683 1054 716 1078 et
739 1045 783 1078 si-

110 1095 249 1139 gnificat
272 1096 438 1141 pugilem.
467 1096 523 1130 Sic
553 1098 661 1142 gallus
686 1097 783 1143 galli-

112 1159 236 1181 naceus
264 1157 397 1193 pyctes.
424 1149 481 1182 Sic
508 1149 697 1192 Phaedrus,
722 1150 781 1183 lib.

113 1200 174 1240 lV,
199 1201 267 1234 fab.
289 1213 388 1240 μιν,
414 1215 461 1235 vs.
488 1206 507 1241 4
528 1215 536 1235 .·
555 1220 569 1233 α
585 1201 784 1236 Simonides

840 676 934 709 idem
956 676 1037 716 ille,
1061 675 1104 709 de
1124 687 1194 721 quo
1216 675 1356 715 rettuli,
1378 675 1512 708 Victori

842 728 980 762 laudem
994 727 1133 762 cuidam
1149 736 1261 773 pyctae
1276 735 1315 760 ut
1333 728 1515 769 scriberet,

842 782 946 815 Certo
967 780 1133 815 conduxit
1149 781 1275 826 pretio.
1291 776 1303 809 ι’»

899 846 954 878 17.
980 834 1066 867 Unus
1090 833 1128 866 de
1155 836 1293 873 cunctis,
1325 841 1390 866 etc.
1413 833 1515 865 Certe

843 899 946 932 supra
985 885 1164 919 hominem
1203 884 1360 930 adeoque
1401 885 1518 918 omnia

843 939 1002 973 animalia
1027 939 1145 972 hircus
1171 938 1258 984 sapit
1273 964 1282 979 ,
1304 938 1364 983 qui
1387 938 1520 970 mavult

842 992 1012 1037 prolixam
1045 1003 1185 1037 pascere
1215 991 1359 1023 barbam
1376 1015 1385 1030 ,
1415 1002 1517 1035 quam

843 1045 960 1078 subire
975 1043 1078 1077 rudes
1099 1056 1223 1077 manus
1240 1051 1273 1076 et
1291 1043 1435 1076 barbara
1450 1042 1516 1075 tela

845 1096 994 1131 tonsoris
1011 1096 1187 1130 Antiochi.
1202 1096 1267 1129 Καὶ
1283 1095 1396 1140 τράγος
1413 1095 1517 1127 εὐπώ-

844 1163 906 1194 γων
932 1150 1078 1188 εὕστολός
1097 1151 1167 1182 ἐστι
1187 1149 1324 1183 Πλάτων
1338 1173 1347 1189 ,
1368 1147 1510 1180 Anthol.

843 1203 902 1236 lib.
922 1203 978 1242 ΙΙ,
999 1214 1074 1247 cap.
1099 1202 1157 1235 52.

650 1337 974 1393 LXXXV.

655 1495 706 1522 IN
744 1493 975 1522 ZOILUM.

181 1601 351 1644 SIDERE
375 1616 579 1660 percussa
603 1609 666 1643 est
692 1600 834 1644 subito
860 1599 959 1649 tibi,
987 1598 1126 1649 Zoile,
1152 1598 1321 1659 lingua,

252 1671 369 1714 Dum
395 1669 520 1731 lingis
546 1680 661 1714 certe
677 1705 688 1719 ,
717 1669 856 1721 Zoile‚
882 1685 998 1713 nunc
1024 1669 1179 1712 futues.

172 1807 197 1825 ι.
217 1792 325 1826 Sidere
337 1805 495 1837 percussa.
516 1792 595 1826 Lib.
616 1792 704 1833 VII,
724 1803 778 1837 ep.

895 1805 926 1823 2.
948 1791 1042 1823 Nunc
1056 1791 1174 1833 futues.
1198 1789 1294 1822 Idem
1315 1790 1388 1822 fere
1408 1798 1457 1823 est
1477 1802 1514 1822 ac

114 1857 186 1878 xcu
207 1853 241 1878 et
261 1857 364 1890 supra
385 1844 493 1890 epigr.
519 1858 620 1884 xxvx,
643 1857 724 1878 xxm
748 1852 782 1877 et
841 1842 936 1888 quod
966 1843 1002 1875 in
1030 1855 1135 1889 supra
1165 1843 1269 1876 citato
1299 1843 1410 1888 epigr.
1434 1855 1514 1882 mi,

114 1910 172 1930 Lxx
195 1910 345 1943 quorum
369 1898 406 1931 in
429 1898 551 1931 ultimo

114 1951 270 1995 gulosam
289 1951 389 1984 solvit
410 1949 573 1984 indecens
593 1951 744 1984 morbus.
763 1967 776 1978 »ι

576 1910 582 1930 ;
611 1915 624 1927 «ι
643 1898 780 1931 Partem
841 1908 889 1929 vs.
925 1909 960 1940 9.
993 1914 1006 1925 «ι
1034 1894 1213 1936 Gaudete,
1245 1896 1373 1936 cuuni3
1407 1903 1516 1928 vestra

841 1961 992 1994 namque
1014 1960 1068 1981 res
1087 1957 1159 1982 acta
1180 1957 1239 1982 est.
1260 1967 1271 1978 a

637 2082 996 2141 LXXXVL

1117 2218 1134 2234 ῃ

509 2241 561 2268 ΙΝ
602 2237 1087 2268 PARTHENOPAEUM.

186 2350 363 2392 anu
389 2357 435 2390 ut
459 2347 602 2391 fauces
626 2345 840 2398 medicus,
868 2361 974 2404 quas
1001 2360 1151 2404 aspera
1177 2354 1302 2388 vexat

256 2418 436 2462 Assidue
462 2418 589 2461 tussis
605 2452 615 2468 ,
638 2416 948 2476 Parthenopaee
966 2449 976 2464 ,
1001 2414 1101 2468 tibi3

172 2539 185 2550 ''
207 2545 247 2576 In
268 2545 380 2577 virum
406 2544 463 2589 qui
497 2544 655 2577 morbum
682 2544 788 2575 simu-

119 2598 190 2629 lans
221 2595 366 2630 delicata
405 2605 537 2630 lantum
567 2605 599 2627 et
625 2595 790 2641 exquisita

851 2541 972 2575 edebat
986 2567 994 2582 ‚
1012 2550 1043 2574 et
1067 2554 1167 2587 quem
1193 2542 1270 2586 gula
1288 2541 1404 2585 potius
1423 2543 1517 2574 labo-

852 2607 926 2628 rare
945 2607 1049 2639 quam
1071 2595 1152 2627 tussi
1172 2594 1218 2627 ait
1239 2594 1375 2627 Noster.

1309 2666 1316 2682 Ι

1226 2668 1277 2719 ΤΗ
