1978 3305
472 220 495 247 r

470 224 565 276 324

840 223 902 265 M.
928 224 1067 266 VAL.
1108 223 1502 267 MARTIALIS

604 311 661 353 Et
683 308 779 352 faba
803 309 1026 353 fabrorum
1041 346 1052 366 ‚
1074 312 1399 372 prototomique
1418 309 1560 355 rudes.

538 378 685 423 Pullus
714 379 769 423 ad
793 379 909 436 haec,
935 381 1154 441 coenisque
1179 382 1317 425 tribus
1342 381 1428 441 jam
1454 396 1590 442 perna
1615 392 1835 442 superstes

609 449 837 493 Addetur:
865 451 1021 494 saturis
1044 452 1163 495 mitia
1192 467 1323 512 poma
1350 451 1475 495 dabo.

540 521 608 563 De
633 519 911 564 Nomentana
939 521 1088 564 vinum
1119 523 1209 565 sine
1236 521 1339 565 faece
1364 521 1538 582 lagena,

608 590 718 646 Quae
743 590 809 634 bis
831 591 1040 635 Frontino
1062 591 1242 636 consule
1262 591 1390 652 plena
1415 592 1512 635 fuit.
1846 621 1875 636 μ

540 659 760 704 Accedent
784 661 875 705 sine
900 660 998 705 felle
1014 661 1125 722 joci,
1148 678 1228 707 nec
1254 678 1381 706 mane
1406 661 1597 706 timenda

609 730 832 787 Libertas,
857 740 901 775 et
925 731 1007 788 nil,
1027 732 1145 793 quod
1167 733 1352 777 tacuisse
1373 731 1493 776 velis.

538 802 608 844 De
638 802 816 845 Prasino
842 803 1028 846 conviva
1052 820 1197 859 meus,
1218 805 1478 863 Venetoque
1502 801 1730 863 loquatur;

608 873 701 915 Nec
728 871 888 916 facient
915 889 1180 934 quemquam
1206 871 1365 935 pocula
1389 883 1541 918 nostra
1569 889 1705 917 reum.

467 1009 526 1042 dat
552 1009 580 1042 is
612 1017 766 1044 structor
798 1022 859 1043 seu
879 1009 1052 1050 omicida,
1083 1010 1145 1056 qui

467 1061 607 1096 ordinat
624 1071 658 1095 et
674 1063 855 1108 componit
875 1063 1017 1096 fercula.

527 1118 588 1149 16.
605 1117 655 1148 Et
673 1115 756 1159 faba
778 1116 956 1156 fabrorum.
985 1116 1143 1157 Quibus-

467 1168 547 1202 dam
565 1168 682 1202 herbis
701 1166 842 1202 condita
863 1169 940 1202 faba
961 1167 1146 1202 dicebatur

468 1221 856 1255 fabrilis--Procotoma
870 1221 946 1256 Hoc
955 1229 1024 1263 est,
1038 1221 1146 1268 primi

468 1275 582 1308 caules
612 1274 673 1320 qui
699 1273 943 1308 succiduntur.
965 1273 1059 1309 Vide
1081 1275 1145 1309 lib.

470 1328 572 1368 XIV,
592 1327 701 1372 epigr.
721 1339 768 1360 cl.

527 1393 583 1425 17.
606 1380 703 1413 Coena
720 1392 787 1425 pro
801 1393 903 1425 perna
920 1379 994 1414 MS.
1009 1380 1144 1414 Beverl.

468 1455 521 1460 --—
531 1434 636 1465 Perna
649 1440 812 1479 superstes.
829 1433 915 1474 Quae
930 1445 1059 1480 nempe
1073 1436 1144 1478 jam

468 1486 581 1520 tribus
600 1486 706 1519 coenis
727 1486 897 1519 inserviit.

526 1541 583 1574 18.
612 1538 748 1572 Saturis.
781 1539 859 1572 Hoc
885 1547 953 1581 est,
982 1537 1145 1573 secundis

468 1592 596 1625 mensis
615 1604 789 1638 apponam
808 1604 924 1636 poma.

527 1658 541 1679 1
552 1659 585 1689 9.
604 1646 654 1678 De
672 1646 893 1685 Nomentana,
909 1653 974 1678 etc.
990 1644 1147 1678 Nomen-

469 1706 592 1731 tanum
614 1698 734 1731 vinum
751 1724 760 1737 ‚
779 1710 849 1744 quo
865 1697 1056 1739 recentius,
1076 1698 1145 1732 hoc

466 1749 640 1793 deterius;
656 1763 726 1796 quo
741 1751 911 1785 vetustius
923 1777 933 1793 ,
954 1751 1021 1784 hoc
1042 1763 1146 1796 gene-

467 1803 800 1838 rosius.Vid.a(llib.
812 1805 844 1843 I,
859 1805 951 1850 epig.
961 1816 1093 1844 cv1‚vs.
1113 1817 1144 1838 1.

527 1871 584 1891 20.
610 1858 721 1890 Prima
741 1870 806 1903 pro
820 1858 917 1902 plena
944 1856 1025 1890 edd.
1054 1858 1145 1890 anti-

469 1923 560 1956 quae.
579 1932 631 1937 —
647 1911 815 1944 Frontino.
839 1910 905 1943 Hic
927 1910 995 1943 loci
1020 1910 1144 1955 procul

469 1962 579 1996 dubio
595 1963 754 1997 innuitur
767 1975 911 1996 sununae
923 1962 1144 1996 claritudinis

468 2016 523 2049 vir
531 2017 625 2050 Sext.
639 2016 912 2049 Jul.Fr0minus
925 2015 997 2061 qui,
1010 2016 1144 2061 plebeia

468 2070 574 2115 stirpe
595 2068 788 2110 oriundus,
808 2069 950 2114 ingenio
973 2077 1086 2102 tamen
1111 2077 1144 2102 et

468 2131 542 2155 tum
557 2123 606 2155 rei
625 2122 782 2156 militaris
801 2122 943 2156 scientia
956 2147 964 2162 ‚
985 2130 1061 2155 tuin
1084 2120 1144 2154 ad-

467 2175 707 2209 ministrandae
743 2175 950 2221 reipublicae
985 2174 1110 2221 peritia
1134 2201 1143 2216 ‚

466 2236 605 2273 praetor,
617 2229 758 2265 consul,
774 2241 893 2274 augur,
905 2241 984 2261 mox
999 2227 1142 2267 Siluras,

466 2282 655 2315 Britanniae
677 2281 866 2328 populum,
888 2280 1028 2314 domuit
1042 2278 1142 2317 (ann.

467 2335 510 2368 U.
529 2334 567 2367 C.
587 2337 674 2379 827,
694 2335 779 2368 Chr.
797 2335 843 2368 N.
859 2328 941 2380 715).
960 2335 1004 2367 At
1020 2334 1078 2368 hic
1093 2347 1144 2367 re-

464 2388 599 2432 quiram
614 2400 656 2420 an
676 2387 728 2421 bis
745 2388 802 2421 ille
823 2389 955 2421 consul.
977 2389 1079 2421 Certe
1100 2400 1143 2420 ne

464 2441 567 2473 semel
586 2440 730 2486 quidem
753 2441 786 2474 in
804 2441 912 2473 Fastis
930 2453 1059 2473 nomen
1075 2440 1141 2473 viri

466 2493 725 2538 r‹·pcrias.Vcri
752 2503 865 2527 tamen
896 2493 1114 2527 simillimum
1130 2517 1139 2531 ‚

464 2547 689 2591 subrogatum
713 2559 791 2580 euin
813 2560 884 2580 csso
906 2559 998 2580 anno
1017 2546 1140 2579 eodem

467 2604 510 2639 Τά
529 2625 537 2639 ,
563 2612 672 2645 quum
697 2613 715 2632 ο.
747 2600 946 2639 Britannia,
972 2600 1142 2645 Agricola:

465 2651 591 2685 tradita
609 2680 617 2694 ,
639 2654 784 2689 Romani
805 2666 962 2688 reversus
979 2662 1077 2687 essct.
1101 2654 1141 2685 At

1204 1023 1275 1056 quo
1291 1018 1396 1056 pacto
1411 1010 1538 1043 iterum
1549 1035 1558 1050 ‚
1569 1021 1626 1043 me
1640 1009 1742 1055 fugit.
1756 1009 1878 1041 En.—

1204 1064 1318 1096 Plena.
1339 1063 1418 1105 Qua
1436 1075 1518 1096 sane
1534 1061 1756 1096 reconditum
1772 1061 1881 1094 Fron-

1205 1115 1281 1150 tino
1300 1116 1429 1149 iterum
1448 1128 1517 1149 cos.
1531 1115 1668 1149 viuum.
1687 1115 1802 1148 Plenae
1819 1127 1880 1147 au-

1205 1177 1276 1203 tem
1296 1168 1333 1201 id
1352 1168 1537 1215 temporis,
1554 1176 1732 1202 senectute
1749 1165 1879 1212 aliquid

1205 1221 1387 1255 deraditur
1400 1230 1434 1256 et
1453 1221 1617 1255 vanescit.

1262 1287 1322 1309 21.
1338 1275 1407 1309 Nec
1429 1288 1538 1315 mane,
1559 1282 1624 1308 etc.
1650 1273 1807 1306 Libertas
1828 1272 1880 1305 lo-

1205 1326 1358 1373 quendi,
1392 1329 1492 1372 cujus
1511 1330 1578 1360 ‘nos
1607 1340 1678 1360 non
1715 1325 1881 1372 poeniteat

1203 1381 1369 1426 proximo
1397 1393 1518 1422 mane,
1539 1379 1593 1413 vel
1618 1387 1766 1425 propter
1785 1377 1880 1411 diffi-

1205 1434 1307 1466 cilem
1334 1433 1486 1480 aliquem
1513 1432 1695 1466 convivam
1712 1457 1722 1473 ‚
1741 1431 1796 1464 vel
1820 1431 1879 1476 qui

1204 1485 1297 1520 dicta
1322 1486 1406 1520 foris
1430 1486 1606 1527 eliminet,
1626 1496 1794 1530 reumque
1815 1496 1880 1530 po-

1205 1540 1367 1573 culorum
1388 1539 1500 1573 faciat.

1261 1591 1319 1625 23.
1331 1593 1508 1625 Parrasino
1517 1589 1596 1624 cod.
1609 1588 1879 1624 Beverlandi.-

1205 1645 1257 1678 De
1283 1645 1431 1678 Prasino.
1462 1646 1513 1678 De
1541 1643 1756 1677 factionibus
1789 1643 1880 1676 auri-

1204 1710 1325 1743 garum
1338 1724 1348 1740 ,
1365 1707 1398 1731 et
1419 1696 1544 1731 studiis
1565 1695 1740 1742 Principis
1761 1704 1794 1729 et
1814 1696 1880 1728 Po·

1203 1751 1292 1796 puli.
1311 1751 1389 1784 Jam
1412 1750 1520 1784 fusius
1539 1762 1645 1795 supra
1664 1748 1798 1782 dictum
1817 1748 1880 1781 lib.

1205 1805 1277 1845 VI,
1297 1804 1501 1849 epigramm.
1523 1814 1618 1836 xzvt.
1641 1802 1880 1836 Periculosum

1204 1856 1348 1903 quidem
1377 1857 1444 1890 fuit
1476 1856 1517 1890 iis
1543 1869 1614 1889 non
1649 1856 1784 1895 favere,
1803 1854 1880 1900 qui-

1203 1911 1270 1943 bus
1308 1910 1468 1943 favebant
1502 1910 1677 1949 Caesares3
1704 1907 1879 1953 periculo·

1204 1976 1279 1997 suin
1307 1975 1392 1996 vero
1428 1962 1580 1996 maxime
1617 1962 1681 1994 sub
1717 1961 1875 1996 Nerone.

1204 2016 1349 2050 Vitellio
1372 2024 1405 2049 et
1424 2015 1636 2049 Domitiano.
1655 2014 1804 2047 Prasinre
1821 2025 1881 2046 au-

1204 2077 1272 2102 tem
1304 2077 1337 2102 et
1361 2070 1505 2102 Venetae
1528 2068 1677 2100 maxime
1703 2066 1876 2100 favebant.

1203 2122 1233 2154 A
1264 2122 1384 2155 colore
1413 2134 1494 2166 ergo
1526 2121 1572 2154 ita
1606 2119 1769 2165 appellati
1800 2127 1881 2152 sunt

1203 2174 1350 2213 Veneti.
1372 2174 1520 2214 prasini,
1541 2173 1662 2214 Rosei,
1683 2172 1774 2204 Albi.
1797 2172 1880 2204 Pra-

1201 2230 1262 2259 sim'
1292 2227 1386 2260 enim
1415 2227 1590 2260 habebant
1624 2224 1773 2259 viridem
1805 2225 1881 2257 cul-

1204 2289 1279 2313 tum
1297 2293 1304 2312 :
1329 2280 1476 2320 Veneti,
1491 2279 1692 2314 caeruleum.
1710 2279 1754 2311 Et
1773 2277 1879 2311 Palat.

1202 2333 1260 2366 hic
1288 2333 1370 2379 legit
1397 2346 1404 2366 z
1430 2351 1443 2362 ιι
1461 2334 1511 2365 Dc
1536 2332 1681 2365 Prasino
1710 2339 1881 2376 scutoque

1203 2399 1299 2419 meus
1322 2387 1467 2420 conviva
1487 2386 1737 2431 loquaturznut
1758 2383 1879 2417 sortas-

1200 2440 1245 2473 sis
1269 2440 1392 2473 fuerit:
1412 2457 1426 2468 «-
1444 2441 1494 2472 De
1512 2438 1656 2472 Prasino
1674 2438 1879 2482 Scorpoquo

1201 2505 1298 2526 meus·
1322 2493 1467 2526 conviva
1498 2493 1662 2537 loquatur
1678 2503 1714 2530 »3
1740 2502 1778 2522 ac
1808 2501 1877 2521 non

1202 2555 1270 2579 tam
1295 2546 1459 2579 factiones
1481 2544 1637 2589 ‹lt-signet
1661 2543 1880 2587 aurigarum,

1202 2612 1306 2644 (piam
1331 2599 1406 2632 illos
1425 2598 1560 2644 aurigas
1581 2596 1646 2643 ipsi
1670 2595 1879 2641 Imperatori

1203 2665 1312 2687 caros.
1334 2651 1462 2686 Gruter.
