1978 3305
355 247 941 292 EPIGRAMMATUM
978 246 1102 289 LIB.
1141 246 1197 288 V.

1394 260 1481 306 107

289 335 380 378 Scis
403 344 544 391 certe,
566 344 674 396 puto
690 371 702 390 ‚
724 345 870 380 vestra
887 335 977 395 jam
997 333 1146 376 venire

285 404 527 449 Saturnalia
540 441 551 462 ‚
573 406 756 450 Martias
782 404 1002 450 Kalendas
1020 420 1029 446 :

285 476 410 519 Tunc
434 475 614 520 reddam
637 476 738 533 tibi,
761 475 909 533 Galla,
932 473 1050 536 quod
1072 471 1241 517 dedisti.

133 623 191 645 10.
209 610 278 645 Scis
296 619 389 652 certe,
404 620 496 658 puto,
519 620 627 645 nostra
650 625 669 646 e
687 624 750 646 suo

76 664 223 710 exempl.
237 673 306 699 vet.
318 666 445 711 probat
457 665 677 698 Pulmannus
690 689 700 706 ‚
717 673 753 699 et

75 717 125 751 sic
155 717 365 752 Beverlandi
393 718 469 751 MS.
497 719 550 752 De
576 726 753 763 permuta-

78 771 172 804 tione
185 771 438 816 pronominum
450 778 566 811 noster,
588 778 622 805 et
633 779 749 812 vester,

76 822 158 857 vide
174 836 238 857 nos
257 822 301 856 ad
318 823 449 857 Tibull.
468 824 535 865 IV,
553 835 602 866 11,
625 827 684 864 24.

134 888 193 910 11.
219 876 359 909 Martias
382 876 551 909 Kalendas
575 889 587 910 :
620 875 665 909 de
697 876 752 910 his

75 930 145 974 jam
171 928 292 974 plura,
321 936 396 963 not.
423 941 444 973 9
461 954 471 969 ‚
491 942 568 975 sup.
590 927 652 963 sed
673 928 754 962 vide

77 981 296 1016 Garebinum
317 980 410 1028 apud
435 982 557 1016 Horat.
585 980 645 1015 od.
671 982 752 1015 111:

80 1035 118 1074 8,
140 1034 216 1068 fuse
240 1033 466 1069 disserentem
481 1061 491 1077 ‚
512 1044 547 1069 et
581 1034 755 1069 Levinum

78 1087 307 1121 Torrentium
339 1087 384 1122 ad
422 1087 584 1122 eumdem
624 1087 752 1121 locum.

78 1140 233 1174 Consule
266 1140 444 1182 solinum,
472 1153 548 1187 cap.
574 1140 619 1181 33
648 1139 752 1174 Ovid.

79 1192 170 1227 Fast.
196 1193 259 1227 lib.
284 1193 342 1236 V;
362 1194 536 1240 Porphyr.
566 1192 610 1227 ad
631 1193 753 1227 Horat.

79 1246 213 1279 Tibull.
231 1246 255 1280 l.
269 1246 341 1287 ΙΙΙ,
359 1258 391 1288 1,
408 1246 427 1279 3
441 1259 449 1280 :
471 1264 485 1277 α
500 1247 546 1280 Et
560 1259 644 1291 vaga
658 1259 754 1280 nunc

79 1307 172 1332 certa
199 1298 402 1333 discurrunt
426 1299 584 1345 undique
604 1312 754 1345 pompa,

79 1352 216 1398 Perque
232 1352 305 1386 vias
323 1352 420 1386 urbis
439 1365 586 1387 munera
597 1378 607 1395 ‚
623 1364 755 1398 perque

80 1403 218 1439 domos.
232 1423 246 1435 n
273 1406 422 1439 Romani
441 1406 584 1440 Martias
602 1406 755 1440 celebra-

82 1458 168 1493 bant
196 1458 394 1504 Kalendas,
414 1460 470 1494 vel
498 1458 596 1506 quod
625 1471 666 1493 eo
697 1458 755 1493 die

809 624 877 658 pax
903 613 1080 646 Romanos
1102 610 1196 643 inter
1214 617 1248 643 et
1269 608 1416 642 Sabinos
1438 608 1488 642 fa-

810 671 866 698 cta
881 664 1008 706 fuerit;
1024 664 1079 697 vel
1097 662 1195 709 quod
1211 660 1316 696 AEdes
1336 661 1488 695 Junonis

809 717 954 751 Lucinae
973 715 1098 750 eodem
1117 716 1186 751 coli
1206 723 1332 760 coepta.
1354 715 1488 747 Kalen·

810 769 871 804 das
887 782 1006 803 omnes
1018 769 1056 802 in
1068 769 1090 802 J
1092 768 1218 802 unonis
1232 768 1369 802 ditione
1386 767 1491 801 fuisse

811 831 962 857 constat·
977 835 987 856 ε
1023 834 1131 868 quare
1162 821 1292 854 mirum
1334 832 1407 853 non
1439 828 1490 854 est

812 875 923 909 aedem
956 875 1009 909 illi
1049 874 1247 910 dedicatam
1287 873 1391 906 fuisse
1417 874 1490 906 Ka-

810 928 924 963 lendis
939 928 1093 971 Martiis3
1112 928 1206 961 Mars
1227 927 1322 960 enim
1340 927 1361 959 J
1365 926 1490 959 unonis

812 982 906 1015 filius
918 1008 926 1023 ‚
940 991 979 1016 ut
994 983 1159 1015 Romanae
1171 980 1285 1026 gentis
1300 987 1422 1012 auctor
1435 991 1490 1012 ce-

812 1035 979 1069 lebratur.
991 1035 1138 1069 Necnon
1155 1034 1284 1067 harum
1298 1032 1490 1072 celebritas,

813 1087 969 1134 quamvis
983 1087 1213 1121 feminearum
1226 1112 1236 1128 ,
1246 1085 1291 1119 ad
1304 1085 1399 1119 viros
1415 1098 1492 1131 per-

813 1141 921 1175 tinuit
934 1167 944 1183 ,
962 1139 1069 1175 modo
1089 1140 1224 1174 caelibes
1240 1152 1313 1172 non
1335 1138 1489 1178 fuerint;

813 1206 897 1227 nam
912 1194 1029 1228 mariti
1047 1193 1172 1228 iisdem
1188 1192 1312 1226 diebus
1331 1204 1396 1238 pro
1412 1203 1491 1224 con-

814 1246 995 1281 servandis
1030 1245 1264 1280 matrimoniis
1296 1244 1490 1290 supplicare

815 1301 991 1340 solebant,
1012 1308 1158 1346 propter
1179 1297 1387 1332 memoriam
1412 1296 1491 1330 initi

815 1352 954 1387 foederis
968 1361 1147 1399 raptarum
1163 1352 1371 1386 Sabinarum
1386 1350 1492 1383 inter-

815 1407 980 1441 cessione.
1005 1407 1071 1440 En.

873 1472 930 1494 12.
954 1460 1053 1505 Quod
1075 1459 1200 1493 dedisti.
1223 1457 1363 1492 Scilicet
1386 1455 1490 1489 nihil.
