1978 3305
486 250 581 306 364
858 255 918 297 M.
942 256 1083 299 VAL.
1122 256 1514 301 MARTIALIS

1025 403 1344 459 LXXVL

967 558 1019 585 {N
1061 539 1412 588 GALLICUM.*

693 682 782 726 Dic
810 698 960 726 verum
986 683 1113 738 mihi,
1136 685 1313 739 Marce,
1335 684 1404 728 dic
1431 684 1613 737 amabo,

693 751 764 795 Nil
795 762 882 808 est,
907 753 1024 814 quod
1052 755 1190 815 magis
1219 754 1390 798 audiam
1421 754 1607 800 libenter
1632 772 1640 798 2

693 822 765 866 Sic
795 833 839 867 et
865 840 1000 885 quum
1027 825 1182 869 recitas
1210 834 1306 869 tuos
1332 824 1523 880 libellos,

690 893 748 936 Et
775 909 950 938 causam
977 895 1145 955 quoties
1169 896 1260 956 agis
1284 894 1476 952 clientis,

689 963 830 1020 oras,
862 963 1052 1019 Gallice,
1083 981 1152 1009 me
1183 982 1396 1027 rogasque
1425 982 1608 1027 semper.

690 1034 865 1077 Durum
895 1046 960 1078 est
990 1052 1059 1079 me
1089 1035 1190 1090 tibi,
1221 1036 1338 1097 quod
1368 1037 1500 1097 petis,
1529 1049 1703 1096 negare:

692 1105 810 1148 Vero
835 1106 980 1149 verius
1003 1122 1109 1167 ergo
1135 1105 1238 1167 quid
1263 1107 1339 1162 sit,
1368 1106 1469 1150 audi
1499 1123 1507 1149 :

690 1175 879 1231 Verum,
910 1174 1098 1230 Gallice,
1128 1193 1217 1220 non
1244 1175 1428 1221 libenter
1460 1176 1596 1221 audis.

534 1305 548 1320 ⁴
575 1311 641 1344 Hic
665 1312 796 1345 nullam
824 1313 985 1347 lectionis
1011 1314 1157 1348 varieta-
1216 1326 1322 1348 voces
1335 1327 1420 1361 quas
1441 1322 1650 1360 perpetuum
1671 1314 1824 1349 Gallicus
1840 1326 1896 1347 re-

482 1372 550 1397 tem
573 1364 739 1398 exhibent
760 1367 969 1412 exemplaria
996 1375 1053 1400 aut
1077 1367 1158 1400 scri·
1216 1368 1326 1401 citans
1345 1367 1382 1400 in
1401 1379 1462 1401 ore
1479 1367 1594 1401 habet.

479 1424 538 1461 pta
560 1425 619 1450 aut
640 1430 775 1451 excusa.
1271 1421 1305 1454 3.
1327 1421 1473 1454 Libellos.
1494 1420 1647 1454 Videtur
1667 1420 1756 1453 mihi
1775 1419 1831 1453 hic
1852 1419 1897 1453 de

532 1491 583 1496 —
599 1471 828 1516 Argutissime
849 1472 960 1517 tangit
982 1472 1157 1507 Gallicum
1216 1474 1362 1519 poeticis
1383 1474 1559 1519 opusculis
1587 1481 1753 1518 tangere3
1777 1472 1896 1518 proxi-

478 1521 522 1555 de
539 1535 602 1555 suo
624 1523 764 1568 ingenio
785 1525 994 1571 scriptisque
1015 1534 1154 1559 senten·
1217 1539 1275 1560 mo
1296 1535 1411 1560 autem
1434 1539 1535 1560 versu
1558 1525 1603 1559 de
1626 1526 1668 1559 iis
1687 1538 1764 1572 quae
1785 1526 1896 1559 soluta

479 1575 562 1608 tiam
576 1576 690 1610 Poetae
703 1577 1003 1622 requirentem‚et
1022 1578 1155 1625 aliquid
1215 1580 1386 1614 oratione.
1425 1580 1574 1613 Fortean
1608 1587 1723 1613 tamen
1759 1579 1794 1612 in
1828 1578 1897 1612 hoc

478 1627 590 1662 laudis
618 1639 862 1676 aucupantem.
890 1629 983 1664 Vide
1015 1631 1076 1665 lib.
1109 1633 1156 1674 V,
1215 1641 1351 1666 constat
1366 1633 1536 1673 ἀντίθεσις,
1552 1640 1592 1665 ut
1605 1631 1648 1665 ad
1668 1631 1825 1678 publicas
1846 1643 1898 1664 re-

478 1682 587 1727 epigr.
600 1684 1155 1729 inv,etlib.VlI‚epigr.xxvn,
1216 1685 1397 1719 citationes
1425 1685 1617 1719 versiculus
1637 1686 1754 1731 prior,
1779 1685 1897 1731 publi-

480 1747 528 1768 vs.
544 1746 564 1778 9
577 1747 587 1776 ;
602 1743 636 1768 et
649 1736 759 1770 Persii
771 1746 878 1783 satyr.
898 1749 931 1779 1,
946 1749 995 1771 vs.
1014 1738 1072 1771 55.
1214 1750 1289 1772 cam
1327 1737 1369 1772 ad
1396 1739 1568 1772 actionem
1597 1738 1771 1784 posterior
1785 1736 1896 1790 &refe-

538 1801 569 1821 1.
585 1788 671 1821 Milan·
676 1815 814 1824 .......
826 1790 968 1824 libenter.
987 1791 1045 1824 Eae
1073 1799 1153 1824 sunt
1213 1790 1344 1825 rendus
1358 1791 1411 1825 sit.
1429 1792 1495 1825 ΕΙ).

1016 1927 1356 1985 LXXVH.

849 2084 919 2112 AD
959 2084 1215 2114 LIBERUM
1258 2083 1507 2113 AMICUM.

548 2208 713 2260 Lmen,
738 2206 980 2251 amicorum
1003 2206 1251 2251 dulcissima
1278 2223 1381 2251 cura
1407 2216 1583 2251 tuorum
1600 2243 1612 2258 ,

619 2277 773 2331 Liber,
802 2278 846 2321 in
871 2286 1033 2322 aeterna
1065 2278 1211 2322 vivere
1239 2277 1369 2338 digne
1399 2293 1522 2330 rosa;

547 2348 588 2392 Si
613 2349 751 2409 sapis,
778 2349 952 2409 Assyrio
981 2365 1153 2409 semper
1179 2348 1254 2392 tibi
1285 2350 1417 2392 crinis
1447 2365 1622 2393 amomo

533 2502 563 2521 ¹1.
595 2489 631 2521 In
657 2497 773 2521 (eterna
803 2502 882 2522 rosa.
916 2489 989 2522 Hoc
1018 2497 1087 2529 est,
1117 2489 1152 2522 in
1213 2489 1308 2534 Syrio
1335 2489 1491 2535 capillos.
1515 2506 1528 2517 -
1556 2509 1607 2516 --
1629 2490 1765 2522 Amomo
1791 2489 1892 2535 ⁶¹³³)-

476 2541 651 2586 perpetuis
674 2542 924 2587 voluptatibus.
1214 2544 1280 2580 rio.
1301 2551 1367 2575 etc.
1392 2542 1587 2587 Unguentis
1606 2541 1755 2575 delibuti
1778 2551 1807 2574 et
1835 2541 1896 2574 sso-

532 2594 564 2626 3.
586 2595 718 2640 Assyrio
732 2621 822 2628 .....
821 2608 830 2626 ς
830 2596 987 2640 plendeal.
1010 2595 1064 2629 Sic
1088 2595 1154 2628 Ho-
1214 2595 1280 2628 reis
1302 2595 1400 2628 sertis
1429 2595 1587 2628 coronati
1617 2595 1893 2628 convivabantur

475 2647 603 2687 ratius,
623 2647 682 2680 lib.
704 2649 735 2679 ll
750 2673 759 2688 ,
781 2648 838 2681 od.
865 2660 914 2681 νῑι
931 2673 941 2687 ,
963 2662 1049 2682 vers.
1074 2661 1092 2693 ζ·
1121 2657 1149 2680 vt
1218 2647 1461 2681 Veteresw‘id.
1478 2660 1553 2693 quae
1569 2647 1611 2681 ad
1627 2649 1765 2680 Sem-cm
1777 2648 1893 2693 Thye-

479 2703 521 2738 8,
547 2718 559 2728 ·=
580 2709 766 2734 coronatus
784 2703 913 2733 nitentes
934 2702 1152 2735 Malobatlirn
1216 2710 1288 2734 <ivn
1312 2700 1428 2734 adnot.
1454 2701 1599 2733 Far-nab.
1627 2705 1696 2741 ηάα
1724 2709 1752 2733 vt
1779 2703 1864 2743 955.
