<?xml version="1.0" encoding="UTF-8"?>
<!DOCTYPE html PUBLIC "-//W3C//DTD XHTML 1.0 Transitional//EN"
    "http://www.w3.org/TR/xhtml1/DTD/xhtml1-transitional.dtd">
<html xmlns="http://www.w3.org/1999/xhtml" xml:lang="en" lang="en">
 <head>
  <title>
</title>
<meta http-equiv="Content-Type" content="text/html;charset=utf-8" />
  <meta name='ocr-system' content='tesseract 3.04.00' />
  <meta name='ocr-capabilities' content='ocr_page ocr_carea ocr_par ocr_line ocrx_word'/>
</head>
<body>
  <div class='ocr_page' id='page_1' title='image "./epigrammata02martuoft/epigrammata02martuoft_0133.png"; bbox 0 0 1978 3305; ppageno 0'>
   <div class='ocr_carea' id='block_1_1' title="bbox 361 259 1494 305">
    <p class='ocr_par' dir='ltr' id='par_1_1' title="bbox 361 259 1494 305">
     <span class='ocr_line' id='line_1_1' title="bbox 361 259 1494 305; baseline -0.003 -2"><span class='ocrx_word' id='word_1_1' title='bbox 361 260 947 305; x_wconf 81' lang='lat' dir='ltr'><strong>EPIGRAMMATUM</strong></span> <span class='ocrx_word' id='word_1_2' title='bbox 985 259 1111 302; x_wconf 90' lang='lat' dir='ltr'><strong>LlB.</strong></span> <span class='ocrx_word' id='word_1_3' title='bbox 1151 259 1236 301; x_wconf 83' lang='lat' dir='ltr'>VI.</span> <span class='ocrx_word' id='word_1_4' title='bbox 1409 273 1494 301; x_wconf 79' lang='lat'>121</span> 
     </span>
    </p>
   </div>
   <div class='ocr_carea' id='block_1_2' title="bbox 733 409 868 465">
    <p class='ocr_par' dir='ltr' id='par_1_2' title="bbox 733 409 868 465">
     <span class='ocr_line' id='line_1_2' title="bbox 733 409 868 465; baseline 0 -1"><span class='ocrx_word' id='word_1_5' title='bbox 733 409 868 465; x_wconf 90' lang='lat' dir='ltr'>XV.</span> 
     </span>
    </p>
   </div>
   <div class='ocr_carea' id='block_1_3' title="bbox 303 538 1297 589">
    <p class='ocr_par' dir='ltr' id='par_1_3' title="bbox 303 538 1297 589">
     <span class='ocr_line' id='line_1_3' title="bbox 303 538 1297 589; baseline 0 -2"><span class='ocrx_word' id='word_1_6' title='bbox 303 560 369 587; x_wconf 92' lang='lat' dir='ltr'>DE</span> <span class='ocrx_word' id='word_1_7' title='bbox 408 560 665 589; x_wconf 80' lang='lat' dir='ltr'>FORMICA</span> <span class='ocrx_word' id='word_1_8' title='bbox 704 559 951 588; x_wconf 85' lang='lat' dir='ltr'>SUCCINO</span> <span class='ocrx_word' id='word_1_9' title='bbox 991 538 1297 589; x_wconf 61' lang='lat' dir='ltr'><strong>[NCLUSA.*</strong></span> 
     </span>
    </p>
   </div>
   <div class='ocr_carea' id='block_1_4' title="bbox 165 675 1321 948">
    <p class='ocr_par' dir='ltr' id='par_1_4' title="bbox 165 675 1306 807">
     <span class='ocr_line' id='line_1_4' title="bbox 165 675 1306 736; baseline 0 -17"><span class='ocrx_word' id='word_1_10' title='bbox 165 678 283 719; x_wconf 82' lang='lat' dir='ltr'>DUM</span> <span class='ocrx_word' id='word_1_11' title='bbox 308 675 607 719; x_wconf 81' lang='lat' dir='ltr'>Phaethontea</span> <span class='ocrx_word' id='word_1_12' title='bbox 636 676 816 720; x_wconf 83' lang='lat' dir='ltr'>formica</span> <span class='ocrx_word' id='word_1_13' title='bbox 843 685 1026 736; x_wconf 82' lang='lat' dir='ltr'>vagatur</span> <span class='ocrx_word' id='word_1_14' title='bbox 1054 677 1095 719; x_wconf 86' lang='lat' dir='ltr'>in</span> <span class='ocrx_word' id='word_1_15' title='bbox 1128 677 1306 731; x_wconf 80' lang='lat' dir='ltr'>umbra,</span> 
     </span>
     <span class='ocr_line' id='line_1_5' title="bbox 235 745 1192 807; baseline 0.001 -19"><span class='ocrx_word' id='word_1_16' title='bbox 235 745 454 806; x_wconf 86' lang='lat' dir='ltr'>Implicuit</span> <span class='ocrx_word' id='word_1_17' title='bbox 481 756 657 790; x_wconf 84' lang='lat' dir='ltr'>tenuem</span> <span class='ocrx_word' id='word_1_18' title='bbox 684 747 859 791; x_wconf 85' lang='lat' dir='ltr'>succina</span> <span class='ocrx_word' id='word_1_19' title='bbox 891 755 1015 807; x_wconf 78' lang='lat' dir='ltr'>gutta</span> <span class='ocrx_word' id='word_1_20' title='bbox 1044 746 1192 789; x_wconf 81' lang='lat' dir='ltr'>feram.</span> 
     </span>
    </p>

    <p class='ocr_par' dir='ltr' id='par_1_5' title="bbox 165 816 1321 948">
     <span class='ocr_line' id='line_1_6' title="bbox 165 816 1321 877; baseline 0 -18"><span class='ocrx_word' id='word_1_21' title='bbox 165 817 236 859; x_wconf 84' lang='lat' dir='ltr'>Sic</span> <span class='ocrx_word' id='word_1_22' title='bbox 263 816 393 860; x_wconf 90' lang='lat' dir='ltr'>modo</span> <span class='ocrx_word' id='word_1_23' title='bbox 416 833 510 876; x_wconf 85' lang='lat' dir='ltr'>quae</span> <span class='ocrx_word' id='word_1_24' title='bbox 534 816 674 860; x_wconf 77' lang='lat' dir='ltr'>fuerat</span> <span class='ocrx_word' id='word_1_25' title='bbox 702 817 787 859; x_wconf 83' lang='lat' dir='ltr'>vita</span> <span class='ocrx_word' id='word_1_26' title='bbox 813 826 1065 877; x_wconf 83' lang='lat' dir='ltr'>contempta</span> <span class='ocrx_word' id='word_1_27' title='bbox 1090 826 1293 860; x_wconf 76' lang='lat' dir='ltr'>manente</span> <span class='ocrx_word' id='word_1_28' title='bbox 1310 852 1321 869; x_wconf 80' lang='lat'>,</span> 
     </span>
     <span class='ocr_line' id='line_1_7' title="bbox 236 887 1187 948; baseline 0 -19"><span class='ocrx_word' id='word_1_29' title='bbox 236 887 477 930; x_wconf 85' lang='lat' dir='ltr'>Funeribus</span> <span class='ocrx_word' id='word_1_30' title='bbox 508 887 622 931; x_wconf 85' lang='lat' dir='ltr'>facta</span> <span class='ocrx_word' id='word_1_31' title='bbox 647 896 710 930; x_wconf 83' lang='lat' dir='ltr'>est</span> <span class='ocrx_word' id='word_1_32' title='bbox 735 903 852 931; x_wconf 88' lang='lat' dir='ltr'>nunc</span> <span class='ocrx_word' id='word_1_33' title='bbox 877 888 1065 948; x_wconf 81' lang='lat' dir='ltr'>pretiosa</span> <span class='ocrx_word' id='word_1_34' title='bbox 1090 888 1187 931; x_wconf 86' lang='lat' dir='ltr'>suis.</span> 
     </span>
    </p>
   </div>
   <div class='ocr_carea' id='block_1_5' title="bbox 164 993 1170 1274">
    <p class='ocr_par' dir='ltr' id='par_1_6' title="bbox 164 993 1160 1136">
     <span class='ocr_line' id='line_1_8' title="bbox 164 993 1160 1064; baseline 0.003 -20"><span class='ocrx_word' id='word_1_35' title='bbox 164 993 223 1053; x_wconf 69' lang='grc' dir='ltr'>Ως</span> <span class='ocrx_word' id='word_1_36' title='bbox 246 1003 462 1046; x_wconf 82' lang='grc' dir='ltr'>Φαεθοντε</span> <span class='ocrx_word' id='word_1_37' title='bbox 451 1022 507 1046; x_wconf 87' lang='lat' dir='ltr'>ou</span> <span class='ocrx_word' id='word_1_38' title='bbox 534 1005 642 1064; x_wconf 69' lang='grc' dir='ltr'>μύρμ</span> <span class='ocrx_word' id='word_1_39' title='bbox 645 1000 694 1054; x_wconf 77' lang='grc' dir='ltr'>ηξ</span> <span class='ocrx_word' id='word_1_40' title='bbox 716 1007 896 1047; x_wconf 81' lang='grc' dir='ltr'>ἐπαλᾶτο</span> <span class='ocrx_word' id='word_1_41' title='bbox 920 998 973 1046; x_wconf 72' lang='grc' dir='ltr'>δι’</span> <span class='ocrx_word' id='word_1_42' title='bbox 996 1002 1160 1057; x_wconf 76' lang='grc' dir='ltr'>ἄλσους,</span> 
     </span>
     <span class='ocr_line' id='line_1_9' title="bbox 236 1070 1170 1136; baseline 0 -21"><span class='ocrx_word' id='word_1_43' title='bbox 236 1075 416 1134; x_wconf 83' lang='grc' dir='ltr'>Ερπετὸν</span> <span class='ocrx_word' id='word_1_44' title='bbox 443 1075 636 1134; x_wconf 73' lang='grc' dir='ltr'>ἠλέκτρου</span> <span class='ocrx_word' id='word_1_45' title='bbox 664 1070 794 1136; x_wconf 70' lang='grc' dir='ltr'><strong>ς-ρὲιγξ</strong></span> <span class='ocrx_word' id='word_1_46' title='bbox 822 1070 992 1122; x_wconf 74' lang='grc' dir='ltr'>ἐπέδησε</span> <span class='ocrx_word' id='word_1_47' title='bbox 1020 1076 1170 1134; x_wconf 82' lang='grc' dir='ltr'>υικρόν.</span> 
     </span>
    </p>

    <p class='ocr_par' dir='ltr' id='par_1_7' title="bbox 168 1141 1138 1267">
     <span class='ocr_line' id='line_1_10' title="bbox 168 1141 1138 1205; baseline 0.001 -19"><span class='ocrx_word' id='word_1_48' title='bbox 168 1146 312 1194; x_wconf 77' lang='grc' dir='ltr'><strong>Οὕτως</strong></span> <span class='ocrx_word' id='word_1_49' title='bbox 343 1143 421 1194; x_wconf 84' lang='grc' dir='ltr'>ὃς</span> <span class='ocrx_word' id='word_1_50' title='bbox 409 1144 498 1204; x_wconf 85' lang='grc' dir='ltr'>πρὶν</span> <span class='ocrx_word' id='word_1_51' title='bbox 528 1146 617 1198; x_wconf 73' lang='grc' dir='ltr'>ἔην,</span> <span class='ocrx_word' id='word_1_52' title='bbox 647 1162 734 1188; x_wconf 82' lang='grc' dir='ltr'>ευτε</span> <span class='ocrx_word' id='word_1_53' title='bbox 766 1141 952 1200; x_wconf 79' lang='grc' dir='ltr'>ζώεσκεν,</span> <span class='ocrx_word' id='word_1_54' title='bbox 980 1143 1138 1205; x_wconf 78' lang='grc' dir='ltr'>ἄτιυος,</span> 
     </span>
     <span class='ocr_line' id='line_1_11' title="bbox 235 1209 1070 1274; baseline 0.001 -18"><span class='ocrx_word' id='word_1_55' title='bbox 235 1217 305 1271; x_wconf 83' lang='grc' dir='ltr'>Τῳ</span> <span class='ocrx_word' id='word_1_56' title='bbox 335 1209 422 1257; x_wconf 74' lang='grc' dir='ltr'>ἰδίω</span> <span class='ocrx_word' id='word_1_57' title='bbox 454 1215 614 1271; x_wconf 80' lang='grc' dir='ltr'>θανάτῳ</span> <span class='ocrx_word' id='word_1_58' title='bbox 640 1222 705 1258; x_wconf 77' lang='grc' dir='ltr'>νῦν</span> <span class='ocrx_word' id='word_1_59' title='bbox 736 1218 955 1267; x_wconf 68' lang='grc' dir='ltr'>πολ3τιμ.ος</span> <span class='ocrx_word' id='word_1_60' title='bbox 985 1217 1070 1274; x_wconf 79' lang='grc' dir='ltr'>ἑφυ.</span> 
     </span>
    </p>
   </div>
   <div class='ocr_carea' id='block_1_6' title="bbox 148 1343 1506 1393">
    <p class='ocr_par' dir='ltr' id='par_1_8' title="bbox 148 1343 1506 1393">
     <span class='ocr_line' id='line_1_12' title="bbox 148 1343 1506 1393; baseline 0 -12"><span class='ocrx_word' id='word_1_61' title='bbox 148 1343 162 1357; x_wconf 78' lang='lat'>⁴¹</span> <span class='ocrx_word' id='word_1_62' title='bbox 177 1349 228 1381; x_wconf 79' lang='lat' dir='ltr'>De</span> <span class='ocrx_word' id='word_1_63' title='bbox 242 1348 389 1381; x_wconf 81' lang='lat' dir='ltr'><strong><em>Formica</em></strong></span> <span class='ocrx_word' id='word_1_64' title='bbox 408 1348 520 1380; x_wconf 76' lang='lat' dir='ltr'>electro</span> <span class='ocrx_word' id='word_1_65' title='bbox 548 1347 669 1380; x_wconf 77' lang='lat' dir='ltr'>inclusa</span> <span class='ocrx_word' id='word_1_66' title='bbox 686 1348 770 1381; x_wconf 87' lang='lat' dir='ltr'>lem·</span> <span class='ocrx_word' id='word_1_67' title='bbox 832 1347 894 1380; x_wconf 82' lang='lat' dir='ltr'>tita</span> <span class='ocrx_word' id='word_1_68' title='bbox 922 1347 1112 1380; x_wconf 77' lang='lat' dir='ltr'>tumulum.</span> <span class='ocrx_word' id='word_1_69' title='bbox 1136 1347 1233 1380; x_wconf 84' lang='lat' dir='ltr'><strong>Idem</strong></span> <span class='ocrx_word' id='word_1_70' title='bbox 1261 1357 1506 1393; x_wconf 77' lang='lat' dir='ltr'>argumentum</span> 
     </span>
    </p>
   </div>
   <div class='ocr_carea' id='block_1_7' title="bbox 99 1400 1505 1552">
    <p class='ocr_par' dir='ltr' id='par_1_9' title="bbox 99 1400 1505 1552">
     <span class='ocr_line' id='line_1_13' title="bbox 99 1400 1505 1446; baseline 0 -12"><span class='ocrx_word' id='word_1_71' title='bbox 99 1414 153 1434; x_wconf 84' lang='lat' dir='ltr'>ma</span> <span class='ocrx_word' id='word_1_72' title='bbox 173 1410 224 1435; x_wconf 77' lang='lat' dir='ltr'>est</span> <span class='ocrx_word' id='word_1_73' title='bbox 243 1402 279 1433; x_wconf 86' lang='lat' dir='ltr'>in</span> <span class='ocrx_word' id='word_1_74' title='bbox 301 1400 381 1434; x_wconf 87' lang='lat' dir='ltr'>edd.</span> <span class='ocrx_word' id='word_1_75' title='bbox 402 1408 487 1433; x_wconf 83' lang='lat' dir='ltr'>vett.</span> <span class='ocrx_word' id='word_1_76' title='bbox 832 1409 882 1433; x_wconf 89' lang='lat' dir='ltr'>est</span> <span class='ocrx_word' id='word_1_77' title='bbox 898 1400 942 1433; x_wconf 92' lang='lat' dir='ltr'>de</span> <span class='ocrx_word' id='word_1_78' title='bbox 958 1401 1111 1446; x_wconf 79' lang='lat' dir='ltr'>ape‚lib.</span> <span class='ocrx_word' id='word_1_79' title='bbox 1130 1402 1194 1441; x_wconf 80' lang='lat' dir='ltr'>IV,</span> <span class='ocrx_word' id='word_1_80' title='bbox 1211 1401 1321 1446; x_wconf 78' lang='lat' dir='ltr'>epigr.</span> <span class='ocrx_word' id='word_1_81' title='bbox 1340 1408 1428 1434; x_wconf 67' lang='lat' dir='ltr'>xxxi</span> <span class='ocrx_word' id='word_1_82' title='bbox 1441 1427 1450 1442; x_wconf 80' lang='grc'><em>,</em></span> <span class='ocrx_word' id='word_1_83' title='bbox 1471 1410 1505 1434; x_wconf 67' lang='lat' dir='ltr'>et</span> 
     </span>
     <span class='ocr_line' id='line_1_14' title="bbox 153 1451 1503 1499; baseline 0.001 -13"><span class='ocrx_word' id='word_1_84' title='bbox 153 1466 180 1488; x_wconf 82' lang='lat'>1.</span> <span class='ocrx_word' id='word_1_85' title='bbox 201 1455 285 1487; x_wconf 84' lang='lat' dir='ltr'>Dum</span> <span class='ocrx_word' id='word_1_86' title='bbox 312 1454 542 1486; x_wconf 75' lang='lat' dir='ltr'>Phaethontea.</span> <span class='ocrx_word' id='word_1_87' title='bbox 571 1454 665 1486; x_wconf 90' lang='lat' dir='ltr'>Dum</span> <span class='ocrx_word' id='word_1_88' title='bbox 699 1454 770 1486; x_wconf 87' lang='lat' dir='ltr'>for·</span> <span class='ocrx_word' id='word_1_89' title='bbox 831 1451 876 1487; x_wconf 88' lang='lat' dir='ltr'>de</span> <span class='ocrx_word' id='word_1_90' title='bbox 897 1454 1016 1499; x_wconf 79' lang='lat' dir='ltr'>vipera</span> <span class='ocrx_word' id='word_1_91' title='bbox 1035 1453 1120 1487; x_wconf 88' lang='lat' dir='ltr'>ibid.</span> <span class='ocrx_word' id='word_1_92' title='bbox 1136 1453 1250 1498; x_wconf 80' lang='lat' dir='ltr'>epigr.</span> <span class='ocrx_word' id='word_1_93' title='bbox 1272 1467 1365 1495; x_wconf 80' lang='lat' dir='ltr'>xxiv,</span> <span class='ocrx_word' id='word_1_94' title='bbox 1382 1463 1414 1487; x_wconf 84' lang='lat' dir='ltr'>et</span> <span class='ocrx_word' id='word_1_95' title='bbox 1434 1466 1503 1487; x_wconf 69' lang='lat' dir='ltr'>Lxx.</span> 
     </span>
     <span class='ocr_line' id='line_1_15' title="bbox 99 1505 1503 1552; baseline 0 -13"><span class='ocrx_word' id='word_1_96' title='bbox 99 1507 186 1540; x_wconf 84' lang='lat' dir='ltr'>mica</span> <span class='ocrx_word' id='word_1_97' title='bbox 208 1515 346 1552; x_wconf 83' lang='lat' dir='ltr'>reperet</span> <span class='ocrx_word' id='word_1_98' title='bbox 367 1507 430 1539; x_wconf 87' lang='lat' dir='ltr'>sub</span> <span class='ocrx_word' id='word_1_99' title='bbox 450 1505 634 1539; x_wconf 88' lang='lat' dir='ltr'>frondibus</span> <span class='ocrx_word' id='word_1_100' title='bbox 654 1519 768 1552; x_wconf 79' lang='lat' dir='ltr'>popu·</span> <span class='ocrx_word' id='word_1_101' title='bbox 887 1520 919 1540; x_wconf 83' lang='lat'>2.</span> <span class='ocrx_word' id='word_1_102' title='bbox 941 1508 1069 1540; x_wconf 66' lang='lat' dir='ltr'>Fer-am.</span> <span class='ocrx_word' id='word_1_103' title='bbox 1094 1509 1250 1540; x_wconf 78' lang='lat' dir='ltr'>Vocatur</span> <span class='ocrx_word' id='word_1_104' title='bbox 1270 1516 1344 1550; x_wconf 73' lang='lat' dir='ltr'>jera</span> <span class='ocrx_word' id='word_1_105' title='bbox 1377 1508 1503 1540; x_wconf 80' lang='lat' dir='ltr'>animal</span> 
     </span>
    </p>
   </div>
   <div class='ocr_carea' id='block_1_8' title="bbox 96 1560 1506 1764">
    <p class='ocr_par' dir='ltr' id='par_1_10' title="bbox 96 1560 1506 1764">
     <span class='ocr_line' id='line_1_16' title="bbox 98 1560 1506 1605; baseline 0.001 -13"><span class='ocrx_word' id='word_1_106' title='bbox 98 1561 235 1599; x_wconf 83' lang='lat' dir='ltr'>lorum,</span> <span class='ocrx_word' id='word_1_107' title='bbox 264 1560 300 1592; x_wconf 88' lang='lat' dir='ltr'>in</span> <span class='ocrx_word' id='word_1_108' title='bbox 325 1572 409 1605; x_wconf 86' lang='lat' dir='ltr'>quas</span> <span class='ocrx_word' id='word_1_109' title='bbox 427 1572 601 1592; x_wconf 72' lang='lat' dir='ltr'>conversae</span> <span class='ocrx_word' id='word_1_110' title='bbox 627 1560 769 1593; x_wconf 83' lang='lat' dir='ltr'>fuerunt</span> <span class='ocrx_word' id='word_1_111' title='bbox 828 1572 900 1593; x_wconf 88' lang='lat' dir='ltr'>uon</span> <span class='ocrx_word' id='word_1_112' title='bbox 923 1561 1114 1593; x_wconf 83' lang='lat' dir='ltr'>cicuratum</span> <span class='ocrx_word' id='word_1_113' title='bbox 1141 1573 1148 1593; x_wconf 88' lang='lat'><strong>:</strong></span> <span class='ocrx_word' id='word_1_114' title='bbox 1173 1560 1244 1593; x_wconf 80' lang='lat' dir='ltr'>fera</span> <span class='ocrx_word' id='word_1_115' title='bbox 1272 1573 1353 1594; x_wconf 79' lang='lat' dir='ltr'>vero</span> <span class='ocrx_word' id='word_1_116' title='bbox 1374 1560 1432 1593; x_wconf 87' lang='lat' dir='ltr'>hic</span> <span class='ocrx_word' id='word_1_117' title='bbox 1455 1568 1506 1593; x_wconf 82' lang='lat' dir='ltr'>est</span> 
     </span>
     <span class='ocr_line' id='line_1_17' title="bbox 96 1612 1077 1658; baseline -0.001 -12"><span class='ocrx_word' id='word_1_118' title='bbox 96 1626 232 1646; x_wconf 85' lang='lat' dir='ltr'>sorores</span> <span class='ocrx_word' id='word_1_119' title='bbox 261 1612 489 1646; x_wconf 85' lang='lat' dir='ltr'>Phaethontis</span> <span class='ocrx_word' id='word_1_120' title='bbox 504 1638 514 1653; x_wconf 93' lang='lat'><strong>‚</strong></span> <span class='ocrx_word' id='word_1_121' title='bbox 538 1613 573 1645; x_wconf 87' lang='lat' dir='ltr'>in</span> <span class='ocrx_word' id='word_1_122' title='bbox 596 1612 766 1658; x_wconf 81' lang='lat' dir='ltr'>liquorem</span> <span class='ocrx_word' id='word_1_123' title='bbox 829 1613 985 1647; x_wconf 82' lang='lat' dir='ltr'>formica.</span> <span class='ocrx_word' id='word_1_124' title='bbox 1008 1614 1077 1646; x_wconf 79' lang='lat' dir='ltr'>En.</span> 
     </span>
     <span class='ocr_line' id='line_1_18' title="bbox 97 1665 1506 1711; baseline 0 -13"><span class='ocrx_word' id='word_1_125' title='bbox 97 1666 227 1699; x_wconf 74' lang='lat' dir='ltr'>succini</span> <span class='ocrx_word' id='word_1_126' title='bbox 247 1679 266 1698; x_wconf 87' lang='lat' dir='ltr'>e</span> <span class='ocrx_word' id='word_1_127' title='bbox 284 1665 420 1711; x_wconf 83' lang='lat' dir='ltr'>populo</span> <span class='ocrx_word' id='word_1_128' title='bbox 440 1665 579 1699; x_wconf 88' lang='lat' dir='ltr'>fluentis</span> <span class='ocrx_word' id='word_1_129' title='bbox 592 1665 685 1711; x_wconf 81' lang='lat' dir='ltr'>lapsa</span> <span class='ocrx_word' id='word_1_130' title='bbox 700 1673 768 1706; x_wconf 85' lang='lat' dir='ltr'>est,</span> <span class='ocrx_word' id='word_1_131' title='bbox 884 1670 917 1706; x_wconf 75' lang='grc'>4.</span> <span class='ocrx_word' id='word_1_132' title='bbox 945 1665 1148 1700; x_wconf 85' lang='lat' dir='ltr'>Beverlaudi</span> <span class='ocrx_word' id='word_1_133' title='bbox 1179 1667 1254 1700; x_wconf 83' lang='lat' dir='ltr'>MS.</span> <span class='ocrx_word' id='word_1_134' title='bbox 1284 1666 1423 1700; x_wconf 78' lang='lat' dir='ltr'>exhibet</span> <span class='ocrx_word' id='word_1_135' title='bbox 1452 1678 1506 1698; x_wconf 73' lang='lat' dir='ltr'>nec</span> 
     </span>
     <span class='ocr_line' id='line_1_19' title="bbox 97 1718 1060 1764; baseline -0.001 -12"><span class='ocrx_word' id='word_1_136' title='bbox 97 1731 169 1763; x_wconf 89' lang='lat' dir='ltr'>quo</span> <span class='ocrx_word' id='word_1_137' title='bbox 192 1719 359 1764; x_wconf 80' lang='lat' dir='ltr'>implicita</span> <span class='ocrx_word' id='word_1_138' title='bbox 377 1718 513 1753; x_wconf 83' lang='lat' dir='ltr'>lucebat</span> <span class='ocrx_word' id='word_1_139' title='bbox 528 1718 684 1752; x_wconf 84' lang='lat' dir='ltr'>nobilem</span> <span class='ocrx_word' id='word_1_140' title='bbox 699 1731 770 1752; x_wconf 82' lang='lat' dir='ltr'>sor·</span> <span class='ocrx_word' id='word_1_141' title='bbox 825 1722 964 1764; x_wconf 74' lang='lat' dir='ltr'>pretiosa</span> <span class='ocrx_word' id='word_1_142' title='bbox 984 1721 1060 1752; x_wconf 79' lang='lat' dir='ltr'><em>sais.</em></span> 
     </span>
    </p>
   </div>
   <div class='ocr_carea' id='block_1_9' title="bbox 620 1851 990 2030">
    <p class='ocr_par' dir='ltr' id='par_1_11' title="bbox 620 1851 990 2030">
     <span class='ocr_line' id='line_1_20' title="bbox 713 1851 884 1907; baseline -0.006 0"><span class='ocrx_word' id='word_1_143' title='bbox 713 1851 884 1907; x_wconf 85' lang='lat' dir='ltr'><strong>XVI.</strong></span> 
     </span>
     <span class='ocr_line' id='line_1_21' title="bbox 620 2000 990 2030; baseline 0 -2"><span class='ocrx_word' id='word_1_144' title='bbox 620 2000 689 2028; x_wconf 81' lang='lat' dir='ltr'>AD</span> <span class='ocrx_word' id='word_1_145' title='bbox 728 2000 990 2030; x_wconf 84' lang='lat' dir='ltr'><strong>PRIAPUM.</strong></span> 
     </span>
    </p>
   </div>
   <div class='ocr_carea' id='block_1_10' title="bbox 167 2118 1242 2251">
    <p class='ocr_par' dir='ltr' id='par_1_12' title="bbox 167 2118 1242 2251">
     <span class='ocr_line' id='line_1_22' title="bbox 167 2118 1242 2180; baseline 0 -18"><span class='ocrx_word' id='word_1_146' title='bbox 167 2122 232 2163; x_wconf 74' lang='grc' dir='ltr'>Ἰὐ</span> <span class='ocrx_word' id='word_1_147' title='bbox 261 2121 333 2180; x_wconf 91' lang='lat' dir='ltr'>qui</span> <span class='ocrx_word' id='word_1_148' title='bbox 356 2136 464 2179; x_wconf 79' lang='lat' dir='ltr'>pene</span> <span class='ocrx_word' id='word_1_149' title='bbox 489 2119 605 2162; x_wconf 67' lang='lat' dir='ltr'>viros</span> <span class='ocrx_word' id='word_1_150' title='bbox 636 2128 772 2162; x_wconf 84' lang='lat' dir='ltr'>terres</span> <span class='ocrx_word' id='word_1_151' title='bbox 788 2154 800 2174; x_wconf 81' lang='lat'>‚</span> <span class='ocrx_word' id='word_1_152' title='bbox 822 2128 864 2162; x_wconf 78' lang='lat' dir='ltr'>et</span> <span class='ocrx_word' id='word_1_153' title='bbox 890 2118 998 2162; x_wconf 83' lang='lat' dir='ltr'>falce</span> <span class='ocrx_word' id='word_1_154' title='bbox 1029 2119 1216 2163; x_wconf 70' lang='lat' dir='ltr'>cinaedos</span> <span class='ocrx_word' id='word_1_155' title='bbox 1232 2156 1242 2172; x_wconf 79' lang='lat'><strong><em>,</em></strong></span> 
     </span>
     <span class='ocr_line' id='line_1_23' title="bbox 237 2189 1028 2251; baseline 0 -19"><span class='ocrx_word' id='word_1_156' title='bbox 237 2192 397 2251; x_wconf 73' lang='lat' dir='ltr'>,Iugera</span> <span class='ocrx_word' id='word_1_157' title='bbox 422 2189 596 2250; x_wconf 74' lang='lat' dir='ltr'>sepositi</span> <span class='ocrx_word' id='word_1_158' title='bbox 620 2204 759 2250; x_wconf 83' lang='lat' dir='ltr'>pauca</span> <span class='ocrx_word' id='word_1_159' title='bbox 785 2199 907 2234; x_wconf 84' lang='lat' dir='ltr'>tuere</span> <span class='ocrx_word' id='word_1_160' title='bbox 933 2189 1028 2234; x_wconf 88' lang='lat' dir='ltr'>loci.</span> 
     </span>
    </p>
   </div>
   <div class='ocr_carea' id='block_1_11' title="bbox 93 2320 1510 2737">
    <p class='ocr_par' dir='ltr' id='par_1_13' title="bbox 99 2320 1510 2737">
     <span class='ocr_line' id='line_1_24' title="bbox 160 2320 1510 2366; baseline -0.001 -10"><span class='ocrx_word' id='word_1_161' title='bbox 160 2336 188 2356; x_wconf 84' lang='lat'>1.</span> <span class='ocrx_word' id='word_1_162' title='bbox 212 2324 259 2355; x_wconf 78' lang='grc' dir='ltr'>Ἰἰι</span> <span class='ocrx_word' id='word_1_163' title='bbox 276 2348 284 2360; x_wconf 91' lang='lat'>,</span> <span class='ocrx_word' id='word_1_164' title='bbox 310 2324 362 2366; x_wconf 80' lang='lat' dir='ltr'>qui</span> <span class='ocrx_word' id='word_1_165' title='bbox 379 2322 467 2364; x_wconf 82' lang='lat' dir='ltr'><em>falce</em></span> <span class='ocrx_word' id='word_1_166' title='bbox 492 2323 579 2354; x_wconf 67' lang='lat' dir='ltr'>‘viros</span> <span class='ocrx_word' id='word_1_167' title='bbox 600 2329 693 2353; x_wconf 73' lang='lat' dir='ltr'>terres</span> <span class='ocrx_word' id='word_1_168' title='bbox 708 2348 715 2361; x_wconf 89' lang='lat'><strong><em>,</em></strong></span> <span class='ocrx_word' id='word_1_169' title='bbox 743 2329 773 2354; x_wconf 84' lang='lat' dir='ltr'>et</span> <span class='ocrx_word' id='word_1_170' title='bbox 839 2322 894 2355; x_wconf 85' lang='lat'>15.</span> <span class='ocrx_word' id='word_1_171' title='bbox 912 2321 1058 2366; x_wconf 82' lang='lat' dir='ltr'>Priapus</span> <span class='ocrx_word' id='word_1_172' title='bbox 1073 2322 1119 2353; x_wconf 88' lang='lat' dir='ltr'>ob</span> <span class='ocrx_word' id='word_1_173' title='bbox 1140 2320 1286 2353; x_wconf 79' lang='lat' dir='ltr'>membri</span> <span class='ocrx_word' id='word_1_174' title='bbox 1307 2321 1415 2354; x_wconf 71' lang='lat' dir='ltr'>virilis</span> <span class='ocrx_word' id='word_1_175' title='bbox 1439 2335 1510 2354; x_wconf 69' lang='lat' dir='ltr'>md-</span> 
     </span>
     <span class='ocr_line' id='line_1_25' title="bbox 100 2373 1507 2420; baseline 0 -14"><span class='ocrx_word' id='word_1_176' title='bbox 100 2389 179 2420; x_wconf 73' lang='lat' dir='ltr'>pene</span> <span class='ocrx_word' id='word_1_177' title='bbox 195 2375 330 2407; x_wconf 78' lang='lat' dir='ltr'>ciuaedos</span> <span class='ocrx_word' id='word_1_178' title='bbox 350 2373 535 2419; x_wconf 79' lang='lat' dir='ltr'>legendum</span> <span class='ocrx_word' id='word_1_179' title='bbox 552 2383 667 2407; x_wconf 87' lang='lat' dir='ltr'>censet</span> <span class='ocrx_word' id='word_1_180' title='bbox 681 2374 773 2407; x_wconf 88' lang='lat' dir='ltr'>Gro-</span> <span class='ocrx_word' id='word_1_181' title='bbox 832 2373 1053 2419; x_wconf 86' lang='lat' dir='ltr'>gnitudinem</span> <span class='ocrx_word' id='word_1_182' title='bbox 1074 2373 1339 2407; x_wconf 84' lang='lat' dir='ltr'>immoderatam</span> <span class='ocrx_word' id='word_1_183' title='bbox 1366 2387 1406 2406; x_wconf 79' lang='lat' dir='ltr'>ex</span> <span class='ocrx_word' id='word_1_184' title='bbox 1426 2374 1507 2407; x_wconf 86' lang='lat' dir='ltr'>Hel-</span> 
     </span>
     <span class='ocr_line' id='line_1_26' title="bbox 101 2425 1510 2472; baseline -0.001 -11"><span class='ocrx_word' id='word_1_185' title='bbox 101 2428 237 2461; x_wconf 86' lang='lat' dir='ltr'>novius.</span> <span class='ocrx_word' id='word_1_186' title='bbox 264 2428 313 2460; x_wconf 78' lang='lat' dir='ltr'>Tu</span> <span class='ocrx_word' id='word_1_187' title='bbox 333 2429 386 2472; x_wconf 82' lang='lat' dir='ltr'>qui</span> <span class='ocrx_word' id='word_1_188' title='bbox 399 2440 498 2471; x_wconf 81' lang='lat' dir='ltr'>penne</span> <span class='ocrx_word' id='word_1_189' title='bbox 516 2429 602 2459; x_wconf 72' lang='lat' dir='ltr'>vitos</span> <span class='ocrx_word' id='word_1_190' title='bbox 623 2435 715 2459; x_wconf 76' lang='lat' dir='ltr'>terres</span> <span class='ocrx_word' id='word_1_191' title='bbox 745 2436 776 2459; x_wconf 80' lang='lat' dir='ltr'>et</span> <span class='ocrx_word' id='word_1_192' title='bbox 834 2427 993 2472; x_wconf 79' lang='lat' dir='ltr'>lesponto</span> <span class='ocrx_word' id='word_1_193' title='bbox 1019 2428 1164 2471; x_wconf 87' lang='lat' dir='ltr'>ejectus,</span> <span class='ocrx_word' id='word_1_194' title='bbox 1189 2425 1318 2459; x_wconf 75' lang='lat' dir='ltr'>deinde</span> <span class='ocrx_word' id='word_1_195' title='bbox 1341 2439 1405 2472; x_wconf 76' lang='lat' dir='ltr'>pro</span> <span class='ocrx_word' id='word_1_196' title='bbox 1438 2429 1510 2460; x_wconf 80' lang='lat' dir='ltr'>Deo</span> 
     </span>
     <span class='ocr_line' id='line_1_27' title="bbox 93 2479 1510 2526; baseline -0.001 -12.995"><span class='ocrx_word' id='word_1_197' title='bbox 93 2481 202 2525; x_wconf 72' lang='lat' dir='ltr'>falce</span> <span class='ocrx_word' id='word_1_198' title='bbox 193 2493 229 2513; x_wconf 82' lang='lat' dir='ltr'>ln</span> <span class='ocrx_word' id='word_1_199' title='bbox 243 2479 323 2513; x_wconf 89' lang='lat' dir='ltr'>edd.</span> <span class='ocrx_word' id='word_1_200' title='bbox 343 2487 426 2513; x_wconf 88' lang='lat' dir='ltr'>vett</span> <span class='ocrx_word' id='word_1_201' title='bbox 446 2480 494 2512; x_wconf 83' lang='grc' dir='ltr'>Ία</span> <span class='ocrx_word' id='word_1_202' title='bbox 510 2493 561 2526; x_wconf 75' lang='lat' dir='ltr'>quc</span> <span class='ocrx_word' id='word_1_203' title='bbox 570 2493 649 2524; x_wconf 82' lang='lat' dir='ltr'>pene</span> <span class='ocrx_word' id='word_1_204' title='bbox 665 2479 775 2513; x_wconf 73' lang='lat' dir='ltr'>codex</span> <span class='ocrx_word' id='word_1_205' title='bbox 834 2480 973 2513; x_wconf 75' lang='lat' dir='ltr'>habitus</span> <span class='ocrx_word' id='word_1_206' title='bbox 985 2488 1047 2512; x_wconf 84' lang='lat' dir='ltr'>est.</span> <span class='ocrx_word' id='word_1_207' title='bbox 1062 2480 1130 2512; x_wconf 82' lang='lat' dir='ltr'>En.</span> <span class='ocrx_word' id='word_1_208' title='bbox 1142 2501 1193 2505; x_wconf 93' lang='lat'>--</span> <span class='ocrx_word' id='word_1_209' title='bbox 1204 2479 1510 2521; x_wconf 74' lang='lat' dir='ltr'>Cinoedos.Molles,</span> 
     </span>
     <span class='ocr_line' id='line_1_28' title="bbox 99 2532 1429 2575; baseline -0.002 -8"><span class='ocrx_word' id='word_1_210' title='bbox 99 2533 297 2567; x_wconf 83' lang='lat' dir='ltr'>Pulmanui.</span> <span class='ocrx_word' id='word_1_211' title='bbox 301 2533 402 2564; x_wconf 87' lang='lat' dir='ltr'>-V</span> <span class='ocrx_word' id='word_1_212' title='bbox 391 2546 452 2565; x_wconf 72' lang='lat' dir='ltr'>cros</span> <span class='ocrx_word' id='word_1_213' title='bbox 463 2540 568 2573; x_wconf 75' lang='lat' dir='ltr'>terr-‚es</span> <span class='ocrx_word' id='word_1_214' title='bbox 580 2541 644 2566; x_wconf 86' lang='lat' dir='ltr'>etc.</span> <span class='ocrx_word' id='word_1_215' title='bbox 658 2533 777 2575; x_wconf 86' lang='lat' dir='ltr'>Forte,</span> <span class='ocrx_word' id='word_1_216' title='bbox 834 2532 893 2565; x_wconf 88' lang='lat' dir='ltr'>sed</span> <span class='ocrx_word' id='word_1_217' title='bbox 910 2533 1030 2565; x_wconf 83' lang='lat' dir='ltr'>falcem</span> <span class='ocrx_word' id='word_1_218' title='bbox 1042 2541 1137 2566; x_wconf 87' lang='lat' dir='ltr'>tuam</span> <span class='ocrx_word' id='word_1_219' title='bbox 1153 2533 1266 2566; x_wconf 86' lang='lat' dir='ltr'>solum</span> <span class='ocrx_word' id='word_1_220' title='bbox 1286 2533 1429 2566; x_wconf 74' lang='lat' dir='ltr'>veritos.</span> 
     </span>
     <span class='ocr_line' id='line_1_29' title="bbox 103 2586 1509 2632; baseline -0.001 -13"><span class='ocrx_word' id='word_1_221' title='bbox 103 2599 166 2620; x_wconf 85' lang='lat' dir='ltr'>nec</span> <span class='ocrx_word' id='word_1_222' title='bbox 186 2587 330 2626; x_wconf 83' lang='lat' dir='ltr'>falcem,</span> <span class='ocrx_word' id='word_1_223' title='bbox 347 2598 453 2632; x_wconf 79' lang='lat' dir='ltr'>quam</span> <span class='ocrx_word' id='word_1_224' title='bbox 475 2598 579 2618; x_wconf 84' lang='lat' dir='ltr'>manu</span> <span class='ocrx_word' id='word_1_225' title='bbox 603 2587 709 2630; x_wconf 80' lang='lat' dir='ltr'>geris,</span> <span class='ocrx_word' id='word_1_226' title='bbox 732 2586 774 2618; x_wconf 87' lang='lat' dir='ltr'>ti·</span> <span class='ocrx_word' id='word_1_227' title='bbox 891 2598 922 2618; x_wconf 83' lang='lat'>2.</span> <span class='ocrx_word' id='word_1_228' title='bbox 946 2586 1067 2631; x_wconf 72' lang='lat' dir='ltr'>lugeret</span> <span class='ocrx_word' id='word_1_229' title='bbox 1092 2588 1236 2631; x_wconf 75' lang='lat' dir='ltr'>sepositi,</span> <span class='ocrx_word' id='word_1_230' title='bbox 1258 2594 1323 2619; x_wconf 86' lang='lat' dir='ltr'>etc.</span> <span class='ocrx_word' id='word_1_231' title='bbox 1358 2586 1509 2619; x_wconf 84' lang='lat' dir='ltr'>Hortum</span> 
     </span>
     <span class='ocr_line' id='line_1_30' title="bbox 102 2636 1498 2684; baseline -0.001 -12"><span class='ocrx_word' id='word_1_232' title='bbox 102 2648 254 2679; x_wconf 81' lang='lat' dir='ltr'>ineutes;</span> <span class='ocrx_word' id='word_1_233' title='bbox 268 2638 326 2673; x_wconf 87' lang='lat' dir='ltr'>sed</span> <span class='ocrx_word' id='word_1_234' title='bbox 345 2648 378 2672; x_wconf 92' lang='lat' dir='ltr'>te</span> <span class='ocrx_word' id='word_1_235' title='bbox 395 2638 575 2672; x_wconf 72' lang='lat' dir='ltr'>custodem</span> <span class='ocrx_word' id='word_1_236' title='bbox 593 2636 773 2682; x_wconf 62' lang='grc' dir='ltr'>ἀνδρεσάθῆ</span> <span class='ocrx_word' id='word_1_237' title='bbox 836 2638 990 2679; x_wconf 66' lang='lat' dir='ltr'>custodi,</span> <span class='ocrx_word' id='word_1_238' title='bbox 1013 2639 1047 2671; x_wconf 89' lang='lat' dir='ltr'>in</span> <span class='ocrx_word' id='word_1_239' title='bbox 1066 2639 1229 2673; x_wconf 74' lang='lat' dir='ltr'>Janiculo</span> <span class='ocrx_word' id='word_1_240' title='bbox 1252 2639 1415 2684; x_wconf 80' lang='lat' dir='ltr'>positum.</span> <span class='ocrx_word' id='word_1_241' title='bbox 1433 2639 1498 2671; x_wconf 84' lang='lat' dir='ltr'>Lih</span> 
     </span>
     <span class='ocr_line' id='line_1_31' title="bbox 102 2692 1331 2737; baseline -0.002 -11"><span class='ocrx_word' id='word_1_242' title='bbox 102 2701 283 2726; x_wconf 73' lang='lat' dir='ltr'>aversatos.</span> <span class='ocrx_word' id='word_1_243' title='bbox 302 2693 377 2726; x_wconf 85' lang='lat' dir='ltr'>Lib.</span> <span class='ocrx_word' id='word_1_244' title='bbox 401 2693 433 2733; x_wconf 88' lang='lat' dir='ltr'>I,</span> <span class='ocrx_word' id='word_1_245' title='bbox 457 2692 567 2737; x_wconf 77' lang='lat' dir='ltr'>epigr.</span> <span class='ocrx_word' id='word_1_246' title='bbox 588 2704 688 2725; x_wconf 62' lang='lat' dir='ltr'>xxxvi</span> <span class='ocrx_word' id='word_1_247' title='bbox 703 2718 710 2732; x_wconf 94' lang='lat'>‚</span> <span class='ocrx_word' id='word_1_248' title='bbox 726 2705 772 2725; x_wconf 66' lang='lat' dir='ltr'>vs.</span> <span class='ocrx_word' id='word_1_249' title='bbox 837 2693 888 2725; x_wconf 83' lang='lat'>111</span> <span class='ocrx_word' id='word_1_250' title='bbox 906 2718 914 2733; x_wconf 90' lang='lat'>‚</span> <span class='ocrx_word' id='word_1_251' title='bbox 931 2692 1041 2737; x_wconf 72' lang='lat' dir='ltr'>epigr.</span> <span class='ocrx_word' id='word_1_252' title='bbox 1062 2705 1154 2726; x_wconf 72' lang='lat' dir='ltr'>Lvm</span> <span class='ocrx_word' id='word_1_253' title='bbox 1167 2718 1175 2731; x_wconf 91' lang='lat'>‚</span> <span class='ocrx_word' id='word_1_254' title='bbox 1199 2705 1246 2725; x_wconf 72' lang='lat' dir='ltr'>vs.</span> <span class='ocrx_word' id='word_1_255' title='bbox 1272 2696 1331 2736; x_wconf 67' lang='lat'>47.</span> 
     </span>
    </p>
   </div>
  </div>
 </body>
</html>
