1978 3305
353 195 948 241 EPIGRAMMATUM
986 194 1110 236 LlB.
1150 194 1235 236 VI.

1411 206 1492 251 171

159 287 279 328 Inter
304 284 486 327 Baianas
513 292 664 344 raptus
690 299 799 343 puer
830 280 991 325 occidit
1014 279 1153 324 undas

227 354 477 414 Eutychus,
507 353 577 397 ille.
608 363 756 404 tuum,
781 353 976 396 Castrice
992 386 1003 407 ,
1027 349 1153 394 dulce
1179 349 1301 392 latus.

162 426 245 468 Hic
273 415 349 468 tibi
380 440 585 468 curarum
617 424 780 479 socius,
804 421 1099 481 blandumque
1124 420 1346 475 levamen3

231 495 312 538 Hic
343 511 483 549 amor,
506 494 577 538 hic
602 495 739 538 nostri
768 493 878 536 vatis
906 491 1051 537 Alexis
1080 501 1185 535 erat.

160 565 387 626 Numquid
413 575 453 608 te
476 565 626 608 vitreis
648 563 815 607 nudum
842 562 1001 606 lasciva
1025 561 1106 606 sub
1129 561 1256 605 undis

228 635 350 679 Vidit
365 671 376 691 ,
399 645 442 678 et
462 633 624 678 Alcidae
649 633 856 694 Nympha
882 632 1048 676 remisit
1070 630 1260 692 Hylam?

162 707 229 749 An
252 708 347 749 Dea
371 705 604 749 femineum
625 705 715 765 jam
739 702 918 764 negligit
937 701 1357 763 Hermaphroditum
1372 737 1383 756 ,

229 774 444 837 Amplexu
469 776 608 818 teneri
634 774 845 818 solicitata
872 771 983 816 viri?

161 845 387 906 Quidquid
411 845 454 889 id
479 855 567 901 est,
588 845 739 889 subitae
764 859 1049 905 quaecumque
1077 852 1142 887 est
1166 858 1297 887 eausa
1321 844 1507 904 rapinae,

229 917 316 972 Sit,
341 932 521 977 precor,
548 926 590 960 et
612 915 738 960 tellus
763 915 899 971 mitis,
925 924 968 958 et
990 913 1107 958 unda
1131 913 1222 957 tibi.

145 1059 177 1094 4.
201 1054 312 1088 Latus.
328 1055 477 1096 Latero;
497 1055 558 1100 qui
580 1056 677 1088 lateri
703 1063 765 1087 tuo

89 1120 224 1153 semper
254 1107 426 1149 haerebat,
456 1108 518 1153 qui
546 1108 634 1141 latus
666 1117 766 1142 tuum

91 1173 201 1206 usque
231 1161 379 1205 tegebat.
408 1160 464 1194 Sic
487 1161 550 1194 lib.
575 1162 630 1202 II,
655 1162 764 1207 epigr.

89 1226 192 1254 xrvr,
221 1226 270 1246 vs.
304 1215 336 1247 8.
361 1212 454 1246 Vide
484 1215 565 1247 Jani
597 1214 764 1248 Gulielmi

88 1266 281 1300 Verisimil.
300 1267 360 1299 lib.
382 1267 455 1307 III,
472 1279 549 1312 cap.
573 1279 632 1312 17.

143 1321 176 1352 6.
199 1319 314 1352 Alexis
335 1328 413 1352 erat.
436 1320 528 1353 Puer
548 1321 706 1354 Castrico
727 1319 764 1353 in

88 1371 233 1413 deliciis,
247 1381 285 1405 ut
296 1372 446 1417 Virgilio
458 1373 588 1415 Alexis,
604 1374 668 1406 Vel
678 1373 766 1406 alter

90 1425 216 1458 Alexis.
240 1425 368 1469 Virgil.
389 1426 507 1471 Eclog.
530 1427 578 1459 II.

143 1480 176 1512 8.
207 1479 334 1511 Revisit.
363 1478 444 1511 Alii.
477 1499 530 1505 —-
557 1480 605 1512 Et
636 1479 765 1512 Alcidae

90 1531 248 1578 Vymplm.
282 1532 327 1565 Et
356 1531 472 1577 rapuit
504 1540 537 1566 te
566 1532 656 1577 Hyla
684 1533 765 1578 pul-

825 1053 1000 1087 chriorem
1012 1079 1020 1094 ,
1035 1053 1260 1098 restituitque
1274 1052 1416 1086 Herculi
1431 1051 1506 1096 Hy-

824 1108 905 1141 lam.
920 1106 1013 1140 Vide
1029 1106 1090 1139 lib.
1102 1106 1150 1148 V,
1169 1106 1278 1151 epigr.
1299 1117 1436 1147 XLVIII,
1455 1118 1505 1137 vs.

829 1162 846 1194 5
862 1187 871 1202 ,
898 1161 987 1193 Talis
1003 1168 1111 1205 raptus
1134 1158 1252 1205 Hylas.

880 1226 913 1257 9.
928 1215 984 1246 Αιι
996 1214 1078 1246 Dea.
1092 1212 1256 1246 Salmacis
1267 1211 1507 1257 Hermaphro-

825 1265 940 1300 ditum
965 1266 1114 1299 Veneris
1140 1274 1174 1298 et
1200 1265 1368 1298 Mercurii
1391 1265 1503 1297 filium

825 1319 966 1353 amavit.
991 1318 1096 1353 Ovid.
1120 1319 1206 1351 Met.
1229 1319 1294 1351 IV.

884 1386 938 1406 10.
957 1372 1138 1406 Solicitata.
1164 1371 1322 1416 Eutychi
1347 1371 1503 1416 amplexat.

883 1438 896 1459 1
909 1439 941 1459 2.
975 1425 1047 1466 Sit,
1078 1438 1200 1470 precor.
1231 1424 1383 1457 Mortuis
1412 1425 1501 1457 bene

825 1477 994 1525 precandi
1022 1478 1185 1511 formula.
1214 1478 1290 1510 Lib.
1312 1478 1360 1517 V,
1393 1476 1502 1522 epigr.

826 1545 943 1573 xxxn',
960 1545 1010 1566 vs.
1035 1546 1068 1575 ς).

678 1670 913 1726 LXIX.

650 1826 718 1854 DE
758 1825 940 1855 BASSA.

160 1950 265 1994 Nom·
291 1951 445 2004 miror,
467 1951 585 2011 quod
612 1961 734 2012 potat
756 1968 913 2013 aquam
940 1962 1011 1995 tua
1039 1955 1192 2005 Bassa,
1217 1951 1411 2001 Catulle;

230 2021 390 2077 Miror,
410 2021 528 2082 quod
554 2023 673 2066 Bassi
698 2022 784 2067 filia
814 2032 938 2084 potat
961 2039 1131 2084 aquam.

147 2172 177 2192 1.
203 2159 278 2193 Non
308 2162 416 2200 miror,
448 2168 515 2194 etc.
546 2160 627 2193 Non
655 2160 766 2194 miror

90 2216 223 2244 Bassam
251 2225 386 2246 sumere
415 2226 542 2259 aquam
566 2226 633 2258 qua
667 2223 765 2258 parte

89 2276 176 2309 opus
193 2272 243 2298 est
263 2258 417 2308 (lib.H,
438 2267 545 2313 epigr.
566 2261 609 2310 L)
624 2293 633 2308 ,
652 2279 765 2312 quum

88 2318 203 2350 norim
226 2329 301 2350 eam
321 2331 393 2351 esse
415 2332 493 2364 quae
520 2320 584 2353 tibi
609 2332 670 2352 ore
688 2333 764 2353 rno-

88 2369 260 2416 rigeratur
282 2382 290 2403 ι
314 2371 375 2404 sed
394 2372 503 2405 miror
527 2385 601 2406 eam
624 2373 660 2405 in
687 2381 764 2406 tan-

88 2431 163 2455 tum
199 2422 425 2469 degenerasse
459 2437 477 2458 a
514 2434 610 2470 patre
644 2426 762 2459 Basso.

88 2476 216 2509 Utrum
242 2486 378 2510 sanctus
402 2477 459 2510 ille
485 2478 608 2520 suerit,
631 2486 666 2511 et
693 2479 764 2513 filia

89 2537 158 2562 lam
189 2528 401 2564 dedecorosa
430 2530 614 2576 indiguus,
643 2544 684 2565 an
715 2541 764 2566 te-

89 2582 264 2616 mulentus
287 2592 320 2617 et
344 2597 498 2618 meracus
518 2585 662 2618 ebrius?

882 2173 915 2193 2.
937 2162 1048 2194 Bassoe
1063 2160 1152 2204 filla.
1179 2161 1322 2193 Gruter.
1353 2172 1391 2192 ex
1426 2158 1505 2192 cod.

825 2214 932 2247 Palat.
949 2222 983 2247 et
1002 2214 1050 2247 sic
1066 2214 1200 2246 Beverl.
1218 2213 1290 2245 MS.
1310 2212 1345 2245 Si
1369 2213 1503 2244 Bassam

825 2275 971 2300 matrem
994 2266 1194 2301 admiseris,
1219 2274 1357 2310 poetam
1381 2265 1430 2298 sic
1452 2266 1505 2297 iu—

826 2328 1020 2365 terpretare
1036 2320 1134 2365 quasi
1157 2318 1329 2352 dicentem
1342 2344 1351 2359 ,
1375 2318 1411 2350 in
1430 2331 1503 2352 ma·

826 2381 878 2405 tre
906 2386 972 2406 anu
998 2385 1036 2406 os
1057 2373 1236 2418 impurum
1256 2380 1290 2405 et
1317 2384 1399 2417 aqua
1423 2384 1505 2416 pur-

824 2425 976 2470 gandum
1000 2426 1085 2459 ferri
1106 2437 1230 2470 posse,
1249 2423 1345 2470 quod
1369 2437 1441 2457 non
1466 2424 1500 2456 in

824 2479 894 2511 filia
915 2479 977 2512 aevi
996 2478 1173 2519 florentis,
1193 2491 1269 2524 qua}
1288 2486 1322 2511 et
1341 2477 1502 2510 amatori-

824 2532 888 2565 bus
910 2540 1008 2577 parte
1032 2544 1091 2565 sua
1118 2531 1315 2565 satisfacere
1337 2530 1500 2570 deberet,

825 2593 857 2618 et
869 2585 970 2619 simul
984 2585 1060 2619 sibi.
1077 2583 1144 2619 Sed
1156 2585 1296 2630 utrique
1308 2584 1419 2618 nefas!
1435 2583 1500 2619 En,
