1978 3305
808 209 866 251 M.
892 209 1036 250 VAL.
1077 207 1471 251 MARTIALIS

1039 367 1233 426 XLV.

651 525 705 553 IN
743 523 976 553 NUPTIAS
1014 525 1177 555 LYGDI
1216 525 1278 554 ET
1315 505 1643 555 ΙιΕΰΤΟΙὶΙΛῈ.ἰ

516 651 752 704 Lnsm-is,
777 649 878 693 satis
904 657 992 702 est3
1023 647 1172 693 lascivi
1196 648 1347 693 nubite
1370 650 1526 705 cunni3

584 720 799 764 Permissa
826 728 893 764 est
921 719 1045 764 vobis
1074 736 1164 763 non
1195 720 1275 764 nisi
1303 728 1420 764 casta
1445 722 1612 764 Venus.

517 790 621 834 Haec
648 799 714 834 est
739 799 857 834 casta
885 789 1070 835 Venus?
1094 790 1220 834 nubit
1250 790 1453 835 Lectoria
1479 789 1658 852 Lygd03

587 861 780 922 Turpior
807 877 919 905 uxor
949 861 1056 917 erit,
1079 877 1210 922 quam
1238 860 1371 905 modo
1401 861 1572 905 moecha
1603 860 1696 905 fuit.

505 1004 521 1016 '¹
545 1004 688 1038 Lemma
712 1004 749 1037 in
774 1003 855 1038 edd.
879 1012 965 1038 vett.
986 1012 1053 1045 est,
1070 1003 1130 1037 Ad
1185 1003 1298 1038 Juliae.
1318 1004 1431 1049 Supra
1446 1004 1649 1050 epigramm.
1665 1016 1741 1046 vu,
1755 1017 1806 1038 vs.
1832 1018 1864 1039 1.

454 1058 630 1090 Lectoriam
645 1070 657 1090 .·
681 1057 717 1091 in
738 1057 833 1098 aliis,
855 1057 914 1091 Ad
931 1057 1126 1096 Laetorium,-

453 1109 508 1143 vel
520 1135 531 1152 ‚
544 1111 582 1143 In
595 1110 734 1155 Nuptias
748 1110 856 1155 Lygdi
869 1117 900 1142 et
915 1110 1074 1142 Laetorc'ae.

513 1175 545 1197 1.
568 1163 712 1196 Lusistis.
739 1163 867 1208 Legem
891 1162 1043 1203 Juliam,
1063 1174 1131 1208 qua

456 1214 627 1249 adulteria
638 1216 919 1261 prohibebantur
927 1239 938 1255 ‚
953 1227 1133 1249 revocave-

455 1277 510 1302 rat
530 1268 750 1301 Domitianus
766 1294 775 1312 ,
800 1268 907 1314 epigr.
933 1280 988 1301 vu
1013 1281 1130 1314 supra.

457 1322 618 1355 Juvenal.
638 1321 707 1354 Sat.
726 1333 755 1354 11
769 1347 778 1362 ‚
795 1322 837 1355 32
859 1333 866 1355 :
889 1321 971 1366 «qui
990 1329 1075 1355 tune
1089 1321 1136 1355 le-

458 1386 516 1419 ges
531 1382 711 1408 revoearat
729 1386 859 1407 amaras
876 1373 1072 1416 Omnibus,
1089 1382 1136 1407 at-

459 1439 527 1472 que
551 1427 634 1473 ipsis
659 1428 791 1460 Veneri
813 1427 988 1472 Martique
1009 1427 1136 1461 timen-

461 1479 555 1513 das.»
579 1480 673 1525 Ergo
690 1480 824 1514 moecha
842 1480 1001 1513 Lectoria
1019 1489 1137 1514 coacta

463 1541 514 1566 est
523 1534 654 1566 nubere
663 1533 861 1566 concubino
871 1532 1006 1578 Lygdo.
1017 1534 1136 1579 Epigr.

462 1597 567 1619 xxxtx
594 1598 718 1631 supra,
742 1598 791 1619 vs.
818 1587 860 1620 13
882 1598 889 1619 :
913 1603 926 1615 ιι
942 1586 993 1619 Ex
1010 1598 1138 1620 concu-

463 1638 548 1672 bino
564 1646 667 1672 natus
686 1647 737 1672 est
755 1639 819 1672 tibi
834 1637 971 1685 Lygdo.
990 1656 1002 1669 ια

522 1705 554 1724 2.
582 1692 742 1725 Permissa
775 1700 819 1724 est
855 1692 946 1724 vobis
986 1705 1048 1725 non
1082 1694 1143 1724 nisi

466 1752 553 1777 casta
580 1745 617 1776 V
614 1758 700 1778 enus.
715 1745 833 1779 Verba
846 1745 920 1779 haec
940 1743 1046 1779 edicti
1058 1745 1142 1790 legis

1243 1056 1277 1089 3.
1291 1056 1467 1090 Schrevel.
1482 1069 1536 1090 an.
1553 1070 1566 1090 1
1577 1060 1650 1103 670
1661 1083 1670 1099 ‚
1684 1057 1862 1097 cumanis,

1191 1110 1279 1143 nubit
1302 1110 1440 1142 Laetoria
1459 1110 1585 1156 Lygdo.
1602 1131 1655 1136 —-
1675 1109 1762 1144 Satis
1783 1119 1865 1144 est...

1190 1162 1307 1195 nubite.
1336 1163 1392 1195 Tu
1424 1163 1579 1204 moecha,
1619 1170 1654 1196 et
1684 1171 1721 1196 tu
1754 1163 1869 1197 mollis

1192 1214 1390 1249 concubine
1401 1241 1410 1257 ,
1442 1215 1523 1249 satis
1540 1223 1591 1249 est
1606 1215 1842 1262 nequitiarum
1860 1229 1869 1258 ;

1193 1268 1280 1302 inite
1304 1269 1566 1302 matrimonium
1586 1281 1595 1310 ;
1624 1269 1672 1302 sic
1694 1270 1792 1314 jubet
1814 1269 1871 1303 lex

1194 1333 1271 1367 quae
1301 1321 1466 1367 prohibet
1491 1320 1660 1355 adulteria
1689 1333 1697 1355 :
1722 1322 1771 1356 sic
1797 1320 1871 1356 duo

1196 1373 1343 1408 adulteri
1364 1375 1635 1420 conjungentur.
1651 1374 1696 1407 Et
1714 1373 1802 1421 quid
1814 1402 1822 1415 ,
1845 1375 1873 1408 si

1195 1426 1340 1473 Lygdus
1360 1435 1433 1460 erat
1462 1427 1589 1473 spado,
1627 1435 1667 1460 ut
1698 1427 1874 1461 Domitius

1197 1479 1271 1514 ait?
1287 1488 1371 1514 tunc
1393 1481 1517 1526 majori
1532 1482 1610 1526 jure
1630 1479 1875 1526 indignaretur

1197 1534 1325 1567 Juven.
1352 1533 1421 1567 Sat.
1449 1546 1483 1575 1,
1513 1546 1577 1575 22;
1611 1545 1749 1579 «quum
1774 1541 1874 1566 tener

1198 1599 1343 1620 uxorem
1359 1585 1465 1620 ducat
1481 1585 1602 1631 spado.
1617 1603 1631 1617 n

1254 1644 1287 1680 4.
1316 1640 1348 1673 T
1346 1642 1463 1685 urpior.
1487 1639 1605 1685 Nupta
1632 1639 1728 1673 enim
1747 1651 1877 1672 concu-

1201 1693 1286 1726 bino
1314 1691 1524 1726 adulterium
1551 1693 1650 1727 fateri
1677 1691 1877 1726 videbatur.

1201 1745 1323 1791 Epigr.
1344 1758 1419 1780 xxu
1442 1758 1559 1791 supra.

1055 1893 1292 1950 XLVL

940 2052 1012 2079 An
1064 2032 1415 2081 CATIANUM.*

541 2176 769 2219 VAPULAT
794 2174 966 2219 assiduo
1000 2176 1152 2219 Veneti
1182 2175 1394 2237 quadriga
1426 2174 1622 2236 flagello,

523 2310 536 2323 ⁶
555 2315 606 2348 Ex
630 2322 780 2360 quatuor
805 2314 1002 2360 aurigarum
1026 2315 1147 2348 factio-

472 2367 578 2400 nibus
596 2368 733 2401 Veneta
760 2367 966 2401 Domitiano
995 2377 1067 2401 erat
1093 2368 1147 2401 in-

472 2421 560 2460 visa,
577 2419 768 2467 eademque
782 2429 877 2466 grata
893 2420 1070 2466 quondam
1087 2421 1149 2454 Vi-

474 2473 727 2518 tellio.Aurigae
741 2475 860 2520 itaque
870 2475 1014 2508 Venetae
1024 2474 1146 2508 factio-

471 2526 525 2559 nis
548 2526 689 2559 insultat
715 2536 838 2572 poeta,
859 2528 990 2561 ironice
1016 2528 1146 2561 collau-

471 2577 557 2612 dans
579 2591 658 2612 eum
683 2579 778 2624 quod
798 2579 936 2613 assiduo
959 2581 1147 2615 conamine

472 2632 676 2673 moliretur,
698 2645 760 2666 nec
781 2642 895 2667 tamen
914 2643 1039 2668 unctam
1062 2647 1144 2667 con-

1208 2315 1355 2360 tingeret
1383 2315 1508 2349 victor.
1531 2315 1718 2355 Lucillius,
1739 2315 1800 2348 lib.
1828 2317 1884 2355 11,

1208 2368 1396 2414 Antholog.
1420 2381 1495 2415 cap.
1520 2369 1565 2403 23
1582 2395 1591 2410 ‚
1611 2368 1749 2416 pigrum
1770 2370 1888 2415 cujus-

1208 2420 1288 2454 dam
1304 2434 1434 2467 equum
1454 2431 1637 2468 comparat
1658 2424 1815 2456 Durateo
1837 2421 1886 2455 illi

1207 2475 1375 2520 Trojano.

1272 2540 1301 2561 1.
1325 2529 1479 2573 Vapulat.
1511 2526 1665 2569 Quidam
1698 2529 1814 2573 auriga
1848 2541 1888 2561 ox

1210 2581 1423 2614 Venetorum
1444 2581 1599 2614 factione
1618 2593 1726 2626 equos
1743 2580 1889 2627 quadri·

1203 2635 1303 2679 jugos
1331 2633 1464 2667 assidue
1490 2634 1715 2674 verberabat,
1740 2646 1803 2667 nec
1834 2643 1882 2668 ta-
