1978 3305
495 240 591 295 [¹28

862 241 923 282 M,
951 241 1089 282 VAL.
1130 240 1521 285 MARTIALIS

1096 395 1289 451 LVII.

931 548 996 575 DE
1043 548 1459 579 SPENDOPHORO.

564 679 940 723 SPENDOPHORUS
965 678 1150 739 Libycas
1173 678 1339 723 domini
1362 681 1470 740 petit
1494 681 1680 741 armiger
1705 681 1835 725 urbes
1858 698 1863 723 :

633 750 743 805 Quae
769 764 905 809 puero
931 748 1092 803 dones,
1118 747 1225 803 tela,
1249 749 1444 811 Cupido,
1470 767 1574 811 para
1592 786 1602 803 ‚

561 818 639 862 Illa
665 819 822 880 quibus
839 819 1021 879 juvenes
1045 819 1164 880 figis,
1185 819 1423 880 mollesque
1451 820 1641 881 puellas:,

632 890 694 933 Sit
716 899 865 933 tamen
892 890 936 932 in
966 899 1116 933 tenera
1144 889 1249 935 levis
1274 900 1317 933 et
1339 890 1463 934 hasta
1488 906 1635 934 manu.

563 960 767 1004 Loricam
789 958 1077 1020 clypeumque
1107 959 1186 1004 tibi
1214 959 1468 1022 galeamque
1492 962 1692 1014 remitto;

629 1032 768 1074 Tutus
795 1039 845 1074 ut
871 1029 1049 1073 invadat
1079 1029 1251 1090 praelia,
1272 1030 1416 1075 nudus
1440 1040 1523 1075 eat.

563 1102 661 1144 Non
683 1099 850 1161 jaculo,
876 1116 964 1144 non
990 1116 1092 1144 ense
1116 1100 1220 1157 fuit,
1241 1100 1421 1145 laesusve
1445 1102 1624 1162 sagitta,

632 1170 809 1214 Casside
831 1170 935 1214 dum
963 1170 1071 1214 liber
1092 1171 1436 1232 Parthenopaeus
1462 1181 1566 1216 erat.

562 1322 763 1384 Καίσαρος
794 1325 1017 1384 ὁπλοφόρος
1047 1321 1205 1367 Λιὲύων
1233 1325 1451 1383 ἐπαφίκετο
1481 1319 1632 1384 δήμους

631 1389 928 1455 Σπενδοφόρος·
955 1390 1066 1450 τάδ’,
1091 1382 1222 1456 Ιῖῗρως,
1248 1389 1365 1439 παιδὶ
1389 1389 1659 1455 δοθησόμενα,

562 1461 658 1507 Οἷσε
688 1466 806 1517 βέλη·
839 1467 1002 1526 κούρους
1028 1464 1083 1516 οἷς
1112 1466 1296 1521 βάλλεις,
1322 1463 1378 1516 οἷς
1403 1469 1449 1508 σύ
1480 1483 1524 1527 γε
1555 1469 1715 1526 κούρας·

634 1531 823 1596 Δεξιτερῆ
851 1531 890 1578 δ’
917 1537 1047 1596 ἔμπης
1074 1538 1189 1597 ἔγχος
1213 1538 1382 1596 ἐλαφρὸν
1408 1538 1505 1596 ἔχοι.

564 1599 756 1660 Ᾱσπίδα,
783 1606 850 1649 καὶ
878 1608 1038 1660 κυνέην,
1061 1606 1129 1650 καί
1150 1624 1212 1650 σοι
1239 1607 1384 1667 θώρηχ’
1406 1606 1554 1666 ἀνίημι·

633 1677 682 1719 Εἰ
707 1678 931 1737 μαχέσαιτο
961 1678 1080 1737 μόνος
1107 1679 1278 1738 γυμνὸς,
1304 1675 1487 1738 ἄτρωτος
1518 1679 1585 1720 ἔοι.

563 1748 703 1808 ssd-m.
729 1742 768 1790 δ’
790 1750 834 1791 Οὐ
860 1744 1044 1802 βὲἕλητζ
1070 1749 1162 1791 οὔτε
1187 1744 1310 1806 ξίφει,
1338 1749 1430 1791 οὔτε
1459 1749 1659 1807 βελέμνῳ,

633 1819 786 1877 Γυμνὸς
813 1821 883 1868 ἕως
909 1818 1070 1878 κόρυθος
1094 1818 1393 1878 Παρθενοπαῖος
1421 1819 1500 1865 ἔην.

550 1982 578 2002 ῐ.
596 1969 849 2014 Splendoplzorus
868 1970 938 2003 alii.
955 1969 1046 2003 Male
1061 1983 1070 2010 ;
1088 1983 1166 2003 nam

491 2021 642 2066 hybrida
660 2035 736 2055 vox.
750 2043 801 2048 —
819 2022 1072 2068 Spendophorus.
1095 2024 1168 2056 Do-

493 2075 625 2108 mitiani
651 2075 719 2108 tiro
746 2075 780 2108 in
804 2075 957 2109 Africam
989 2076 1168 2120 profectu-

490 2140 559 2161 rus.
575 2129 779 2167 -Domini,
792 2128 1005 2170 Domitiani,
1021 2137 1061 2162 ut
1072 2129 1170 2162 intel-

491 2180 606 2226 ligunt
622 2193 742 2214 omues
757 2181 829 2215 fere
843 2181 1061 2227 interpretes,

548 2247 564 2267 ἰ
575 2260 582 2268 .
598 2235 675 2267 Tela
685 2261 693 2275 ,
715 2233 840 2279 Cupido
852 2262 861 2276 ,
876 2235 1047 2279 parc1.Tua
1064 2247 1168 2268 arma.

495 2287 611 2320 Altera
627 2287 688 2320 tela
702 2300 794 2320 arcus
808 2314 816 2327 ,
838 2287 939 2320 altera
955 2288 1016 2320 tela
1027 2288 1129 2331 faces.

547 2342 581 2373 6.
592 2341 704 2379 Tutus,
717 2349 782 2374 etc.
800 2341 950 2374 Illaesum
967 2349 1001 2374 et
1019 2354 1038 2374 a
1050 2341 1171 2374 vulne-

492 2392 587 2427 ribus
624 2393 816 2427 immunem
850 2394 1029 2438 praestabit
1065 2406 1143 2427 cum
1160 2420 1168 2434 ‚

494 2446 664 2479 inermem
684 2446 826 2492 utique,
847 2446 957 2480 forma
978 2459 1037 2480 sua
1058 2457 1091 2481 et
1110 2459 1168 2480 ve-

494 2507 674 2532 nustas.—-
684 2500 796 2533 Immo
816 2508 850 2533 et
868 2500 985 2533 minus
1001 2500 1169 2546 periculi,

491 2551 593 2584 simul
612 2561 645 2584 vt
666 2553 772 2598 magis
786 2553 911 2586 virium
933 2552 1029 2587 nudo
1040 2579 1049 2592 ,
1061 2566 1163 2599 quani

491 2603 518 2636 si
538 2604 654 2637 invida
675 2615 767 2639 veste
788 2606 1086 2651 pulchritudinem
1110 2620 1164 2640 cv-

493 2657 623 2691 laverit.
656 2657 710 2690 Sic
733 2659 890 2692 Catullus
919 2669 973 2693 aur
1012 2673 1071 2703 pan-
1099 2661 1163 2692 (ffa-

1229 1971 1316 2004 tullo
1352 1978 1455 2016 poeta
1479 1971 1514 2003 in
1541 1968 1801 2015 elegantissimis
1834 1977 1905 2002 tro-

1227 2023 1380 2064 chaicis,
1413 2023 1472 2069 qui
1503 2022 1729 2068 Pervigilium
1759 2022 1905 2055 Veneris

1228 2076 1469 2110 inscribuntur
1487 2087 1495 2108 .·
1519 2093 1531 2105 2«
1549 2076 1671 2109 Jussus
1693 2083 1743 2108 est
1765 2074 1905 2107 inermis

1228 2129 1299 2169 ire,
1323 2129 1441 2162 nudus
1464 2129 1514 2162 ire
1540 2130 1656 2172 jussus
1678 2136 1739 2161 est.
1764 2126 1832 2161 Sed
1855 2136 1904 2161 ta-

1229 2194 1307 2215 men
1321 2208 1329 2221 ,
1352 2182 1545 2228 Nymphaia
1559 2181 1775 2215 cavete...Est
1795 2180 1830 2213 in
1851 2192 1904 2213 ar-

1229 2235 1295 2268 mis
1315 2243 1408 2268 totus
1428 2233 1521 2268 idem
1534 2262 1541 2275 ‚
1559 2233 1702 2280 quando
1725 2231 1838 2267 nudus
1856 2241 1906 2266 est

1228 2289 1346 2321 Amor.
1364 2305 1377 2317 2³
1399 2288 1465 2321 En.

1281 2354 1316 2385 7.
1337 2342 1433 2374 Ense.
1451 2340 1516 2374 Hic
1532 2341 1622 2372 hasta
1636 2339 1772 2373 Beverl.
1785 2338 1857 2372 MS.

1283 2396 1316 2428 8.
1343 2394 1421 2427 (Tum
1451 2395 1470 2426 Ι.
1501 2392 1549 2427 id.
1573 2414 1624 2419 —
1644 2393 1901 2437 Paula-nopoeus.

1230 2446 1515 2480 Formosissimus
1524 2445 1690 2491 Meleagri
1705 2454 1808 2490 atque
1825 2445 1904 2477 Ata-

1229 2502 1329 2534 lanta:
1349 2500 1443 2533 filius
1465 2499 1552 2538 fuit,
1576 2498 1620 2532 ita
1640 2498 1838 2532 nominatus
1856 2497 1902 2529 ob

1228 2553 1387 2587 eximiam
1413 2553 1507 2598 quasi
1535 2552 1677 2597 virginis
1695 2546 1873 2595 (παρθένου
1892 2548 1902 2583 l

1227 2607 1351 2639 oculos
1371 2604 1510 2646 (cmg),
1537 2614 1568 2638 et
1591 2615 1693 2650 quem
1716 2602 1757 2636 ad
1773 2603 1900 2636 lwllnm

1228 2660 1432 2692 'l'lwbanum
1470 2658 1667 2703 profectum
1705 2669 1720 2687 a
1758 2656 1902 2688 vulner«=
