1978 3305
476 253 572 281 200

845 238 906 280 M.
933 238 1071 280 VAL.
1110 238 1496 282 MARTIALIS

1120 401 1218 456 VI.

692 566 758 593 DE
799 564 952 593 FAMA
992 564 1238 593 REDITUS
1276 545 1649 594 ΒοΜιΤΙΑΝΗι

537 703 720 752 ECQUID
746 699 1036 760 Hyperboreis
1065 698 1119 742 ad
1144 715 1223 742 nos
1247 714 1482 743 conversus
1507 700 1562 743 ab
1589 701 1674 743 oris

610 770 820 813 Ausonias
846 771 991 814 Caesar
1016 770 1102 830 jam
1131 779 1256 830 parat
1280 771 1341 813 ire
1370 769 1492 813 vias?

540 843 696 885 Certus
721 839 842 884 abest
863 849 1037 896 auctor,
1061 839 1135 883 sed
1161 855 1246 883 vox
1272 839 1357 884 hoc
1383 841 1554 884 nuntiat
1579 840 1742 884 omnis:

610 909 754 954 Credo
779 910 882 964 tibi;
905 926 1058 954 verum
1083 909 1251 966 dicere,
1272 911 1428 966 Fama,
1450 910 1572 955 soles.

541 979 717 1024 Publica
739 981 939 1024 victrices
961 989 1174 1024 testantur
1197 979 1351 1040 gaudia
1372 980 1532 1025 ehartae
1549 999 1559 1034 3
1578 1029 1580 1031 ¹
1861 1000 1874 1022 ε

542 1123 641 1163 Μῶν
665 1122 732 1178 ἀφ’
759 1110 1013 1180 Ῠπερὸορέων
1039 1122 1264 1180 ὁρμώμενος
1293 1117 1365 1162 εἶσι
1391 1122 1488 1181 πρὸς
1512 1123 1616 1179 ἡμᾶς

613 1177 704 1238 Ηδη
737 1193 774 1240 ἐς
804 1181 965 1240 Ῐταλίης
990 1191 1148 1250 Καῖσαρ
1176 1192 1334 1250 ἕτοιμος
1360 1185 1498 1245 ὁδούς

545 1264 632 1311 Πᾶς
660 1263 728 1319 μέν
757 1277 869 1319 φησι·
895 1261 1016 1320 λόγου
1048 1254 1087 1302 δ’
1114 1260 1359 1321 αὐτάγγελος
1384 1263 1428 1303 οὐ
1456 1260 1584 1318 πάρα·
1615 1260 1676 1303 σοὶ
1704 1255 1748 1303 δὲ

615 1329 716 1388 (Σὺν
741 1329 815 1391 γὰρ
847 1324 1092 1386 ἀληθευειν),
1122 1337 1152 1372 ὼ
1180 1331 1310 1383 Φατι
1338 1330 1566 1389 πειθόμεθα.

544 1396 764 1460 Ποίνδημόν
789 1418 832 1462 γε
859 1400 985 1461 χαρὰν
1010 1401 1202 1461 νικηφόρα
1226 1400 1449 1462 γράμματα
1475 1406 1611 1460 φωνεῖ·

528 1548 542 1562 ¹
564 1553 615 1584 De
636 1550 749 1584 reditu
769 1550 911 1584 Caesaris
933 1550 998 1591 ait,
1020 1550 1144 1595 passim

475 1617 633 1638 rumores
650 1604 781 1649 spargi,
800 1603 862 1636 sed
881 1604 1009 1648 absque
1026 1611 1146 1637 aucto-

474 1669 532 1691 re:
555 1664 652 1702 rogat
668 1657 856 1698 Caesarem,
876 1665 915 1689 ut
934 1656 1008 1701 ipse
1025 1664 1145 1689 auctor

474 1710 690 1755 nuntiusque
717 1709 762 1743 sit
789 1708 981 1754 triumphi,
1005 1717 1039 1742 et
1066 1720 1145 1741 mox

474 1763 602 1796 veniat.
624 1763 741 1796 Rader.

531 1828 558 1848 1.
590 1815 720 1860 Ecquid
744 1815 966 1861 Hyperboreis.
992 1815 1043 1847 De
1068 1814 1145 1847 Sar-

471 1869 594 1909 matia,
613 1868 754 1913 regione
772 1867 815 1900 ad
835 1867 1146 1912 Septemtrionem,

471 1920 550 1954 vide
569 1921 679 1966 epigr.
701 1933 750 1961 11,
770 1933 883 1965 supra.

527 1988 560 2007 2.
584 1974 755 2007 Ausonias.
780 1973 907 2006 Italas:
932 1973 1032 2005 Italia
1052 1973 1147 2005 enim

473 2027 624 2060 Ausonia
641 2025 731 2059 dicta
756 2033 806 2059 est
824 2027 866 2059 ab
884 2028 1024 2058 Ausone
1041 2025 1145 2069 Ulys-

474 2080 518 2112 sis
539 2087 574 2112 et
592 2079 760 2124 Calypsus
782 2078 867 2112 filio.

528 2137 560 2166 3.
573 2131 684 2164 Certus
703 2131 791 2163 adest
808 2139 919 2164 auctor
936 2131 1080 2164 exhibet
1091 2143 1147 2163 co·

473 2184 540 2217 dex
549 2184 917 2218 Vaticanus—Certus
927 2184 1014 2216 abest
1026 2192 1144 2216 auctor.

474 2238 661 2271 Auctorem
689 2245 823 2271 certum
853 2249 924 2270 non
955 2237 1145 2277 hahemus,

473 2291 563 2323 fama
582 2299 695 2324 tamen
715 2297 877 2324 constans
899 2297 968 2329 est,
995 2299 1028 2324 et
1048 2290 1146 2322 famae

474 2342 579 2376 fidem
596 2343 725 2376 habere
740 2343 848 2376 lubet.

527 2400 559 2435 15.
577 2397 693 2428 Verum
703 2396 814 2429 (licere.
828 2396 941 2428 Immo
956 2397 1076 2428 falsum
1090 2394 1143 2427 (li-

469 2459 546 2480 cere
560 2448 852 2493 solctfama.Virg.
871 2451 949 2481 sEu.
975 2450 1037 2489 lv,
1056 2460 1140 2490 190:

474 2517 486 2528 ι
503 2499 604 2533 Facta
633 2509 737 2546 atque
765 2501 888 2535 infecta
913 2501 1019 2534 canit.
1037 2519 1050 2530 »ι
1073 2501 1142 2533 Ta-

466 2565 545 2585 men
563 2553 700 2586 videtur
716 2554 820 2587 Poeta
843 2554 1035 2599 intelligere
1059 2561 1141 2585 tun(-

464 2605 602 2638 Famam
619 2607 730 2639 solere
742 2605 859 2639 dicere
876 2619 1012 2648 verum,
1027 2619 1139 2651 quum

463 2659 633 2692 constanti
652 2659 809 2692 omnium
830 2672 990 2693 sermone
1005 2658 1137 2704 aliquid

1205 1550 1418 1591 celebratur3
1430 1550 1622 1584 Domitiani
1632 1562 1715 1583 vero
1724 1548 1876 1583 reditum

1205 1615 1325 1636 omnes
1339 1603 1597 1636 renuntiabant.
1623 1603 1690 1636 Vel
1711 1601 1807 1648 quod
1828 1603 1876 1636 fa-

1205 1656 1271 1688 cile
1288 1655 1480 1697 credimus,
1500 1654 1596 1701 quod
1614 1656 1784 1702 cupimus.

1261 1708 1292 1742 5.
1327 1708 1474 1742 Publica.
1508 1708 1543 1742 Si
1575 1708 1699 1742 litterae
1730 1709 1877 1741 Romam

1205 1761 1315 1794 iuissae
1338 1769 1508 1795 testantur
1533 1770 1720 1795 venturum
1747 1761 1877 1807 princi·

1206 1826 1306 1859 pem,
1331 1814 1416 1859 quid
1439 1822 1489 1848 est
1508 1813 1605 1860 quod
1629 1813 1739 1855 dicat,
1766 1813 1877 1847 Certus

1205 1866 1292 1899 abest
1309 1873 1447 1900 auctor?
1467 1866 1597 1900 litteras
1621 1867 1774 1912 intellige
1794 1867 1876 1899 mis-

1205 1932 1257 1953 sas
1286 1919 1330 1953 de
1360 1920 1504 1954 victoria
1535 1919 1677 1954 Caesaris
1714 1918 1877 1953 adversus

1205 1972 1396 2013 Sarmatas,
1417 1985 1488 2005 non
1509 1971 1552 2006 de
1568 1971 1740 2006 adventu:
1759 1984 1878 2018 quam-

1206 2037 1310 2070 quam
1326 2033 1428 2071 poeta
1444 2034 1539 2058 recte
1554 2025 1736 2071 conjiciat,
1755 2033 1878 2059 ventu-

1204 2090 1283 2110 rum
1303 2079 1500 2124 principem
1532 2079 1623 2111 bello
1651 2086 1802 2124 patrato,
1824 2089 1877 2110 ar-

1205 2140 1370 2175 gumento
1404 2145 1421 2163 a
1452 2131 1644 2164 litterarum
1672 2131 1877 2164 testimoniis
1916 2155 1927 2169 χ

1206 2182 1324 2217 ducto.
1344 2201 1396 2205 -
1421 2185 1438 2214 Ι
1448 2185 1573 2216 'ica-icoo·
1593 2184 1721 2216 chame.
1744 2184 1878 2228 Repor-

1207 2244 1274 2270 tata
1286 2237 1431 2270 victoria
1444 2237 1599 2270 solebant
1612 2235 1719 2270 duces
1729 2235 1878 2269 Romani

1205 2290 1259 2322 vel
1279 2288 1322 2322 ad
1340 2290 1521 2329 Senatum,
1547 2290 1600 2322 vel
1621 2288 1663 2322 ad
1683 2289 1877 2335 principem

1205 2343 1344 2375 mittere
1378 2343 1546 2375 laureatas
1575 2343 1709 2381 literas,
1744 2340 1878 2375 indices

1204 2395 1380 2436 vienni-e,
1401 2397 1501 2441 nujus
1524 2395 1656 2440 insigne
1679 2403 1728 2428 est
1749 2394 1876 2427 laurus.

1205 2448 1348 2487 Livius,
1369 2448 1620 2490 Dccad.1‚lil›.
1719 2447 1878 2480 «Literae

1203 2515 1219 2533 a
1257 2501 1458 2534 posthumio
1493 2448 1662 2534 lffuiicata*
1685 2507 1878 2544 sequantui

1203 2554 1382 2587 victoriam
1412 2554 1535 2599 populi
1566 2553 1724 2586 Romani.
1747 2570 1760 2581 ›-
1785 2552 1874 2585 Pliu.

1203 2607 1283 2647 XV,
1305 2620 1380 2653 cap.
1403 2607 1543 2639 ultimo:
1564 2605 1676 2639 Tacit.
1698 2605 1785 2638 Hist.
1809 2605 1876 2638 lib.

1201 2660 1268 2701 ΙΙΙ,
1291 2672 1336 2703 77
1358 2672 1364 2692 :
1387 2661 1478 2693 Pers.
1500 2668 1559 2693 sat.
1577 2671 1634 2698 vi,
1654 2658 1712 2699 43.
1730 2658 1794 2691 En.
