<?xml version="1.0" encoding="UTF-8"?>
<!DOCTYPE html PUBLIC "-//W3C//DTD XHTML 1.0 Transitional//EN"
    "http://www.w3.org/TR/xhtml1/DTD/xhtml1-transitional.dtd">
<html xmlns="http://www.w3.org/1999/xhtml" xml:lang="en" lang="en">
 <head>
  <title>
</title>
<meta http-equiv="Content-Type" content="text/html;charset=utf-8" />
  <meta name='ocr-system' content='tesseract 3.04.00' />
  <meta name='ocr-capabilities' content='ocr_page ocr_carea ocr_par ocr_line ocrx_word'/>
</head>
<body>
  <div class='ocr_page' id='page_1' title='image "./epigrammata02martuoft/epigrammata02martuoft_0397.png"; bbox 0 0 1978 3305; ppageno 0'>
   <div class='ocr_carea' id='block_1_1' title="bbox 364 223 1232 270">
    <p class='ocr_par' dir='ltr' id='par_1_1' title="bbox 364 223 1232 270">
     <span class='ocr_line' id='line_1_1' title="bbox 364 223 1232 270; baseline -0.005 -1"><span class='ocrx_word' id='word_1_1' title='bbox 364 223 947 270; x_wconf 77' lang='lat' dir='ltr'>EPIGRAMMATUM</span> <span class='ocrx_word' id='word_1_2' title='bbox 984 224 1109 266; x_wconf 88' lang='lat' dir='ltr'>LIB.</span> <span class='ocrx_word' id='word_1_3' title='bbox 1149 223 1232 266; x_wconf 88' lang='lat' dir='ltr'>IX.</span> 
     </span>
    </p>
   </div>
   <div class='ocr_carea' id='block_1_2' title="bbox 1409 222 1505 268">
    <p class='ocr_par' dir='ltr' id='par_1_2' title="bbox 1409 222 1505 268">
     <span class='ocr_line' id='line_1_2' title="bbox 1409 222 1505 268; baseline -0.01 0"><span class='ocrx_word' id='word_1_4' title='bbox 1409 222 1505 268; x_wconf 79' lang='lat'>383</span> 
     </span>
    </p>
   </div>
   <div class='ocr_carea' id='block_1_3' title="bbox 311 310 1219 724">
    <p class='ocr_par' dir='ltr' id='par_1_3' title="bbox 312 310 1106 454">
     <span class='ocr_line' id='line_1_3' title="bbox 312 310 1106 372; baseline -0.003 -16"><span class='ocrx_word' id='word_1_5' title='bbox 312 313 444 370; x_wconf 77' lang='lat' dir='ltr'>Quod</span> <span class='ocrx_word' id='word_1_6' title='bbox 475 313 600 358; x_wconf 88' lang='lat' dir='ltr'>nidos</span> <span class='ocrx_word' id='word_1_7' title='bbox 629 312 717 358; x_wconf 86' lang='lat' dir='ltr'>olet</span> <span class='ocrx_word' id='word_1_8' title='bbox 744 313 858 357; x_wconf 86' lang='lat' dir='ltr'>alitis</span> <span class='ocrx_word' id='word_1_9' title='bbox 884 310 1106 372; x_wconf 80' lang='lat' dir='ltr'>superbae3</span> 
     </span>
     <span class='ocr_line' id='line_1_4' title="bbox 313 382 1062 454; baseline -0.003 -27"><span class='ocrx_word' id='word_1_10' title='bbox 313 384 690 454; x_wconf 44' lang='lat' dir='ltr'>Nomcnenectare</span> <span class='ocrx_word' id='word_1_11' title='bbox 713 383 880 428; x_wconf 89' lang='lat' dir='ltr'>dulcius</span> <span class='ocrx_word' id='word_1_12' title='bbox 908 382 1036 426; x_wconf 88' lang='lat' dir='ltr'>beato</span> <span class='ocrx_word' id='word_1_13' title='bbox 1050 417 1062 437; x_wconf 89' lang='lat'>,</span> 
     </span>
    </p>

    <p class='ocr_par' dir='ltr' id='par_1_4' title="bbox 313 452 1129 515">
     <span class='ocr_line' id='line_1_5' title="bbox 313 452 1129 515; baseline -0.001 -19"><span class='ocrx_word' id='word_1_14' title='bbox 313 454 414 510; x_wconf 86' lang='lat' dir='ltr'>Quo</span> <span class='ocrx_word' id='word_1_15' title='bbox 446 453 591 497; x_wconf 87' lang='lat' dir='ltr'>mallet</span> <span class='ocrx_word' id='word_1_16' title='bbox 612 453 795 515; x_wconf 77' lang='lat' dir='ltr'>Cybeles</span> <span class='ocrx_word' id='word_1_17' title='bbox 825 469 933 515; x_wconf 89' lang='lat' dir='ltr'>puer</span> <span class='ocrx_word' id='word_1_18' title='bbox 956 452 1129 505; x_wconf 85' lang='lat' dir='ltr'>vocari,</span> 
     </span>
    </p>

    <p class='ocr_par' dir='ltr' id='par_1_5' title="bbox 311 523 1219 724">
     <span class='ocr_line' id='line_1_6' title="bbox 315 523 1137 585; baseline -0.002 -18"><span class='ocrx_word' id='word_1_19' title='bbox 315 526 372 567; x_wconf 90' lang='lat' dir='ltr'>Et</span> <span class='ocrx_word' id='word_1_20' title='bbox 397 525 471 584; x_wconf 90' lang='lat' dir='ltr'>qui</span> <span class='ocrx_word' id='word_1_21' title='bbox 500 523 654 585; x_wconf 85' lang='lat' dir='ltr'>pocula</span> <span class='ocrx_word' id='word_1_22' title='bbox 686 533 901 585; x_wconf 84' lang='lat' dir='ltr'><strong>temperat</strong></span> <span class='ocrx_word' id='word_1_23' title='bbox 923 523 1137 577; x_wconf 75' lang='lat' dir='ltr'>Tonanti3</span> 
     </span>
     <span class='ocr_line' id='line_1_7' title="bbox 316 591 1125 651; baseline -0.004 -14"><span class='ocrx_word' id='word_1_24' title='bbox 316 594 448 651; x_wconf 87' lang='lat' dir='ltr'>Quod</span> <span class='ocrx_word' id='word_1_25' title='bbox 474 596 508 638; x_wconf 90' lang='lat' dir='ltr'>si</span> <span class='ocrx_word' id='word_1_26' title='bbox 531 595 760 639; x_wconf 82' lang='lat' dir='ltr'>Parrhasia</span> <span class='ocrx_word' id='word_1_27' title='bbox 785 610 910 638; x_wconf 90' lang='lat' dir='ltr'>sones</span> <span class='ocrx_word' id='word_1_28' title='bbox 934 595 976 636; x_wconf 89' lang='lat' dir='ltr'>in</span> <span class='ocrx_word' id='word_1_29' title='bbox 1001 591 1099 635; x_wconf 88' lang='lat' dir='ltr'>aula</span> <span class='ocrx_word' id='word_1_30' title='bbox 1114 627 1125 645; x_wconf 87' lang='lat'>‚</span> 
     </span>
     <span class='ocr_line' id='line_1_8' title="bbox 311 662 1219 724; baseline -0.003 -18"><span class='ocrx_word' id='word_1_31' title='bbox 311 664 595 724; x_wconf 86' lang='lat' dir='ltr'>Respondent</span> <span class='ocrx_word' id='word_1_32' title='bbox 619 666 812 708; x_wconf 83' lang='lat' dir='ltr'>Veneres</span> <span class='ocrx_word' id='word_1_33' title='bbox 829 698 840 717; x_wconf 90' lang='lat'>,</span> <span class='ocrx_word' id='word_1_34' title='bbox 868 662 1219 722; x_wconf 75' lang='lat' dir='ltr'>Cupidinesque3</span> 
     </span>
    </p>
   </div>
   <div class='ocr_carea' id='block_1_4' title="bbox 313 732 868 789">
    <p class='ocr_par' dir='ltr' id='par_1_6' title="bbox 313 732 868 789">
     <span class='ocr_line' id='line_1_9' title="bbox 313 732 868 789; baseline 0.002 -13"><span class='ocrx_word' id='word_1_35' title='bbox 313 736 483 778; x_wconf 86' lang='lat' dir='ltr'>Nomen</span> <span class='ocrx_word' id='word_1_36' title='bbox 513 733 681 786; x_wconf 83' lang='lat' dir='ltr'>nobile,</span> <span class='ocrx_word' id='word_1_37' title='bbox 713 732 868 789; x_wconf 84' lang='lat' dir='ltr'>molle,</span> 
     </span>
    </p>
   </div>
   <div class='ocr_carea' id='block_1_5' title="bbox 893 732 1127 785">
    <p class='ocr_par' dir='ltr' id='par_1_7' title="bbox 893 732 1127 785">
     <span class='ocr_line' id='line_1_10' title="bbox 893 732 1127 785; baseline -0.009 -9"><span class='ocrx_word' id='word_1_38' title='bbox 893 732 1127 785; x_wconf 85' lang='lat' dir='ltr'>delicatum</span> 
     </span>
    </p>
   </div>
   <div class='ocr_carea' id='block_1_6' title="bbox 312 801 1246 1209">
    <p class='ocr_par' dir='ltr' id='par_1_8' title="bbox 312 801 1224 988">
     <span class='ocr_line' id='line_1_11' title="bbox 313 801 1114 848; baseline -0.002 -1"><span class='ocrx_word' id='word_1_39' title='bbox 313 805 456 848; x_wconf 87' lang='lat' dir='ltr'>Versu</span> <span class='ocrx_word' id='word_1_40' title='bbox 481 803 624 847; x_wconf 87' lang='lat' dir='ltr'>dicere</span> <span class='ocrx_word' id='word_1_41' title='bbox 649 821 738 848; x_wconf 90' lang='lat' dir='ltr'>non</span> <span class='ocrx_word' id='word_1_42' title='bbox 763 803 861 847; x_wconf 87' lang='lat' dir='ltr'>rudi</span> <span class='ocrx_word' id='word_1_43' title='bbox 885 801 1114 847; x_wconf 84' lang='lat' dir='ltr'>volebam:</span> 
     </span>
     <span class='ocr_line' id='line_1_12' title="bbox 312 869 1224 934; baseline -0.003 -17"><span class='ocrx_word' id='word_1_44' title='bbox 312 873 396 917; x_wconf 89' lang='lat' dir='ltr'>Sed</span> <span class='ocrx_word' id='word_1_45' title='bbox 418 883 487 928; x_wconf 89' lang='lat' dir='ltr'>tu,</span> <span class='ocrx_word' id='word_1_46' title='bbox 513 873 674 934; x_wconf 78' lang='lat' dir='ltr'>syllaba</span> <span class='ocrx_word' id='word_1_47' title='bbox 701 884 960 927; x_wconf 84' lang='lat' dir='ltr'>contumax,</span> <span class='ocrx_word' id='word_1_48' title='bbox 987 869 1224 934; x_wconf 81' lang='lat' dir='ltr'>repugnas!</span> 
     </span>
     <span class='ocr_line' id='line_1_13' title="bbox 314 945 1066 999; baseline 0 -12"><span class='ocrx_word' id='word_1_49' title='bbox 314 945 479 988; x_wconf 90' lang='lat' dir='ltr'>Dicunt</span> <span class='ocrx_word' id='word_1_50' title='bbox 505 945 698 988; x_wconf 87' lang='lat' dir='ltr'>Earinon</span> <span class='ocrx_word' id='word_1_51' title='bbox 725 954 873 988; x_wconf 86' lang='lat' dir='ltr'>tamen</span> <span class='ocrx_word' id='word_1_52' title='bbox 898 946 1066 999; x_wconf 64' lang='lat' dir='ltr'>Poetae,</span> 
     </span>
    </p>

    <p class='ocr_par' dir='ltr' id='par_1_9' title="bbox 313 1013 1246 1209">
     <span class='ocr_line' id='line_1_14' title="bbox 313 1013 1246 1087; baseline -0.002 -30"><span class='ocrx_word' id='word_1_53' title='bbox 313 1014 397 1058; x_wconf 88' lang='lat' dir='ltr'>Sed</span> <span class='ocrx_word' id='word_1_54' title='bbox 426 1016 569 1058; x_wconf 84' lang='lat' dir='ltr'>Graeci</span> <span class='ocrx_word' id='word_1_55' title='bbox 586 1015 775 1087; x_wconf 86' lang='lat' dir='ltr'>‚quibus</span> <span class='ocrx_word' id='word_1_56' title='bbox 799 1024 864 1059; x_wconf 88' lang='lat' dir='ltr'>est</span> <span class='ocrx_word' id='word_1_57' title='bbox 887 1013 993 1058; x_wconf 87' lang='lat' dir='ltr'>nihil</span> <span class='ocrx_word' id='word_1_58' title='bbox 1015 1022 1246 1074; x_wconf 81' lang='lat' dir='ltr'>negatum,</span> 
     </span>
     <span class='ocr_line' id='line_1_15' title="bbox 314 1071 1124 1146; baseline -0.001 -18"><span class='ocrx_word' id='word_1_59' title='bbox 314 1086 371 1128; x_wconf 91' lang='lat' dir='ltr'>Et</span> <span class='ocrx_word' id='word_1_60' title='bbox 395 1101 504 1145; x_wconf 92' lang='lat' dir='ltr'>quos</span> <span class='ocrx_word' id='word_1_61' title='bbox 533 1071 634 1145; x_wconf 82' lang='grc' dir='ltr'>Ᾰρες</span> <span class='ocrx_word' id='word_1_62' title='bbox 662 1074 762 1146; x_wconf 76' lang='grc' dir='ltr'>Ᾰρες</span> <span class='ocrx_word' id='word_1_63' title='bbox 788 1085 911 1129; x_wconf 84' lang='lat' dir='ltr'>decet</span> <span class='ocrx_word' id='word_1_64' title='bbox 940 1100 1124 1128; x_wconf 85' lang='lat' dir='ltr'>sonare.</span> 
     </span>
     <span class='ocr_line' id='line_1_16' title="bbox 313 1154 1146 1209; baseline 0 -11"><span class='ocrx_word' id='word_1_65' title='bbox 313 1154 451 1199; x_wconf 84' lang='lat' dir='ltr'>Nobis</span> <span class='ocrx_word' id='word_1_66' title='bbox 476 1172 566 1199; x_wconf 90' lang='lat' dir='ltr'>non</span> <span class='ocrx_word' id='word_1_67' title='bbox 591 1155 690 1200; x_wconf 85' lang='lat' dir='ltr'>licet</span> <span class='ocrx_word' id='word_1_68' title='bbox 717 1173 808 1200; x_wconf 90' lang='lat' dir='ltr'>esse</span> <span class='ocrx_word' id='word_1_69' title='bbox 833 1165 923 1199; x_wconf 88' lang='lat' dir='ltr'>tam</span> <span class='ocrx_word' id='word_1_70' title='bbox 951 1155 1146 1209; x_wconf 76' lang='lat' dir='ltr'>disertis,</span> 
     </span>
    </p>
   </div>
   <div class='ocr_carea' id='block_1_7' title="bbox 105 1280 774 1328">
    <p class='ocr_par' dir='ltr' id='par_1_10' title="bbox 105 1280 774 1328">
     <span class='ocr_line' id='line_1_17' title="bbox 105 1280 774 1328; baseline 0.004 -15"><span class='ocrx_word' id='word_1_71' title='bbox 105 1292 184 1326; x_wconf 82' lang='lat' dir='ltr'>apes</span> <span class='ocrx_word' id='word_1_72' title='bbox 211 1281 247 1314; x_wconf 90' lang='lat' dir='ltr'>in</span> <span class='ocrx_word' id='word_1_73' title='bbox 278 1280 464 1328; x_wconf 77' lang='lat' dir='ltr'>Hymetto,</span> <span class='ocrx_word' id='word_1_74' title='bbox 491 1283 614 1316; x_wconf 86' lang='lat' dir='ltr'>Atticae</span> <span class='ocrx_word' id='word_1_75' title='bbox 645 1291 774 1316; x_wconf 89' lang='lat' dir='ltr'>monte.</span> 
     </span>
    </p>
   </div>
   <div class='ocr_carea' id='block_1_8' title="bbox 159 1333 780 1382">
    <p class='ocr_par' dir='ltr' id='par_1_11' title="bbox 159 1333 780 1382">
     <span class='ocr_line' id='line_1_18' title="bbox 159 1333 780 1382; baseline 0.008 -17"><span class='ocrx_word' id='word_1_76' title='bbox 159 1337 193 1374; x_wconf 80' lang='grc'>4.</span> <span class='ocrx_word' id='word_1_77' title='bbox 213 1333 315 1366; x_wconf 75' lang='lat' dir='ltr'>Alitis</span> <span class='ocrx_word' id='word_1_78' title='bbox 329 1335 479 1380; x_wconf 74' lang='lat' dir='ltr'>superbae.</span> <span class='ocrx_word' id='word_1_79' title='bbox 499 1336 575 1369; x_wconf 90' lang='lat' dir='ltr'>Hoc</span> <span class='ocrx_word' id='word_1_80' title='bbox 594 1344 643 1369; x_wconf 91' lang='lat' dir='ltr'>est</span> <span class='ocrx_word' id='word_1_81' title='bbox 655 1360 665 1375; x_wconf 85' lang='grc'>,</span> <span class='ocrx_word' id='word_1_82' title='bbox 684 1337 780 1382; x_wconf 87' lang='lat' dir='ltr'>phoe-</span> 
     </span>
    </p>
   </div>
   <div class='ocr_carea' id='block_1_9' title="bbox 105 1385 781 2700">
    <p class='ocr_par' dir='ltr' id='par_1_12' title="bbox 105 1385 777 1430">
     <span class='ocr_line' id='line_1_19' title="bbox 105 1385 777 1430; baseline 0.006 -12"><span class='ocrx_word' id='word_1_83' title='bbox 105 1385 204 1419; x_wconf 88' lang='lat' dir='ltr'>nicis.</span> <span class='ocrx_word' id='word_1_84' title='bbox 231 1387 309 1421; x_wconf 90' lang='lat' dir='ltr'>Lib.</span> <span class='ocrx_word' id='word_1_85' title='bbox 330 1387 376 1429; x_wconf 91' lang='lat' dir='ltr'>V,</span> <span class='ocrx_word' id='word_1_86' title='bbox 405 1400 543 1428; x_wconf 76' lang='lat' dir='ltr'>xxxvn,</span> <span class='ocrx_word' id='word_1_87' title='bbox 569 1397 604 1422; x_wconf 90' lang='lat' dir='ltr'>et</span> <span class='ocrx_word' id='word_1_88' title='bbox 624 1390 693 1430; x_wconf 83' lang='lat' dir='ltr'>VI,</span> <span class='ocrx_word' id='word_1_89' title='bbox 721 1403 777 1423; x_wconf 71' lang='grc' dir='ltr'>ιν.</span> 
     </span>
    </p>

    <p class='ocr_par' dir='ltr' id='par_1_13' title="bbox 106 1438 777 1590">
     <span class='ocr_line' id='line_1_20' title="bbox 161 1438 777 1487; baseline 0.005 -15"><span class='ocrx_word' id='word_1_90' title='bbox 161 1438 194 1472; x_wconf 87' lang='grc'>5.</span> <span class='ocrx_word' id='word_1_91' title='bbox 217 1439 331 1473; x_wconf 84' lang='lat' dir='ltr'>Beato.</span> <span class='ocrx_word' id='word_1_92' title='bbox 370 1441 569 1475; x_wconf 82' lang='lat' dir='ltr'>Caelicolum</span> <span class='ocrx_word' id='word_1_93' title='bbox 602 1442 777 1487; x_wconf 87' lang='lat' dir='ltr'>proprio;</span> 
     </span>
     <span class='ocr_line' id='line_1_21' title="bbox 107 1491 777 1540; baseline 0.009 -17"><span class='ocrx_word' id='word_1_94' title='bbox 107 1491 190 1524; x_wconf 79' lang='lat' dir='ltr'>beati</span> <span class='ocrx_word' id='word_1_95' title='bbox 215 1493 308 1526; x_wconf 89' lang='lat' dir='ltr'>enim</span> <span class='ocrx_word' id='word_1_96' title='bbox 327 1505 393 1538; x_wconf 90' lang='lat' dir='ltr'>pro</span> <span class='ocrx_word' id='word_1_97' title='bbox 415 1494 491 1535; x_wconf 91' lang='lat' dir='ltr'>Dii,</span> <span class='ocrx_word' id='word_1_98' title='bbox 513 1503 552 1528; x_wconf 90' lang='lat' dir='ltr'>ut</span> <span class='ocrx_word' id='word_1_99' title='bbox 573 1503 607 1528; x_wconf 87' lang='lat' dir='ltr'>et</span> <span class='ocrx_word' id='word_1_100' title='bbox 622 1495 777 1540; x_wconf 69' lang='grc' dir='ltr'>Μσίκαρες</span> 
     </span>
     <span class='ocr_line' id='line_1_22' title="bbox 106 1544 498 1590; baseline 0.01 -13"><span class='ocrx_word' id='word_1_101' title='bbox 106 1544 224 1589; x_wconf 79' lang='lat' dir='ltr'>graecis</span> <span class='ocrx_word' id='word_1_102' title='bbox 243 1558 308 1590; x_wconf 84' lang='lat' dir='ltr'>pro</span> <span class='ocrx_word' id='word_1_103' title='bbox 330 1547 418 1581; x_wconf 84' lang='grc' dir='ltr'>Θεοί.</span> <span class='ocrx_word' id='word_1_104' title='bbox 430 1547 498 1581; x_wconf 84' lang='grc' dir='ltr'><strong>ΕΙ).</strong></span> 
     </span>
    </p>

    <p class='ocr_par' dir='ltr' id='par_1_14' title="bbox 108 1597 778 1699">
     <span class='ocr_line' id='line_1_23' title="bbox 161 1597 778 1646; baseline 0.006 -16"><span class='ocrx_word' id='word_1_105' title='bbox 161 1600 194 1631; x_wconf 88' lang='lat'>6.</span> <span class='ocrx_word' id='word_1_106' title='bbox 214 1597 344 1643; x_wconf 60' lang='lat' dir='ltr'>Cybeles</span> <span class='ocrx_word' id='word_1_107' title='bbox 359 1612 447 1644; x_wconf 79' lang='lat' dir='ltr'>puer.</span> <span class='ocrx_word' id='word_1_108' title='bbox 468 1601 554 1645; x_wconf 71' lang='lat' dir='ltr'>Atys</span> <span class='ocrx_word' id='word_1_109' title='bbox 572 1612 699 1646; x_wconf 88' lang='lat' dir='ltr'>nempe</span> <span class='ocrx_word' id='word_1_110' title='bbox 718 1613 778 1634; x_wconf 90' lang='lat' dir='ltr'>seu</span> 
     </span>
     <span class='ocr_line' id='line_1_24' title="bbox 108 1649 775 1699; baseline 0.006 -17"><span class='ocrx_word' id='word_1_111' title='bbox 108 1650 216 1691; x_wconf 84' lang='lat' dir='ltr'>Attis,</span> <span class='ocrx_word' id='word_1_112' title='bbox 234 1649 278 1684; x_wconf 89' lang='lat' dir='ltr'>de</span> <span class='ocrx_word' id='word_1_113' title='bbox 293 1664 362 1697; x_wconf 92' lang='lat' dir='ltr'>quo</span> <span class='ocrx_word' id='word_1_114' title='bbox 378 1652 436 1685; x_wconf 92' lang='lat' dir='ltr'>lib.</span> <span class='ocrx_word' id='word_1_115' title='bbox 456 1654 510 1692; x_wconf 88' lang='lat' dir='ltr'>II,</span> <span class='ocrx_word' id='word_1_116' title='bbox 529 1653 618 1699; x_wconf 86' lang='lat' dir='ltr'>epig.</span> <span class='ocrx_word' id='word_1_117' title='bbox 636 1666 775 1686; x_wconf 75' lang='lat' dir='ltr'>LxxxVI.</span> 
     </span>
    </p>

    <p class='ocr_par' dir='ltr' id='par_1_15' title="bbox 106 1704 780 1789">
     <span class='ocr_line' id='line_1_25' title="bbox 161 1704 780 1750; baseline 0.006 -15"><span class='ocrx_word' id='word_1_118' title='bbox 161 1715 195 1748; x_wconf 90' lang='lat'>7.</span> <span class='ocrx_word' id='word_1_119' title='bbox 211 1704 260 1736; x_wconf 86' lang='lat' dir='ltr'>Et</span> <span class='ocrx_word' id='word_1_120' title='bbox 268 1705 457 1749; x_wconf 82' lang='lat' dir='ltr'>quipocula.</span> <span class='ocrx_word' id='word_1_121' title='bbox 479 1705 701 1750; x_wconf 74' lang='lat' dir='ltr'>Ganymedes</span> <span class='ocrx_word' id='word_1_122' title='bbox 717 1707 780 1740; x_wconf 87' lang='lat' dir='ltr'>sci·</span> 
     </span>
     <span class='ocr_line' id='line_1_26' title="bbox 106 1755 199 1789; baseline 0 -1"><span class='ocrx_word' id='word_1_123' title='bbox 106 1755 199 1789; x_wconf 85' lang='lat' dir='ltr'>licet.</span> 
     </span>
    </p>

    <p class='ocr_par' dir='ltr' id='par_1_16' title="bbox 109 1808 776 1908">
     <span class='ocr_line' id='line_1_27' title="bbox 160 1808 776 1851; baseline 0.005 -10"><span class='ocrx_word' id='word_1_124' title='bbox 160 1808 192 1842; x_wconf 87' lang='lat'>8.</span> <span class='ocrx_word' id='word_1_125' title='bbox 213 1809 388 1842; x_wconf 74' lang='lat' dir='ltr'>Parrhasia</span> <span class='ocrx_word' id='word_1_126' title='bbox 403 1838 411 1851; x_wconf 90' lang='lat'><em>,</em></span> <span class='ocrx_word' id='word_1_127' title='bbox 429 1819 494 1844; x_wconf 90' lang='lat' dir='ltr'>etc.</span> <span class='ocrx_word' id='word_1_128' title='bbox 515 1811 680 1844; x_wconf 79' lang='lat' dir='ltr'>Palatina.</span> <span class='ocrx_word' id='word_1_129' title='bbox 699 1812 776 1844; x_wconf 91' lang='lat' dir='ltr'>Lib.</span> 
     </span>
     <span class='ocr_line' id='line_1_28' title="bbox 109 1862 562 1908; baseline 0.009 -15"><span class='ocrx_word' id='word_1_130' title='bbox 109 1862 198 1902; x_wconf 89' lang='lat' dir='ltr'><strong>VII,</strong></span> <span class='ocrx_word' id='word_1_131' title='bbox 220 1862 331 1908; x_wconf 83' lang='lat' dir='ltr'>epigr.</span> <span class='ocrx_word' id='word_1_132' title='bbox 356 1875 438 1902; x_wconf 78' lang='lat' dir='ltr'>LVI,</span> <span class='ocrx_word' id='word_1_133' title='bbox 460 1877 511 1897; x_wconf 74' lang='lat' dir='ltr'>vs.</span> <span class='ocrx_word' id='word_1_134' title='bbox 531 1877 562 1897; x_wconf 81' lang='lat'>2.</span> 
     </span>
    </p>

    <p class='ocr_par' dir='ltr' id='par_1_17' title="bbox 107 1915 779 2064">
     <span class='ocr_line' id='line_1_29' title="bbox 161 1915 779 1962; baseline 0.006 -16"><span class='ocrx_word' id='word_1_135' title='bbox 161 1927 195 1958; x_wconf 91' lang='lat'>9.</span> <span class='ocrx_word' id='word_1_136' title='bbox 209 1915 417 1960; x_wconf 79' lang='lat' dir='ltr'>Respondent.</span> <span class='ocrx_word' id='word_1_137' title='bbox 430 1916 505 1949; x_wconf 92' lang='lat' dir='ltr'>Hoc</span> <span class='ocrx_word' id='word_1_138' title='bbox 524 1926 573 1950; x_wconf 90' lang='lat' dir='ltr'>est</span> <span class='ocrx_word' id='word_1_139' title='bbox 586 1943 594 1958; x_wconf 88' lang='lat'><strong>‚</strong></span> <span class='ocrx_word' id='word_1_140' title='bbox 609 1930 718 1962; x_wconf 88' lang='lat' dir='ltr'>quum</span> <span class='ocrx_word' id='word_1_141' title='bbox 743 1926 779 1950; x_wconf 85' lang='lat' dir='ltr'>tu</span> 
     </span>
     <span class='ocr_line' id='line_1_30' title="bbox 107 1966 778 2015; baseline 0.007 -17"><span class='ocrx_word' id='word_1_142' title='bbox 107 1966 259 2012; x_wconf 91' lang='lat' dir='ltr'>loqueris</span> <span class='ocrx_word' id='word_1_143' title='bbox 271 1993 280 2009; x_wconf 96' lang='lat'>,</span> <span class='ocrx_word' id='word_1_144' title='bbox 293 1969 406 2002; x_wconf 88' lang='lat' dir='ltr'>omnis</span> <span class='ocrx_word' id='word_1_145' title='bbox 423 1969 574 2003; x_wconf 77' lang='lat' dir='ltr'>suavitas</span> <span class='ocrx_word' id='word_1_146' title='bbox 587 1979 690 2015; x_wconf 84' lang='lat' dir='ltr'>atque</span> <span class='ocrx_word' id='word_1_147' title='bbox 711 1971 778 2004; x_wconf 89' lang='lat' dir='ltr'>ele-</span> 
     </span>
     <span class='ocr_line' id='line_1_31' title="bbox 107 2019 552 2064; baseline 0.009 -12"><span class='ocrx_word' id='word_1_148' title='bbox 107 2019 222 2064; x_wconf 85' lang='lat' dir='ltr'>gantia</span> <span class='ocrx_word' id='word_1_149' title='bbox 241 2020 319 2053; x_wconf 88' lang='lat' dir='ltr'>fluit</span> <span class='ocrx_word' id='word_1_150' title='bbox 336 2022 378 2054; x_wconf 88' lang='lat' dir='ltr'>ab</span> <span class='ocrx_word' id='word_1_151' title='bbox 399 2034 460 2055; x_wconf 91' lang='lat' dir='ltr'>ore</span> <span class='ocrx_word' id='word_1_152' title='bbox 481 2030 552 2056; x_wconf 94' lang='lat' dir='ltr'>tuo.</span> 
     </span>
    </p>

    <p class='ocr_par' dir='ltr' id='par_1_18' title="bbox 108 2074 781 2537">
     <span class='ocr_line' id='line_1_32' title="bbox 165 2074 779 2120; baseline 0.005 -14"><span class='ocrx_word' id='word_1_153' title='bbox 165 2085 220 2106; x_wconf 75' lang='lat'>12.</span> <span class='ocrx_word' id='word_1_154' title='bbox 245 2074 294 2106; x_wconf 83' lang='lat' dir='ltr'>Tu</span> <span class='ocrx_word' id='word_1_155' title='bbox 306 2074 452 2120; x_wconf 76' lang='lat' dir='ltr'>syllaba,</span> <span class='ocrx_word' id='word_1_156' title='bbox 477 2083 542 2109; x_wconf 86' lang='lat' dir='ltr'>etc.</span> <span class='ocrx_word' id='word_1_157' title='bbox 564 2075 677 2108; x_wconf 87' lang='lat' dir='ltr'>Prima</span> <span class='ocrx_word' id='word_1_158' title='bbox 701 2076 779 2109; x_wconf 88' lang='lat' dir='ltr'>bre-</span> 
     </span>
     <span class='ocr_line' id='line_1_33' title="bbox 108 2124 778 2174; baseline 0.006 -17"><span class='ocrx_word' id='word_1_159' title='bbox 108 2124 159 2157; x_wconf 79' lang='lat' dir='ltr'>vis</span> <span class='ocrx_word' id='word_1_160' title='bbox 187 2137 264 2158; x_wconf 89' lang='lat' dir='ltr'>cum</span> <span class='ocrx_word' id='word_1_161' title='bbox 295 2126 439 2172; x_wconf 86' lang='lat' dir='ltr'>reliquis</span> <span class='ocrx_word' id='word_1_162' title='bbox 467 2128 609 2174; x_wconf 81' lang='lat' dir='ltr'>paribus</span> <span class='ocrx_word' id='word_1_163' title='bbox 644 2128 754 2161; x_wconf 86' lang='lat' dir='ltr'>officit</span> <span class='ocrx_word' id='word_1_164' title='bbox 770 2155 778 2169; x_wconf 92' lang='lat'><strong>‚</strong></span> 
     </span>
     <span class='ocr_line' id='line_1_34' title="bbox 108 2178 778 2226; baseline 0.007 -17"><span class='ocrx_word' id='word_1_165' title='bbox 108 2178 292 2222; x_wconf 86' lang='lat' dir='ltr'>quominus</span> <span class='ocrx_word' id='word_1_166' title='bbox 305 2192 406 2213; x_wconf 85' lang='lat' dir='ltr'>versu</span> <span class='ocrx_word' id='word_1_167' title='bbox 417 2181 561 2226; x_wconf 82' lang='lat' dir='ltr'>eleganti</span> <span class='ocrx_word' id='word_1_168' title='bbox 572 2180 717 2214; x_wconf 83' lang='lat' dir='ltr'>dicatur.</span> <span class='ocrx_word' id='word_1_169' title='bbox 728 2183 778 2215; x_wconf 83' lang='lat' dir='ltr'>Ita</span> 
     </span>
     <span class='ocr_line' id='line_1_35' title="bbox 109 2230 779 2278; baseline 0.006 -16"><span class='ocrx_word' id='word_1_170' title='bbox 109 2230 179 2262; x_wconf 88' lang='lat' dir='ltr'>fere</span> <span class='ocrx_word' id='word_1_171' title='bbox 192 2231 396 2275; x_wconf 80' lang='lat' dir='ltr'>Equotutium</span> <span class='ocrx_word' id='word_1_172' title='bbox 410 2233 574 2267; x_wconf 83' lang='lat' dir='ltr'>Horatius</span> <span class='ocrx_word' id='word_1_173' title='bbox 586 2259 596 2275; x_wconf 88' lang='lat'>‚</span> <span class='ocrx_word' id='word_1_174' title='bbox 613 2234 779 2278; x_wconf 62' lang='lat' dir='ltr'>Sigillaria</span> 
     </span>
     <span class='ocr_line' id='line_1_36' title="bbox 108 2282 779 2331; baseline 0.009 -17"><span class='ocrx_word' id='word_1_175' title='bbox 108 2282 264 2316; x_wconf 88' lang='lat' dir='ltr'>Lucilius</span> <span class='ocrx_word' id='word_1_176' title='bbox 293 2284 564 2331; x_wconf 87' lang='lat' dir='ltr'>circumloquuti</span> <span class='ocrx_word' id='word_1_177' title='bbox 587 2295 690 2327; x_wconf 81' lang='lat' dir='ltr'>sunt,</span> <span class='ocrx_word' id='word_1_178' title='bbox 720 2299 779 2320; x_wconf 91' lang='lat' dir='ltr'>seu</span> 
     </span>
     <span class='ocr_line' id='line_1_37' title="bbox 109 2335 781 2382; baseline 0.007 -14"><span class='ocrx_word' id='word_1_179' title='bbox 109 2335 224 2379; x_wconf 85' lang='lat' dir='ltr'>potius</span> <span class='ocrx_word' id='word_1_180' title='bbox 237 2337 453 2382; x_wconf 86' lang='lat' dir='ltr'>conjicienda</span> <span class='ocrx_word' id='word_1_181' title='bbox 466 2338 594 2372; x_wconf 87' lang='lat' dir='ltr'>dedere</span> <span class='ocrx_word' id='word_1_182' title='bbox 607 2365 615 2381; x_wconf 93' lang='lat'>,</span> <span class='ocrx_word' id='word_1_183' title='bbox 626 2338 781 2373; x_wconf 87' lang='lat' dir='ltr'>dicentes</span> 
     </span>
     <span class='ocr_line' id='line_1_38' title="bbox 110 2388 779 2430; baseline 0.006 -10"><span class='ocrx_word' id='word_1_184' title='bbox 110 2388 186 2429; x_wconf 89' lang='lat' dir='ltr'>hic,</span> <span class='ocrx_word' id='word_1_185' title='bbox 202 2407 216 2419; x_wconf 69' lang='lat'>.-</span> <span class='ocrx_word' id='word_1_186' title='bbox 237 2389 324 2430; x_wconf 83' lang='lat' dir='ltr'>Quae</span> <span class='ocrx_word' id='word_1_187' title='bbox 348 2402 448 2423; x_wconf 82' lang='lat' dir='ltr'>versu</span> <span class='ocrx_word' id='word_1_188' title='bbox 478 2391 679 2424; x_wconf 77' lang='lat' dir='ltr'>hexametro</span> <span class='ocrx_word' id='word_1_189' title='bbox 708 2405 779 2424; x_wconf 90' lang='lat' dir='ltr'>non</span> 
     </span>
     <span class='ocr_line' id='line_1_39' title="bbox 108 2440 780 2487; baseline 0.006 -13"><span class='ocrx_word' id='word_1_190' title='bbox 108 2441 209 2485; x_wconf 81' lang='lat' dir='ltr'>plane</span> <span class='ocrx_word' id='word_1_191' title='bbox 219 2440 336 2475; x_wconf 86' lang='lat' dir='ltr'>dicere</span> <span class='ocrx_word' id='word_1_192' title='bbox 346 2443 454 2487; x_wconf 88' lang='lat' dir='ltr'>possis</span> <span class='ocrx_word' id='word_1_193' title='bbox 465 2456 495 2485; x_wconf 75' lang='lat'>3»</span> <span class='ocrx_word' id='word_1_194' title='bbox 511 2453 544 2478; x_wconf 89' lang='lat' dir='ltr'>et</span> <span class='ocrx_word' id='word_1_195' title='bbox 555 2444 612 2477; x_wconf 85' lang='lat' dir='ltr'>ille</span> <span class='ocrx_word' id='word_1_196' title='bbox 627 2469 636 2484; x_wconf 90' lang='lat'>‚</span> <span class='ocrx_word' id='word_1_197' title='bbox 654 2443 780 2486; x_wconf 74' lang='lat' dir='ltr'>«Quod</span> 
     </span>
     <span class='ocr_line' id='line_1_40' title="bbox 110 2493 638 2537; baseline 0.008 -11"><span class='ocrx_word' id='word_1_198' title='bbox 110 2506 210 2528; x_wconf 84' lang='lat' dir='ltr'>versu</span> <span class='ocrx_word' id='word_1_199' title='bbox 223 2493 340 2528; x_wconf 87' lang='lat' dir='ltr'>dicere</span> <span class='ocrx_word' id='word_1_200' title='bbox 358 2508 429 2529; x_wconf 89' lang='lat' dir='ltr'>non</span> <span class='ocrx_word' id='word_1_201' title='bbox 453 2504 503 2529; x_wconf 88' lang='lat' dir='ltr'>est</span> <span class='ocrx_word' id='word_1_202' title='bbox 522 2514 536 2526; x_wconf 70' lang='grc' dir='ltr'>»ι</span> <span class='ocrx_word' id='word_1_203' title='bbox 549 2522 558 2537; x_wconf 92' lang='grc'>,</span> <span class='ocrx_word' id='word_1_204' title='bbox 575 2505 638 2530; x_wconf 87' lang='lat' dir='ltr'>etc.</span> 
     </span>
    </p>

    <p class='ocr_par' dir='ltr' id='par_1_19' title="bbox 110 2543 780 2700">
     <span class='ocr_line' id='line_1_41' title="bbox 165 2543 779 2588; baseline 0.003 -8"><span class='ocrx_word' id='word_1_205' title='bbox 165 2546 222 2581; x_wconf 82' lang='grc'>13.</span> <span class='ocrx_word' id='word_1_206' title='bbox 244 2548 382 2588; x_wconf 84' lang='lat' dir='ltr'>Dicunt,</span> <span class='ocrx_word' id='word_1_207' title='bbox 406 2557 469 2582; x_wconf 84' lang='lat' dir='ltr'>etc.</span> <span class='ocrx_word' id='word_1_208' title='bbox 490 2543 552 2583; x_wconf 59' lang='grc' dir='ltr'>ἐπ’</span> <span class='ocrx_word' id='word_1_209' title='bbox 572 2550 694 2583; x_wconf 80' lang='grc' dir='ltr'>ἄνθεσιν</span> <span class='ocrx_word' id='word_1_210' title='bbox 713 2550 779 2582; x_wconf 71' lang='grc' dir='ltr'>εἰοι-</span> 
     </span>
     <span class='ocr_line' id='line_1_42' title="bbox 110 2600 780 2642; baseline 0.003 -10"><span class='ocrx_word' id='word_1_211' title='bbox 110 2602 246 2642; x_wconf 72' lang='grc' dir='ltr'>ιοινοίἶσιν.</span> <span class='ocrx_word' id='word_1_212' title='bbox 273 2600 415 2634; x_wconf 84' lang='lat' dir='ltr'>Homer.</span> <span class='ocrx_word' id='word_1_213' title='bbox 439 2602 481 2635; x_wconf 91' lang='lat' dir='ltr'>Il.</span> <span class='ocrx_word' id='word_1_214' title='bbox 501 2603 539 2636; x_wconf 91' lang='grc' dir='ltr'>Β.</span> <span class='ocrx_word' id='word_1_215' title='bbox 560 2623 611 2628; x_wconf 94' lang='lat'>—-</span> <span class='ocrx_word' id='word_1_216' title='bbox 635 2603 780 2635; x_wconf 67' lang='lat' dir='ltr'>Eat-iaon</span> 
     </span>
     <span class='ocr_line' id='line_1_43' title="bbox 111 2653 780 2700; baseline 0.007 -17"><span class='ocrx_word' id='word_1_217' title='bbox 111 2660 221 2686; x_wconf 78' lang='lat' dir='ltr'>tamen.</span> <span class='ocrx_word' id='word_1_218' title='bbox 241 2653 351 2699; x_wconf 83' lang='lat' dir='ltr'>Cujus</span> <span class='ocrx_word' id='word_1_219' title='bbox 370 2654 517 2699; x_wconf 82' lang='lat' dir='ltr'>primam</span> <span class='ocrx_word' id='word_1_220' title='bbox 539 2656 679 2688; x_wconf 88' lang='lat' dir='ltr'>brevem</span> <span class='ocrx_word' id='word_1_221' title='bbox 698 2668 780 2700; x_wconf 85' lang='lat' dir='ltr'>pro-</span> 
     </span>
    </p>
   </div>
   <div class='ocr_carea' id='block_1_10' title="bbox 836 1280 1511 2690">
    <p class='ocr_par' dir='ltr' id='par_1_20' title="bbox 836 1280 1511 1592">
     <span class='ocr_line' id='line_1_44' title="bbox 837 1280 1511 1328; baseline -0.006 -12"><span class='ocrx_word' id='word_1_222' title='bbox 837 1282 972 1316; x_wconf 88' lang='lat' dir='ltr'>ducunt</span> <span class='ocrx_word' id='word_1_223' title='bbox 987 1283 1088 1328; x_wconf 85' lang='lat' dir='ltr'>graeci</span> <span class='ocrx_word' id='word_1_224' title='bbox 1103 1290 1224 1328; x_wconf 88' lang='lat' dir='ltr'>poetae.</span> <span class='ocrx_word' id='word_1_225' title='bbox 1241 1280 1410 1315; x_wconf 86' lang='lat' dir='ltr'>—Novit</span> <span class='ocrx_word' id='word_1_226' title='bbox 1429 1292 1511 1313; x_wconf 81' lang='lat' dir='ltr'>sane</span> 
     </span>
     <span class='ocr_line' id='line_1_45' title="bbox 836 1334 1510 1381; baseline -0.006 -12"><span class='ocrx_word' id='word_1_227' title='bbox 836 1336 995 1381; x_wconf 87' lang='lat' dir='ltr'>quisquis</span> <span class='ocrx_word' id='word_1_228' title='bbox 1027 1347 1145 1380; x_wconf 85' lang='lat' dir='ltr'>graecae</span> <span class='ocrx_word' id='word_1_229' title='bbox 1176 1347 1318 1380; x_wconf 89' lang='lat' dir='ltr'>poeseos</span> <span class='ocrx_word' id='word_1_230' title='bbox 1340 1334 1510 1367; x_wconf 82' lang='lat' dir='ltr'>elementa</span> 
     </span>
     <span class='ocr_line' id='line_1_46' title="bbox 836 1384 1510 1434; baseline -0.006 -12"><span class='ocrx_word' id='word_1_231' title='bbox 836 1388 1003 1422; x_wconf 82' lang='lat' dir='ltr'>delibavit</span> <span class='ocrx_word' id='word_1_232' title='bbox 1025 1388 1175 1434; x_wconf 87' lang='lat' dir='ltr'>antiquis</span> <span class='ocrx_word' id='word_1_233' title='bbox 1197 1387 1238 1421; x_wconf 90' lang='lat' dir='ltr'>iis</span> <span class='ocrx_word' id='word_1_234' title='bbox 1256 1388 1293 1420; x_wconf 88' lang='lat' dir='ltr'>in</span> <span class='ocrx_word' id='word_1_235' title='bbox 1316 1384 1510 1433; x_wconf 70' lang='lat' dir='ltr'>pangendis</span> 
     </span>
     <span class='ocr_line' id='line_1_47' title="bbox 836 1439 1510 1485; baseline -0.003 -12"><span class='ocrx_word' id='word_1_236' title='bbox 836 1441 1013 1475; x_wconf 86' lang='lat' dir='ltr'>versiculis</span> <span class='ocrx_word' id='word_1_237' title='bbox 1022 1441 1111 1474; x_wconf 88' lang='lat' dir='ltr'>nihil</span> <span class='ocrx_word' id='word_1_238' title='bbox 1122 1453 1192 1474; x_wconf 86' lang='lat' dir='ltr'>non</span> <span class='ocrx_word' id='word_1_239' title='bbox 1202 1440 1338 1473; x_wconf 82' lang='lat' dir='ltr'>licuisse</span> <span class='ocrx_word' id='word_1_240' title='bbox 1347 1453 1355 1481; x_wconf 93' lang='lat'>;</span> <span class='ocrx_word' id='word_1_241' title='bbox 1363 1439 1510 1485; x_wconf 75' lang='lat' dir='ltr'>syllabas</span> 
     </span>
     <span class='ocr_line' id='line_1_48' title="bbox 836 1491 1509 1537; baseline -0.001 -10"><span class='ocrx_word' id='word_1_242' title='bbox 836 1508 870 1527; x_wconf 85' lang='lat' dir='ltr'>v.</span> <span class='ocrx_word' id='word_1_243' title='bbox 917 1495 1019 1527; x_wconf 78' lang='lat' dir='ltr'>‚fere</span> <span class='ocrx_word' id='word_1_244' title='bbox 1045 1493 1088 1527; x_wconf 86' lang='lat' dir='ltr'>ad</span> <span class='ocrx_word' id='word_1_245' title='bbox 1112 1493 1253 1526; x_wconf 85' lang='lat' dir='ltr'>libitum</span> <span class='ocrx_word' id='word_1_246' title='bbox 1273 1491 1479 1537; x_wconf 80' lang='lat' dir='ltr'>inteipolari</span> <span class='ocrx_word' id='word_1_247' title='bbox 1501 1517 1509 1526; x_wconf 87' lang='lat'>.</span> 
     </span>
     <span class='ocr_line' id='line_1_49' title="bbox 836 1507 1509 1595; baseline -0.006 -15"><span class='ocrx_word' id='word_1_248' title='bbox 836 1507 967 1588; x_wconf 81' lang='lat' dir='ltr'>recidi,</span> <span class='ocrx_word' id='word_1_249' title='bbox 964 1547 1140 1595; x_wconf 87' lang='lat' dir='ltr'>corripi,</span> <span class='ocrx_word' id='word_1_250' title='bbox 1163 1545 1333 1592; x_wconf 83' lang='lat' dir='ltr'>produci,</span> <span class='ocrx_word' id='word_1_251' title='bbox 1355 1554 1420 1579; x_wconf 88' lang='lat' dir='ltr'>etc.</span> <span class='ocrx_word' id='word_1_252' title='bbox 1442 1545 1509 1577; x_wconf 83' lang='lat' dir='ltr'>En.</span> 
     </span>
    </p>

    <p class='ocr_par' dir='ltr' id='par_1_21' title="bbox 836 1587 1510 2170">
     <span class='ocr_line' id='line_1_50' title="bbox 890 1587 1494 1646; baseline -0.007 -12"><span class='ocrx_word' id='word_1_253' title='bbox 890 1600 941 1634; x_wconf 83' lang='lat'>15.</span> <span class='ocrx_word' id='word_1_254' title='bbox 961 1596 1039 1646; x_wconf 79' lang='grc' dir='ltr'>Ᾰρες</span> <span class='ocrx_word' id='word_1_255' title='bbox 1051 1608 1129 1645; x_wconf 79' lang='grc' dir='ltr'>Αρες</span> <span class='ocrx_word' id='word_1_256' title='bbox 1134 1600 1295 1633; x_wconf 90' lang='lat' dir='ltr'>..Homer</span> <span class='ocrx_word' id='word_1_257' title='bbox 1308 1599 1348 1632; x_wconf 91' lang='lat' dir='ltr'>Il.</span> <span class='ocrx_word' id='word_1_258' title='bbox 1361 1599 1401 1631; x_wconf 88' lang='lat' dir='ltr'>E.</span> <span class='ocrx_word' id='word_1_259' title='bbox 1418 1587 1494 1642; x_wconf 67' lang='lat' dir='ltr'>Ape:</span> 
     </span>
     <span class='ocr_line' id='line_1_51' title="bbox 836 1647 1511 1713; baseline -0.006 -26.969"><span class='ocrx_word' id='word_1_260' title='bbox 836 1647 922 1698; x_wconf 70' lang='grc' dir='ltr'>Α’ρες</span> <span class='ocrx_word' id='word_1_261' title='bbox 920 1654 1026 1698; x_wconf 61' lang='grc' dir='ltr'>β,ρο’·;</span> <span class='ocrx_word' id='word_1_262' title='bbox 1016 1653 1128 1713; x_wconf 53' lang='grc' dir='ltr'>οὶοιγὲ,</span> <span class='ocrx_word' id='word_1_263' title='bbox 1137 1653 1296 1698; x_wconf 71' lang='grc' dir='ltr'>μιαιφόνε,</span> <span class='ocrx_word' id='word_1_264' title='bbox 1310 1666 1327 1685; x_wconf 82' lang='grc' dir='ltr'><strong>τ</strong></span> <span class='ocrx_word' id='word_1_265' title='bbox 1332 1665 1394 1694; x_wconf 80' lang='grc' dir='ltr'>ειχε</span> <span class='ocrx_word' id='word_1_266' title='bbox 1382 1653 1511 1684; x_wconf 59' lang='lat'>&amp;27:71-</span> 
     </span>
     <span class='ocr_line' id='line_1_52' title="bbox 837 1699 1510 1752; baseline -0.006 -13"><span class='ocrx_word' id='word_1_267' title='bbox 837 1719 898 1746; x_wconf 80' lang='grc' dir='ltr'>τοι,</span> <span class='ocrx_word' id='word_1_268' title='bbox 914 1706 975 1738; x_wconf 90' lang='lat' dir='ltr'>ubi</span> <span class='ocrx_word' id='word_1_269' title='bbox 988 1707 1101 1752; x_wconf 86' lang='lat' dir='ltr'>prima</span> <span class='ocrx_word' id='word_1_270' title='bbox 1116 1706 1152 1738; x_wconf 89' lang='lat' dir='ltr'>in</span> <span class='ocrx_word' id='word_1_271' title='bbox 1169 1699 1247 1750; x_wconf 50' lang='lat'><strong>39:3-</strong></span> <span class='ocrx_word' id='word_1_272' title='bbox 1263 1704 1510 1740; x_wconf 79' lang='lat' dir='ltr'>communiter,</span> 
     </span>
     <span class='ocr_line' id='line_1_53' title="bbox 836 1756 1510 1844; baseline -0.005 -53"><span class='ocrx_word' id='word_1_273' title='bbox 836 1758 895 1792; x_wconf 88' lang='lat' dir='ltr'>sed</span> <span class='ocrx_word' id='word_1_274' title='bbox 917 1759 1048 1792; x_wconf 84' lang='lat' dir='ltr'>variato</span> <span class='ocrx_word' id='word_1_275' title='bbox 1059 1767 1220 1844; x_wconf 80' lang='lat' dir='ltr'>accenAtu.</span> <span class='ocrx_word' id='word_1_276' title='bbox 1244 1758 1335 1790; x_wconf 91' lang='lat' dir='ltr'>Hinc</span> <span class='ocrx_word' id='word_1_277' title='bbox 1354 1765 1387 1790; x_wconf 90' lang='lat' dir='ltr'>et</span> <span class='ocrx_word' id='word_1_278' title='bbox 1407 1756 1510 1789; x_wconf 88' lang='lat' dir='ltr'>Luci-</span> 
     </span>
     <span class='ocr_line' id='line_1_54' title="bbox 837 1809 1508 1857; baseline -0.008 -13"><span class='ocrx_word' id='word_1_279' title='bbox 837 1811 905 1844; x_wconf 89' lang='lat' dir='ltr'>lius</span> <span class='ocrx_word' id='word_1_280' title='bbox 930 1812 1031 1849; x_wconf 87' lang='lat' dir='ltr'>lusit</span> <span class='ocrx_word' id='word_1_281' title='bbox 1055 1818 1113 1857; x_wconf 50' lang='lat' dir='ltr'>Af:</span> <span class='ocrx_word' id='word_1_282' title='bbox 1084 1824 1231 1834; x_wconf 62' lang='grc'>’’’’’’</span> <span class='ocrx_word' id='word_1_283' title='bbox 1243 1810 1388 1851; x_wconf 78' lang='lat' dir='ltr'>‚Graeci</span> <span class='ocrx_word' id='word_1_284' title='bbox 1406 1817 1440 1841; x_wconf 83' lang='lat' dir='ltr'>ut</span> <span class='ocrx_word' id='word_1_285' title='bbox 1450 1809 1508 1851; x_wconf 78' lang='lat' dir='ltr'>sa-</span> 
     </span>
     <span class='ocr_line' id='line_1_55' title="bbox 836 1835 1510 1910; baseline -0.004 -14"><span class='ocrx_word' id='word_1_286' title='bbox 836 1866 931 1897; x_wconf 80' lang='lat' dir='ltr'>ciunt.</span> <span class='ocrx_word' id='word_1_287' title='bbox 950 1886 998 1890; x_wconf 96' lang='lat'><strong>—</strong></span> <span class='ocrx_word' id='word_1_288' title='bbox 1013 1865 1060 1897; x_wconf 83' lang='lat' dir='ltr'>Et</span> <span class='ocrx_word' id='word_1_289' title='bbox 1073 1878 1148 1910; x_wconf 77' lang='lat' dir='ltr'>quos</span> <span class='ocrx_word' id='word_1_290' title='bbox 1168 1864 1238 1908; x_wconf 73' lang='grc' dir='ltr'>ἅρες</span> <span class='ocrx_word' id='word_1_291' title='bbox 1218 1835 1328 1908; x_wconf 55' lang='grc' dir='ltr'>Ἱ,ὁίρες</span> <span class='ocrx_word' id='word_1_292' title='bbox 1346 1861 1510 1895; x_wconf 68' lang='lat' dir='ltr'>mendoso</span> 
     </span>
     <span class='ocr_line' id='line_1_56' title="bbox 837 1916 1506 1959; baseline -0.006 -9"><span class='ocrx_word' id='word_1_293' title='bbox 837 1917 873 1950; x_wconf 90' lang='lat' dir='ltr'>in</span> <span class='ocrx_word' id='word_1_294' title='bbox 897 1916 975 1950; x_wconf 85' lang='lat' dir='ltr'>edd.</span> <span class='ocrx_word' id='word_1_295' title='bbox 998 1925 1082 1951; x_wconf 80' lang='lat' dir='ltr'>vett.</span> <span class='ocrx_word' id='word_1_296' title='bbox 1103 1917 1214 1950; x_wconf 89' lang='lat' dir='ltr'>Plant.</span> <span class='ocrx_word' id='word_1_297' title='bbox 1236 1916 1378 1949; x_wconf 87' lang='lat' dir='ltr'>Junian.</span> <span class='ocrx_word' id='word_1_298' title='bbox 1400 1916 1506 1959; x_wconf 74' lang='lat' dir='ltr'>Lang.</span> 
     </span>
     <span class='ocr_line' id='line_1_57' title="bbox 837 1967 1504 2015; baseline -0.003 -12"><span class='ocrx_word' id='word_1_299' title='bbox 837 1970 963 2015; x_wconf 83' lang='lat' dir='ltr'>Delph.</span> <span class='ocrx_word' id='word_1_300' title='bbox 996 1970 1172 2003; x_wconf 87' lang='lat' dir='ltr'>Schrevel.</span> <span class='ocrx_word' id='word_1_301' title='bbox 1208 1969 1311 2002; x_wconf 82' lang='lat' dir='ltr'>etiam</span> <span class='ocrx_word' id='word_1_302' title='bbox 1346 1967 1475 2002; x_wconf 75' lang='lat' dir='ltr'>Bai-bon</span> <span class='ocrx_word' id='word_1_303' title='bbox 1499 1993 1504 2001; x_wconf 81' lang='lat'>,</span> 
     </span>
     <span class='ocr_line' id='line_1_58' title="bbox 837 2020 1506 2067; baseline -0.007 -11"><span class='ocrx_word' id='word_1_304' title='bbox 837 2023 914 2056; x_wconf 81' lang='lat' dir='ltr'>Par.</span> <span class='ocrx_word' id='word_1_305' title='bbox 935 2035 989 2056; x_wconf 82' lang='lat' dir='ltr'>an.</span> <span class='ocrx_word' id='word_1_306' title='bbox 1010 2023 1118 2067; x_wconf 69' lang='lat'>1754.</span> <span class='ocrx_word' id='word_1_307' title='bbox 1139 2022 1211 2055; x_wconf 87' lang='lat' dir='ltr'>Ubi</span> <span class='ocrx_word' id='word_1_308' title='bbox 1230 2022 1323 2055; x_wconf 90' lang='lat' dir='ltr'>enim</span> <span class='ocrx_word' id='word_1_309' title='bbox 1344 2020 1455 2067; x_wconf 88' lang='lat' dir='ltr'>priori</span> <span class='ocrx_word' id='word_1_310' title='bbox 1472 2020 1506 2051; x_wconf 79' lang='lat' dir='ltr'>iu</span> 
     </span>
     <span class='ocr_line' id='line_1_59' title="bbox 837 2075 1509 2120; baseline -0.007 -11"><span class='ocrx_word' id='word_1_311' title='bbox 837 2079 900 2109; x_wconf 83' lang='lat' dir='ltr'>hac</span> <span class='ocrx_word' id='word_1_312' title='bbox 923 2088 1006 2109; x_wconf 87' lang='lat' dir='ltr'>voce</span> <span class='ocrx_word' id='word_1_313' title='bbox 1027 2075 1071 2110; x_wconf 86' lang='lat' dir='ltr'>ad</span> <span class='ocrx_word' id='word_1_314' title='bbox 1094 2075 1232 2108; x_wconf 87' lang='lat' dir='ltr'>libitum</span> <span class='ocrx_word' id='word_1_315' title='bbox 1258 2075 1431 2120; x_wconf 84' lang='lat' dir='ltr'>quantitas</span> <span class='ocrx_word' id='word_1_316' title='bbox 1451 2085 1509 2105; x_wconf 84' lang='lat' dir='ltr'>va-</span> 
     </span>
     <span class='ocr_line' id='line_1_60' title="bbox 837 2129 1363 2170; baseline -0.006 -8"><span class='ocrx_word' id='word_1_317' title='bbox 837 2129 959 2170; x_wconf 85' lang='lat' dir='ltr'>riatur,</span> <span class='ocrx_word' id='word_1_318' title='bbox 974 2129 1127 2162; x_wconf 85' lang='lat' dir='ltr'>variatur</span> <span class='ocrx_word' id='word_1_319' title='bbox 1141 2136 1176 2161; x_wconf 91' lang='lat' dir='ltr'>et</span> <span class='ocrx_word' id='word_1_320' title='bbox 1191 2136 1363 2161; x_wconf 85' lang='lat' dir='ltr'>accentus.</span> 
     </span>
    </p>

    <p class='ocr_par' dir='ltr' id='par_1_22' title="bbox 838 2179 1509 2690">
     <span class='ocr_line' id='line_1_61' title="bbox 897 2179 1506 2226; baseline -0.01 -11"><span class='ocrx_word' id='word_1_321' title='bbox 897 2183 954 2215; x_wconf 91' lang='lat'>16.</span> <span class='ocrx_word' id='word_1_322' title='bbox 967 2182 1108 2214; x_wconf 80' lang='lat' dir='ltr'>Disertos</span> <span class='ocrx_word' id='word_1_323' title='bbox 1128 2181 1164 2213; x_wconf 92' lang='lat' dir='ltr'>in</span> <span class='ocrx_word' id='word_1_324' title='bbox 1184 2179 1413 2226; x_wconf 83' lang='lat' dir='ltr'>quibusdam,</span> <span class='ocrx_word' id='word_1_325' title='bbox 1433 2189 1506 2210; x_wconf 90' lang='lat' dir='ltr'>non</span> 
     </span>
     <span class='ocr_line' id='line_1_62' title="bbox 839 2228 1506 2267; baseline -0.007 -1"><span class='ocrx_word' id='word_1_326' title='bbox 839 2234 884 2267; x_wconf 87' lang='lat' dir='ltr'>ita</span> <span class='ocrx_word' id='word_1_327' title='bbox 898 2235 1009 2267; x_wconf 89' lang='lat' dir='ltr'>bene:</span> <span class='ocrx_word' id='word_1_328' title='bbox 1031 2233 1189 2267; x_wconf 83' lang='lat' dir='ltr'>videatur</span> <span class='ocrx_word' id='word_1_329' title='bbox 1206 2234 1323 2266; x_wconf 90' lang='lat' dir='ltr'>Heins.</span> <span class='ocrx_word' id='word_1_330' title='bbox 1341 2231 1385 2265; x_wconf 80' lang='lat' dir='ltr'>ad</span> <span class='ocrx_word' id='word_1_331' title='bbox 1402 2228 1506 2263; x_wconf 83' lang='lat' dir='ltr'>Ovid.</span> 
     </span>
     <span class='ocr_line' id='line_1_63' title="bbox 840 2283 1506 2333; baseline -0.008 -13"><span class='ocrx_word' id='word_1_332' title='bbox 840 2286 983 2320; x_wconf 87' lang='lat' dir='ltr'>Heroid.</span> <span class='ocrx_word' id='word_1_333' title='bbox 1003 2287 1104 2333; x_wconf 84' lang='lat' dir='ltr'>epist.</span> <span class='ocrx_word' id='word_1_334' title='bbox 1123 2298 1195 2326; x_wconf 79' lang='lat' dir='ltr'>xlv,</span> <span class='ocrx_word' id='word_1_335' title='bbox 1214 2289 1261 2326; x_wconf 76' lang='grc'>64</span> <span class='ocrx_word' id='word_1_336' title='bbox 1275 2311 1283 2326; x_wconf 92' lang='grc'>,</span> <span class='ocrx_word' id='word_1_337' title='bbox 1301 2294 1335 2318; x_wconf 89' lang='lat' dir='ltr'>et</span> <span class='ocrx_word' id='word_1_338' title='bbox 1348 2283 1506 2317; x_wconf 83' lang='lat' dir='ltr'>Broukli.</span> 
     </span>
     <span class='ocr_line' id='line_1_64' title="bbox 838 2335 1508 2385; baseline -0.009 -12"><span class='ocrx_word' id='word_1_339' title='bbox 838 2338 883 2373; x_wconf 87' lang='lat' dir='ltr'>ad</span> <span class='ocrx_word' id='word_1_340' title='bbox 914 2340 1071 2385; x_wconf 87' lang='lat' dir='ltr'>Propert.</span> <span class='ocrx_word' id='word_1_341' title='bbox 1098 2340 1151 2379; x_wconf 93' lang='lat' dir='ltr'>II,</span> <span class='ocrx_word' id='word_1_342' title='bbox 1174 2352 1213 2382; x_wconf 81' lang='lat'>9,</span> <span class='ocrx_word' id='word_1_343' title='bbox 1236 2341 1295 2378; x_wconf 74' lang='lat'>46.</span> <span class='ocrx_word' id='word_1_344' title='bbox 1315 2335 1508 2371; x_wconf 77' lang='lat' dir='ltr'>Commode</span> 
     </span>
     <span class='ocr_line' id='line_1_65' title="bbox 839 2389 1507 2438; baseline -0.007 -13"><span class='ocrx_word' id='word_1_345' title='bbox 839 2400 953 2425; x_wconf 79' lang='lat' dir='ltr'>tamen</span> <span class='ocrx_word' id='word_1_346' title='bbox 973 2400 1086 2438; x_wconf 89' lang='lat' dir='ltr'>potest</span> <span class='ocrx_word' id='word_1_347' title='bbox 1104 2389 1256 2424; x_wconf 87' lang='lat' dir='ltr'>defendi.</span> <span class='ocrx_word' id='word_1_348' title='bbox 1268 2390 1399 2436; x_wconf 88' lang='lat' dir='ltr'>Saepius</span> <span class='ocrx_word' id='word_1_349' title='bbox 1415 2389 1507 2422; x_wconf 80' lang='lat' dir='ltr'>enini</span> 
     </span>
     <span class='ocr_line' id='line_1_66' title="bbox 839 2442 1509 2490; baseline -0.004 -14"><span class='ocrx_word' id='word_1_350' title='bbox 839 2445 910 2477; x_wconf 80' lang='lat' dir='ltr'>licet</span> <span class='ocrx_word' id='word_1_351' title='bbox 935 2453 1101 2490; x_wconf 87' lang='lat' dir='ltr'>sequente</span> <span class='ocrx_word' id='word_1_352' title='bbox 1125 2456 1238 2477; x_wconf 75' lang='lat' dir='ltr'>accuS.</span> <span class='ocrx_word' id='word_1_353' title='bbox 1268 2452 1302 2477; x_wconf 91' lang='lat' dir='ltr'>et</span> <span class='ocrx_word' id='word_1_354' title='bbox 1335 2442 1509 2476; x_wconf 82' lang='lat' dir='ltr'>infinitivo</span> 
     </span>
     <span class='ocr_line' id='line_1_67' title="bbox 840 2496 1508 2542; baseline -0.007 -12"><span class='ocrx_word' id='word_1_355' title='bbox 840 2497 1000 2542; x_wconf 89' lang='lat' dir='ltr'>ponitur.</span> <span class='ocrx_word' id='word_1_356' title='bbox 1020 2496 1112 2530; x_wconf 87' lang='lat' dir='ltr'>Vide</span> <span class='ocrx_word' id='word_1_357' title='bbox 1131 2497 1275 2530; x_wconf 86' lang='lat' dir='ltr'>Ohserv.</span> <span class='ocrx_word' id='word_1_358' title='bbox 1295 2497 1392 2529; x_wconf 88' lang='lat' dir='ltr'>Misc.</span> <span class='ocrx_word' id='word_1_359' title='bbox 1411 2504 1508 2529; x_wconf 81' lang='lat' dir='ltr'>tomo</span> 
     </span>
     <span class='ocr_line' id='line_1_68' title="bbox 841 2548 1504 2595; baseline -0.002 -13"><span class='ocrx_word' id='word_1_360' title='bbox 841 2551 887 2590; x_wconf 89' lang='lat' dir='ltr'>V,</span> <span class='ocrx_word' id='word_1_361' title='bbox 907 2563 941 2595; x_wconf 87' lang='lat' dir='ltr'>p.</span> <span class='ocrx_word' id='word_1_362' title='bbox 970 2549 1030 2592; x_wconf 83' lang='lat'>13,</span> <span class='ocrx_word' id='word_1_363' title='bbox 1047 2558 1080 2583; x_wconf 87' lang='lat' dir='ltr'>et</span> <span class='ocrx_word' id='word_1_364' title='bbox 1100 2550 1180 2582; x_wconf 81' lang='lat' dir='ltr'>VV.</span> <span class='ocrx_word' id='word_1_365' title='bbox 1201 2551 1276 2583; x_wconf 91' lang='lat' dir='ltr'>DD.</span> <span class='ocrx_word' id='word_1_366' title='bbox 1299 2548 1343 2582; x_wconf 85' lang='lat' dir='ltr'>ad</span> <span class='ocrx_word' id='word_1_367' title='bbox 1363 2549 1450 2583; x_wconf 86' lang='lat' dir='ltr'>Caes.</span> <span class='ocrx_word' id='word_1_368' title='bbox 1466 2548 1504 2580; x_wconf 89' lang='lat' dir='ltr'>B.</span> 
     </span>
     <span class='ocr_line' id='line_1_69' title="bbox 840 2601 1506 2643; baseline -0.005 -8"><span class='ocrx_word' id='word_1_369' title='bbox 840 2603 880 2636; x_wconf 91' lang='lat' dir='ltr'>C.</span> <span class='ocrx_word' id='word_1_370' title='bbox 906 2615 919 2635; x_wconf 92' lang='lat'>1</span> <span class='ocrx_word' id='word_1_371' title='bbox 934 2616 945 2636; x_wconf 88' lang='lat'>1</span> <span class='ocrx_word' id='word_1_372' title='bbox 960 2615 988 2643; x_wconf 84' lang='lat'>1,</span> <span class='ocrx_word' id='word_1_373' title='bbox 1009 2604 1044 2643; x_wconf 91' lang='lat' dir='ltr'>I;</span> <span class='ocrx_word' id='word_1_374' title='bbox 1064 2603 1227 2636; x_wconf 87' lang='lat' dir='ltr'>omnibus</span> <span class='ocrx_word' id='word_1_375' title='bbox 1248 2611 1362 2636; x_wconf 84' lang='lat' dir='ltr'>autem</span> <span class='ocrx_word' id='word_1_376' title='bbox 1384 2601 1452 2634; x_wconf 90' lang='lat' dir='ltr'>illis</span> <span class='ocrx_word' id='word_1_377' title='bbox 1473 2601 1506 2633; x_wconf 89' lang='lat' dir='ltr'>in</span> 
     </span>
     <span class='ocr_line' id='line_1_70' title="bbox 840 2652 1507 2690; baseline -0.003 -2"><span class='ocrx_word' id='word_1_378' title='bbox 840 2655 923 2688; x_wconf 81' lang='lat' dir='ltr'>locis</span> <span class='ocrx_word' id='word_1_379' title='bbox 972 2656 1085 2689; x_wconf 76' lang='lat' dir='ltr'>omitti</span> <span class='ocrx_word' id='word_1_380' title='bbox 1133 2654 1289 2688; x_wconf 83' lang='lat' dir='ltr'>dativum</span> <span class='ocrx_word' id='word_1_381' title='bbox 1327 2652 1478 2688; x_wconf 80' lang='lat' dir='ltr'>nominis</span> <span class='ocrx_word' id='word_1_382' title='bbox 1499 2677 1507 2690; x_wconf 88' lang='lat'>‚</span> 
     </span>
    </p>
   </div>
  </div>
 </body>
</html>
