1978 3305
482 228 581 285 446

852 231 912 272 Μ.
942 231 1021 273 VA
1035 231 1083 272 L.
1124 231 1514 274 MARTIALIS

1027 375 1327 431 LXXVI.

886 525 951 553 DE
990 525 1205 553 BALNEO
1243 503 1473 553 Tucca-:f

618 636 725 680 NON
755 635 872 680 silice
903 635 1014 680 duro
1032 672 1042 691 ,
1070 636 1309 681 structilive
1340 647 1573 691 caemento,

619 707 713 750 Nec
739 706 873 750 latere
897 716 1048 764 cocto,
1074 725 1161 768 quo
1187 708 1436 751 Semiramis
1463 706 1638 769 longam

622 776 841 838 Babylona
867 779 1026 833 cinxit,
1050 779 1195 822 Tucca
1223 777 1427 822 balneum
1453 778 1574 832 fecit,

621 847 706 891 Sed
736 857 879 909 strage
907 865 1136 892 nemorum
1153 883 1164 901 ,
1190 849 1403 909 pineaque
1430 865 1665 910 compage,

619 919 681 961 Ut
706 919 911 979 navigare
934 920 1080 962 Tucca
1102 917 1258 962 balneo
1283 919 1430 979 possit.
1877 941 1890 964 s

617 988 741 1032 Idem
772 989 918 1032 beatas
947 988 1090 1033 lautus
1117 990 1302 1032 exstruit
1329 989 1522 1033 thermas
1545 996 1549 1000 '

618 1061 687 1103 De
716 1075 933 1103 marmore
958 1060 1098 1115 omni,
1123 1059 1242 1120 quod
1265 1059 1472 1119 Carystos
1500 1060 1685 1112 invenit,

534 1193 548 1205 '¹
567 1194 617 1226 De
639 1193 749 1225 balneo
771 1201 801 1225 et
829 1193 954 1225 thermis
983 1194 1013 1226 T
1012 1206 1095 1226 uccoe
1119 1193 1153 1225 in

481 1246 536 1280 ed.
557 1246 687 1279 Barbou
707 1246 784 1279 Par.
809 1248 919 1290 1754.

533 1320 584 1325 ---
611 1297 742 1331 Irridet
769 1299 932 1332 balneum
960 1300 1087 1332 Tuccae
1116 1298 1157 1332 li-

479 1365 609 1398 gneum
621 1377 630 1393 ,
662 1360 696 1385 et
731 1351 882 1385 thermas
920 1364 1131 1385 marmoreas
1147 1363 1157 1392 ;

482 1418 589 1452 quum
613 1403 702 1437 ordo
721 1405 874 1438 materiae
893 1404 1082 1438 vertendus
1106 1417 1157 1438 es-

482 1467 543 1492 set.
564 1458 715 1491 Balneum
731 1457 826 1490 enim
842 1458 909 1491 hoc
925 1459 1006 1491 loco
1026 1458 1160 1503 accepit

481 1524 547 1557 pro
577 1510 798 1556 receptaculo
821 1523 988 1557 aquarum
1015 1510 1157 1556 frigida-

483 1577 580 1605 rum,
604 1576 664 1596 seu
690 1563 775 1596 cella
802 1562 997 1609 frigidaria;
1026 1565 1159 1596 thermas

482 1630 548 1663 pro
577 1615 746 1657 caldaria,
767 1616 803 1648 in
825 1630 893 1662 qua
915 1625 1015 1650 erant
1037 1617 1159 1650 calefa-

481 1668 613 1704 ciendae
622 1681 728 1714 aquae.
742 1669 994 1711 Conveniebat,
1009 1678 1047 1704 ut
1065 1670 1159 1703 ther-

483 1736 548 1756 mae
566 1722 692 1755 fierent
704 1722 824 1767 ligneae
836 1750 844 1765 ,
861 1723 906 1757 sic
920 1723 1020 1769 aquis
1037 1723 1160 1757 calefa-

484 1775 616 1810 ciendis
629 1775 741 1808 multo
756 1776 907 1821 aptiores
917 1802 925 1817 ‚
936 1785 971 1809 et
986 1789 1160 1809 marmora

485 1828 529 1862 ad
564 1827 705 1873 frigidas
739 1828 960 1874 excipiendas
998 1841 1160 1875 pararen-

486 1891 554 1916 tur.
578 1881 763 1914 Habebant
775 1882 879 1927 prisci
899 1883 1048 1916 Romani
1063 1885 1160 1928 juxta

485 1936 660 1974 thermas,
688 1934 791 1967 etiam
816 1935 918 1969 cellas
941 1934 1103 1980 frigidas,
1123 1944 1162 1969 ut

486 2002 526 2022 ex
542 1987 709 2034 Papinio,
730 1987 844 2021 Plinio
859 1989 1001 2033 juniore
1014 2013 1023 2029 ‚
1043 1987 1161 2022 doceri

487 2049 613 2088 posset.
630 2041 812 2074 Rumnns.

545 2107 576 2128 1.
592 2093 771 2127 Structilive
782 2102 938 2127 caemenw.
957 2094 1030 2127 Nec
1046 2093 1163 2139 lapide

488 2159 576 2181 caeso
593 2145 635 2180 ad
654 2145 922 2180 fundamentum
939 2147 1139 2192 jaciendum
1153 2173 1162 2189 ,

487 2201 543 2234 cui
553 2199 739 2234 aedificium
755 2208 1030 2246 superstruatur.

545 2267 579 2287 2.
607 2253 675 2287 Nec
705 2254 801 2286 latez-e
826 2261 931 2294 cocto,
956 2262 1022 2287 etc.
1046 2254 1162 2294 Bene;

490 2319 570 2340 nam
591 2319 632 2340 ex
652 2307 820 2340 lateribus
847 2307 956 2341 coctis
980 2307 1072 2340 muri
1098 2307 1162 2340 Ba-

490 2360 642 2406 bylonis.
653 2358 761 2393 Unde
778 2373 850 2393 non
861 2360 915 2393 his
932 2360 1059 2393 absona
1071 2359 1163 2393 Naso

493 2414 634 2446 Metam.
666 2413 728 2446 lib.
767 2413 838 2454 111,
865 2412 910 2446 de
946 2413 1098 2458 Pyramo
1130 2421 1164 2446 et

491 2466 621 2499 Thisbe
643 2466 837 2511 incipiens:
861 2484 874 2497 a·
887 2466 953 2499 Hic
972 2467 1032 2499 nbi
1056 2467 1166 2500 fertur

496 2519 667 2551 Coctilibus
684 2521 793 2552 muris
815 2522 946 2552 cim-isse
966 2519 1165 2553 Semiramis

495 2573 626 2605 urbem.
646 2590 658 2600 n
671 2573 889 2617 —Longam.
906 2574 1067 2606 Ambitus
1081 2585 1165 2606 τηατ-

495 2626 590 2658 nium
620 2625 806 2670 Babylonis
826 2635 897 2659 erat
923 2625 1163 2659 milliariorum

495 2687 695 2712 nostrorum
723 2678 884 2712 undecim
902 2706 909 2719 ,
933 2678 1080 2713 altitudo
1106 2691 1165 2725 pe-

1217 1192 1304 1226 dum
1335 1191 1583 1233 ducentorum,
1613 1191 1762 1226 latitudo
1790 1193 1892 1240 quin-

1185 1256 1187 1261 ·
1216 1246 1378 1292 quaginta
1389 1245 1521 1291 pedum
1535 1258 1542 1278 :
1554 1258 1626 1292 quo
1637 1246 1779 1279 nomine
1792 1246 1894 1279 Anti-

1217 1307 1316 1344 pater
1327 1298 1437 1340 dixit,
1449 1297 1620 1344 ἐπίδρομον
1634 1300 1756 1344 ἅρμασι
1774 1301 1890 1342 τεῖχος.

1272 1356 1305 1391 4.
1327 1351 1444 1397 Strage
1468 1365 1622 1384 nemorum
1636 1379 1644 1391 ,
1666 1360 1733 1385 etc.
1751 1352 1869 1397 Lignis
1881 1378 1888 1390 ‚

1215 1406 1357 1438 materia
1382 1405 1528 1438 navibus
1550 1405 1678 1450 magis,
1705 1417 1808 1450 quam
1832 1405 1892 1438 fri-

1216 1456 1358 1504 gidariis
1376 1458 1508 1490 balneis
1525 1457 1766 1491 conveniente.

1271 1513 1304 1544 6.
1314 1511 1425 1552 Quam
1438 1511 1638 1556 frequenter
1647 1511 1754 1542 beatus
1763 1522 1829 1555 pro
1842 1510 1894 1542 lo-

1216 1564 1351 1609 cuples,
1367 1564 1570 1609 opulentus,
1583 1562 1894 1609 splendidissimus,

1218 1617 1298 1650 satis
1312 1625 1437 1650 notum
1449 1643 1457 1657 ‚
1475 1617 1529 1650 vel
1545 1629 1585 1649 ex
1602 1616 1714 1649 Flacci
1732 1616 1889 1660 &7:06790·

1218 1671 1290 1714 φαῖς
1301 1696 1310 1712 ,
1323 1670 1382 1715 qui
1396 1669 1444 1703 sic
1460 1682 1603 1716 magnos
1622 1670 1749 1703 amicos
1765 1669 1894 1702 allocu-

1219 1731 1272 1757 tus
1284 1734 1312 1756 εει
1322 1723 1353 1756 O
1365 1723 1451 1755 beate
1461 1722 1554 1756 Sexti
1565 1723 1668 1762 ,Vitae
1678 1735 1814 1755 summa
1822 1723 1896 1755 bre-

1218 1776 1268 1809 vis
1286 1794 1316 1818 u,
1332 1783 1397 1809 etc.
1415 1775 1492 1809 Lib.
1510 1777 1543 1816 I,
1563 1774 1622 1808 od.
1640 1781 1687 1809 ιγ’.
1707 1793 1720 1805 «ι
1741 1774 1895 1817 Quando

1217 1837 1396 1875 repostum
1420 1829 1608 1863 Caecubum
1639 1827 1682 1861 ad
1707 1829 1808 1862 festas
1834 1826 1895 1861 da-

1218 1883 1452 1928 pes...Tecum
1469 1882 1532 1915 sub
1546 1880 1779 1920 alta...domo‚
1798 1881 1896 1914 Beate

1219 1936 1406 1974 Maecenas,
1426 1935 1564 1968 bibam!
1585 1952 1598 1964 u
1625 1934 1737 1981 Epod.
1759 1935 1802 1968 X.
1826 1934 1894 1967 En.

1274 2001 1308 2033 7.
1321 1989 1372 2021 De
1392 2001 1541 2021 marmore
1562 1992 1654 2021 omni.
1668 1988 1773 2021 Varia
1796 1999 1894 2020 nem-

1220 2055 1263 2087 pe
1278 2041 1552 2087 praestantissimi
1568 2041 1752 2074 marmoris
1770 2052 1893 2086 genera

1221 2102 1415 2127 enumerat.
1435 2092 1528 2127 Vide
1550 2094 1612 2126 lib.
1632 2094 1704 2132 VI,
1726 2106 1781 2138 ep.
1809 2104 1894 2126 xur.

1220 2170 1272 2174 —-
1290 2147 1451 2192 Carystos.
1480 2145 1662 2192 Oppidum
1686 2147 1825 2180 Euhoeae
1847 2146 1897 2179 in-

1221 2201 1320 2241 sulae,
1337 2199 1443 2233 hodie
1462 2200 1674 2245 Negroponte.
1694 2199 1818 2233 Strabo
1833 2199 1894 2232 lib.

1222 2255 1277 2287 X:
1297 2254 1465 2298 Κάρυστος
1485 2250 1519 2285 δ’
1533 2255 1618 2286 ἔστιν
1637 2253 1697 2286 ὑπὸ
1715 2258 1760 2299 τῷ
1780 2253 1840 2298 ὄρει
1856 2255 1897 2296 τῇ

1221 2300 1303 2351 ὀχῇ.
1327 2307 1466 2342 Πλησίον
1494 2303 1531 2339 δὲ
1559 2305 1601 2340 τὰ
1628 2307 1754 2351 Στύρα,
1780 2305 1834 2338 καὶ
1861 2306 1896 2338 τὸ

1223 2360 1434 2405 Μαρμάριον,
1470 2360 1499 2392 ἐν
1532 2355 1555 2403 ᾧ
1590 2362 1624 2392 τὸ
1651 2361 1802 2404 λατόμων
1832 2362 1896 2391 τῶν

1224 2414 1413 2459 Καρυστίων
1442 2414 1549 2446 κιόνων
1565 2436 1573 2448 .
1598 2413 1675 2458 ἱερὸν
1697 2413 1766 2455 ἔχον
1790 2406 1898 2445 ,4⁷:01-

1223 2471 1320 2505 λωνος
1351 2467 1578 2511 Μαρμαρίνου,
1608 2474 1672 2499 etc.
1706 2483 1718 2494 «ι
1734 2465 1898 2508 Carystus

1224 2521 1288 2552 snb
1314 2528 1432 2552 monte
1459 2518 1555 2552 Ocha
1579 2518 1641 2552 sita
1659 2527 1736 2551 est:
1759 2517 1792 2549 in
1816 2529 1897 2562 pro-

1226 2573 1358 2618 pinquo
1381 2573 1499 2616 Styra,
1518 2580 1549 2605 et
1570 2570 1812 2607 Marmarimn,
1836 2569 1897 2602 ubi

1226 2626 1391 2671 Carystiae
1403 2623 1652 2659 exscinduntui·
1662 2623 1847 2661 colunum,
1864 2631 1898 2656 et

1226 2679 1394 2724 templum
1411 2679 1458 2711 ibi
1481 2676 1667 2711 marmorei
1688 2676 1892 2722 Apollinis.-
