1978 3305
433 199 493 253 48

809 199 870 241 Μ.
896 198 1038 241 VAL.
1078 198 1471 242 MARTIALIS

566 285 741 340 Tutior,
769 295 811 328 et
835 295 1037 346 poterant
1063 284 1211 329 fallere
1234 285 1363 346 plana
1388 287 1539 347 magis.
1593 334 1595 336 ,

495 356 588 399 Nec
612 354 829 416 trepidant
851 365 1022 415 gestus;
1047 355 1122 399 sed
1147 355 1201 399 de.
1230 355 1479 400 discrimine
1503 355 1658 417 palmae

565 427 753 469 Securus
777 441 886 484 puer
914 435 1005 480 est,
1034 424 1351 487 sollicitumque
1380 442 1526 487 pecus.

566 573 719 614 Πιστὸν
749 569 795 613 ἂν
820 569 890 624 ἦν,
919 565 1067 631 ἔδαφος
1098 566 1136 613 δ’
1164 570 1210 619 ἦν
1237 570 1283 614 ἂν
1310 572 1566 632 ἀπιςότερον.

496 630 607 700 ἴχνια
635 635 673 683 δ’
699 643 742 683 οὐ
774 641 1012 699 σφάλλοντ’·
1043 642 1254 704 ἀμέριμνοί
1277 644 1316 703 γ’
1341 641 1414 685 εἰσὶ
1442 638 1627 702 βραδείου

564 712 617 752 Οἱ
642 706 806 761 παῖδες·
835 705 948 755 τοῦδ’
975 710 1023 755 αὖ
1050 713 1163 772 θηρσὶ
1188 714 1341 773 μέμηλε
1366 714 1469 772 πέρι.

422 861 551 894 Fet-itas
573 860 717 899 immota,
740 867 807 893 etc.
827 860 938 893 Tauri
962 859 1098 894 dudum

422 914 554 946 feroces
569 920 661 945 stant
680 912 835 954 immoti,
856 921 890 946 et
905 913 1024 958 pueris
1037 913 1099 947 ubi

422 964 564 1010 vestigia
599 965 721 998 sistant
737 990 747 1004 ‚
785 964 883 998 unde
921 966 1068 1000 batuant
1088 992 1097 1007 ‚

420 1019 578 1065 praebent
593 1026 688 1063 terga
704 1030 764 1051 sua
782 1019 1022 1064 pavimentum
1043 1019 1100 1052 Γιτ-

421 1084 519 1105 mum
542 1083 580 1104 ac
600 1069 753 1104 solidum
773 1071 881 1117 magis
901 1084 1005 1117 quam
1024 1072 1099 1117 pla-

425 1138 496 1157 nam
519 1137 658 1157 arenam.

477 1181 511 1211 6.
533 1177 708 1211 Gruterus
727 1176 812 1223 legit
831 1189 840 1210 z
869 1185 901 1209 et
928 1185 1099 1222 poterant;

422 1229 521 1276 quod
552 1230 720 1264 exhibent
753 1230 857 1263 etiam
885 1229 991 1263 codd.
1016 1231 1100 1264 Pul-

421 1283 559 1325 manni,
580 1283 723 1317 Thuan.
752 1291 787 1316 et
816 1283 975 1316 Florem.
1018 1296 1099 1317 cum

421 1337 568 1370 Juntina
588 1344 706 1369 nostra
727 1335 765 1369 in
783 1335 960 1382 margine,
977 1345 1009 1369 et
1023 1350 1100 1382 pos-

421 1398 491 1422 sent
519 1389 574 1423 ed.
598 1388 706 1434 antiq.
730 1389 865 1423 Ferrar.
894 1402 949 1423 an.
978 1394 1100 1435 147¹}

421 1442 500 1476 Ald.
511 1443 611 1475 Junt.
624 1442 740 1476 Colin.
758 1442 897 1488 Gryph.
917 1451 982 1476 etc.

477 1509 511 1540 7.
543 1496 612 1529 Nec
651 1495 810 1540 trepidant
843 1503 950 1540 gestas
992 1495 1096 1530 codd.

424 1549 609 1582 Pulmanni
629 1574 638 1588 ‚
674 1549 815 1582 Thuan.
860 1557 894 1582 et
940 1549 1097 1583 Florent.

423 1602 518 1647 quasi
531 1601 684 1643 diceret,
697 1614 803 1647 pecus
820 1601 927 1647 magis
943 1610 994 1636 est
1008 1602 1101 1636 solli-

424 1655 533 1688 citum
552 1668 617 1701 pro
629 1655 774 1688 homine
788 1681 797 1696 ,
814 1667 919 1700 quam
932 1655 1040 1689 homo
1056 1654 1100 1688 de

1160 873 1194 894 se
1210 861 1287 906 ipso
1299 873 1308 902 ;
1322 861 1425 906 pueri
1439 872 1512 893 non
1525 861 1672 902 timent,
1689 869 1723 894 et
1740 860 1839 894 timet

1157 925 1291 958 pecus:
1320 913 1422 958 pueri
1450 913 1537 947 certi
1556 921 1637 946 sunt
1659 912 1703 946 de
1726 913 1836 946 victo-

1158 967 1209 999 ria
1221 991 1230 1009 ,
1251 966 1333 999 ferae
1346 966 1489 1007 timent,
1502 978 1547 999 ne
1567 965 1766 1011 impediant
1785 966 1838 999 vi-

1158 1019 1318 1053 ctoriam.
1340 1019 1389 1051 Et
1404 1031 1458 1050 nec
1475 1018 1652 1051 discrimine
1666 1025 1768 1064 'parvo
1785 1040 1837 1047 -—

1158 1071 1292 1106 Beverl.
1309 1071 1385 1104 MS.
1397 1071 1526 1104 —Nec
1549 1072 1708 1116 trepidant
1728 1080 1836 1115 gestus

1160 1124 1332 1169 (gressus).
1345 1124 1422 1158 Hoc
1436 1132 1504 1165 est,
1517 1124 1655 1158 Taurus
1673 1123 1839 1158 incedens

1159 1178 1236 1223 figit
1251 1176 1378 1224 pedem
1402 1177 1476 1210 sine
1497 1178 1567 1210 ulla
1589 1176 1837 1224 trepidatione.

1159 1230 1265 1264 Pueri
1285 1238 1398 1264 metus
1411 1226 1569 1275 expertes
1585 1230 1774 1272 insultant,
1787 1230 1841 1263 in-

1159 1283 1356 1329 sistuntque
1380 1283 1507 1322 tauris,
1532 1291 1566 1316 et
1586 1283 1673 1317 certi
1699 1290 1783 1317 sunt
1803 1295 1838 1317 se

1158 1337 1310 1383 palmam
1336 1336 1507 1369 relaturos
1532 1335 1735 1382 gestiendo,
1766 1335 1840 1369 hae-

1159 1389 1271 1423 rendo
1302 1389 1403 1423 firme
1428 1389 1465 1422 in
1489 1397 1673 1422 taurorum
1712 1396 1809 1434 tergo
1830 1414 1840 1430 ‚

1159 1442 1320 1489 nihilque
1346 1441 1572 1487 trepidando.
1594 1443 1662 1475 En.

1216 1498 1250 1530 8.
1275 1495 1512 1541 Sollicitumque
1533 1508 1638 1540 pecus.
1662 1494 1739 1528 Hoc
1763 1502 1814 1527 est
1831 1519 1840 1535 ‚

1158 1549 1258 1595 pueri
1278 1547 1321 1581 de
1338 1561 1464 1594 pugnae
1486 1548 1582 1581 exitu
1601 1547 1715 1581 securi
1733 1554 1813 1580 sunt
1828 1558 1839 1587 ;

1160 1601 1252 1635 tauri
1267 1614 1352 1635 vero
1374 1600 1534 1641 solliciti,
1555 1613 1599 1634 ne
1619 1600 1672 1634 sui
1687 1611 1839 1634 sessores

1160 1655 1284 1700 palmae
1300 1654 1487 1700 praemium
1507 1653 1679 1687 amittant.
1699 1653 1766 1686 En.

983 1829 1280 1885 XXXII.

720 1991 790 2020 ΑΙ)
828 1991 1168 2026 FAUsTlNUM,
1206 1992 1270 2019 DE
1309 1967 1546 2020 CRISPO.>4

496 2142 837 2197 QUADnANTFM
864 2139 1043 2200 Crispus
1068 2137 1250 2192 tabulis,
1276 2138 1503 2191 Faustino,
1528 2137 1740 2197 supremis

566 2211 669 2254 Non
699 2209 818 2253 dedit
849 2211 975 2254 uxori
1005 2227 1013 2252 :

481 2357 495 2371 '‘
508 2362 620 2406 Hujus
637 2362 896 2407 epigrammatis
916 2361 1102 2395 lectionem

430 2429 501 2448 non
530 2415 664 2448 variant
693 2415 775 2448 libri
796 2416 929 2448 calamo
953 2416 1103 2455 exarati,

430 2478 487 2501 aut
505 2469 611 2513 pra‘lo
634 2469 758 2501 excusi.

491 2534 517 2554 1.
559 2522 777 2565 Quadrantem
823 2521 965 2568 Frislms.
1006 2521 1103 2555 Nihil

432 2575 533 2608 uxori
575 2575 727 2608 moriens
767 2575 953 2619 reliquerat
976 2601 985 2616 ‚
1026 2587 1106 2607 nani

433 2630 549 2661 ‹unni-’i
584 2628 682 2661 vivus
715 2627 915 2661 decoxerat.
941 2650 989 2654 —
1015 2630 1106 2671 (lua-

1047 2211 1114 2253 eui
1145 2209 1263 2253 <ledit
1293 2207 1425 2269 ergo?
1451 2207 1542 2252 sibi.

1163 2362 1317 2394 (lt-antem.
1351 2361 1521 2402 Quartam
1567 2360 1648 2393 assis
1684 2368 1836 2406 partem.

1164 2416 1215 2448 De
1236 2414 1354 2453 librae.
1378 2427 1437 2447 seu
1459 2414 1541 2448 assis
1562 2414 1741 2459 partibus,
1763 2411 1837 2445 vid.

1165 2468 1276 2513 epigr.
1298 2480 1323 2500 ιι
1342 2493 1350 2506 ,
1375 2468 1444 2507 5ρῖ;
1465 2476 1498 2500 et
1518 2479 1612 2512 supr.
1634 2466 1741 2511 epigr.
1766 2477 1837 2498 ux.

1166 2521 1355 2554 —Talmlis
1369 2523 1529 2566 supremis.
1545 2518 1724 2554 Codicillis
1738 2527 1840 2553 lesla-

1168 2575 1290 2609 menti.
1312 2573 1394 2607 Yid.
1415 2574 1527 2619 epigr.
1550 2585 1598 2614 iv,
1620 2574 1678 2607 58.

1226 2628 1353 2661 2..s‘il1i.
1379 2627 1504 2661 Ventri
1525 2639 1587 2659 suo
1612 2634 1645 2659 et
1671 2626 1773 2670 peni,
1801 2633 1838 2658 ut
