1978 3305
491 226 587 282 434

866 225 926 267 Μ.
949 224 1089 267 VAL.
1130 223 1524 269 MARTIALIS

1096 374 1290 430 LXII.

857 519 922 547 DE
962 517 1203 548 PLATANO
1242 498 1521 548 CAESARISf‘

554 641 609 683 IN
633 636 912 681 Tartessiacis
934 635 1091 680 domus
1114 644 1181 679 est
1205 636 1429 679 notissima
1453 637 1601 692 terris,

622 709 723 765 Qua
748 707 867 751 dives
892 706 1111 768 placidum
1136 705 1346 749 Corduba
1369 707 1505 751 Baetin
1534 717 1673 763 amat3

554 778 730 824 Vellera
753 778 900 822 nativo
922 776 1086 838 pallent
1109 776 1183 820 ubi
1204 776 1318 820 flava
1338 776 1514 821 metallo
1530 813 1541 833 ,

619 851 679 894 Et
703 849 799 893 linit
822 848 1082 909 Hesperium
1105 847 1282 891 bractea
1303 848 1402 891 viva
1429 864 1584 908 pecus;

551 920 732 964 AEdibus
759 920 803 962 in
832 918 985 962 mediis
1014 927 1127 962 totas
1150 917 1348 979 amplexa
1371 920 1553 963 Penates

621 992 717 1035 Stat
738 989 939 1051 platanus
962 988 1106 1032 densis
1131 989 1376 1032 Caesariana
1397 990 1554 1045 comis;

552 1061 749 1123 Hospitis
778 1061 931 1103 invicti
957 1059 1106 1120 posuit
1132 1074 1263 1118 quam
1296 1058 1474 1102 dextera
1504 1058 1624 1114 felix,

622 1132 769 1192 Coepit
797 1141 840 1174 et
866 1146 919 1173 ex
947 1129 1018 1173 illa
1048 1145 1244 1173 crescere
1274 1130 1397 1191 virga
1425 1146 1569 1174 manu.

553 1204 810 1257 Auctorem,
834 1201 1147 1261 dominumque
1177 1216 1330 1244 nemus
1359 1201 1518 1244 sentire
1543 1200 1745 1257 videtur3

621 1274 692 1317 Sic
717 1273 854 1327 viret,
878 1281 922 1315 et
946 1271 1078 1315 ramis
1104 1269 1244 1314 sidera
1274 1270 1388 1315 celsa
1419 1272 1538 1332 petit.

551 1344 674 1405 Saepe
697 1343 777 1387 sub
800 1342 883 1386 hac
906 1341 1070 1385 madidi
1093 1340 1291 1385 luserunt
1311 1341 1467 1385 arbore
1489 1342 1649 1397 Fauni,

618 1414 795 1457 Terruit
819 1422 862 1456 et
884 1413 1060 1457 tacitam
1082 1410 1226 1456 fistula
1248 1427 1344 1455 sera
1368 1411 1571 1466 domum3

532 1537 608 1574 'De
620 1541 757 1586 platano
782 1539 976 1573 Cordubensi
997 1539 1064 1572 hoc
1082 1539 1155 1584 epi-

480 1606 636 1640 gramma
656 1593 692 1626 in
713 1592 893 1626 nonnullis
912 1591 1128 1625 inscribitur.

533 1669 572 1673 -
605 1646 764 1692 Explicat
798 1646 978 1691 platanum
1015 1645 1158 1678 Caesaris

480 1712 585 1733 manu
600 1707 706 1733 satam
721 1698 912 1739 Cordubae,
923 1697 966 1731 de
983 1711 1051 1744 qua
1067 1698 1157 1731 nihil

481 1753 540 1786 alii
559 1753 760 1797 scriptores,
788 1764 896 1797 quum
917 1751 1046 1797 passim
1067 1751 1157 1784 cele-

480 1807 630 1840 brentur
648 1804 778 1851 platani
800 1804 950 1838 Socratis
972 1802 1064 1849 apud
1081 1804 1157 1837 Pla-

481 1867 604 1892 tonem
618 1859 653 1891 in
670 1857 817 1892 Phaedro
829 1871 837 1900 ;
851 1857 1030 1891 Ciceronis
1042 1857 1158 1902 primo

482 1910 526 1945 de
554 1911 719 1952 Oratore,
749 1923 822 1955 cap.
853 1923 894 1955 73
919 1910 1043 1944 Xerxis
1071 1910 1160 1955 regis

482 1964 666 1998 Persarum
679 1964 714 1996 in
727 1963 838 2010 Lydia
848 1989 857 2004 ,
872 1962 966 2009 apud
981 1963 1158 1996 AElianum

482 2017 545 2050 lib.
570 2019 626 2056 II,
648 2029 722 2063 cap.
748 2021 805 2057 14.

542 2084 554 2104 1
567 2096 573 2102 .
587 2071 625 2103 In
654 2071 870 2103 Tartessiacis.
884 2067 983 2102 Idem
1003 2076 1053 2101 est
1074 2069 1159 2102 Tar-

483 2132 590 2157 tessus
618 2136 656 2157 ac
681 2123 783 2156 Baetis
808 2122 985 2167 Hispaniae
1010 2121 1158 2162 ssuvius,

483 2177 545 2210 lib.
563 2177 674 2217 VIII,
696 2176 806 2221 epigr.
828 2186 960 2216 xxvnt,
975 2187 1023 2207 vs.
1045 2174 1077 2208 5.

540 2243 570 2263 2.
586 2230 741 2263 Placitum
754 2226 1156 2261 Pulmann.—Corduba.

483 2283 579 2316 Urbs
598 2281 773 2327 Hispaniae
791 2289 873 2315 nota
890 2279 934 2314 ad
953 2280 1077 2314 Baetin.

538 2334 569 2368 3.
600 2335 755 2368 Vellera..
769 2335 894 2380 ··fl“‘'“
918 2334 1053 2366 metallo.
1087 2333 1158 2367 Ubi

483 2400 609 2434 nempe
631 2401 773 2422 aureum
792 2388 902 2420 vellus
916 2387 1046 2420 liabent
1065 2399 1156 2420 oves.

483 2441 621 2483 Noster,
634 2442 695 2475 lib.
714 2441 800 2482 XII,
818 2441 927 2486 epigr.
948 2452 1048 2473 κοιλ-ε
1067 2441 1158 2474 «13ae-

483 2495 525 2527 tis
547 2495 705 2528 olivifera
725 2494 857 2528 crinem
878 2492 1040 2527 redimite
1057 2505 1157 2526 coro-

481 2560 546 2588 na,
566 2549 680 2582 Aurea
693 2548 752 2594 qui
768 2546 886 2581 nitidis
906 2547 1033 2580 vellera
1052 2547 1156 2591 tingis

478 2600 587 2646 aquis.
603 2618 614 2629 ιι
637 2602 722 2633 Item
736 2600 914 2634 Juvenalis
929 2601 1000 2634 Sat.
1015 2611 1086 2639 xit,
1102 2612 1150 2633 vs.

476 2658 520 2692 Δία
542 2667 547 2685 ;
575 2672 586 2682 κ
613 2655 722 2699 Atque
746 2654 846 2691 alias,
876 2665 1025 2698 quarum
1048 2664 1151 2698 gene-

1216 1539 1287 1572 rosi
1306 1539 1472 1584 graminis
1490 1539 1604 1584 ipsum
1627 1539 1752 1572 Infecit
1772 1547 1895 1575 natura

1216 1604 1344 1636 pecus,
1364 1590 1423 1625 sed
1451 1601 1485 1626 et
1516 1591 1674 1637 egregius
1702 1591 1779 1626 fons
1798 1593 1894 1626 Viri-

1216 1645 1284 1678 bus
1314 1644 1460 1678 occultis
1475 1671 1484 1685 ‚
1517 1652 1551 1678 et
1574 1645 1724 1679 Baeticus
1755 1645 1895 1691 adjuvat

1220 1709 1291 1730 aer.
1307 1715 1320 1727 η

1273 1764 1306 1795 9.
1323 1751 1552 1796 Dominamque
1571 1763 1687 1784 nemus.
1705 1750 1775 1784 Alii
1791 1751 1893 1785 domi-

1218 1811 1349 1850 numque
1371 1817 1470 1837 suum.
1497 1804 1614 1837 Placet
1636 1803 1735 1850 prior
1763 1804 1892 1846 lectio;

1217 1868 1298 1890 nam
1321 1857 1501 1902 platanum
1518 1870 1622 1890 nemus
1641 1857 1791 1902 appellat
1813 1870 1892 1904 pro·

1217 1918 1297 1955 pter
1316 1912 1389 1955 ejus
1404 1909 1695 1955 magnitudinem.

1276 1975 1288 1996 1
1303 1976 1334 1997 1.
1352 1963 1469 1996 Fauni.
1495 1964 1649 1997 Numina
1669 1962 1825 2008 agrestia.

1277 2028 1289 2049 1
1302 2029 1334 2049 2.
1351 2017 1490 2056 Terruit,
1505 2025 1591 2050 etc.=‹
1601 2016 1717 2061 Vulgo
1736 2016 1892 2062 sequenti

1216 2069 1331 2101 versui
1359 2070 1427 2103 hoc
1451 2078 1715 2114 pentametron,
1743 2077 1777 2102 et
1797 2067 1892 2114 quod

1217 2121 1287 2155 illic
1303 2122 1442 2166 legitur,
1459 2122 1537 2155 huic
1548 2121 1741 2167 subjicitur.
1757 2121 1798 2154 Id
1813 2134 1894 2155 con-

1216 2181 1267 2207 tra
1282 2183 1434 2208 mentem
1444 2175 1611 2209 Martialis
1625 2175 1752 2208 factum
1765 2187 1807 2208 ex
1818 2175 1892 2208 MS.

1216 2227 1322 2261 Palat.
1344 2227 1464 2261 docuit
1484 2228 1669 2262 Gruterus,
1685 2228 1751 2262 Cui
1771 2226 1892 2262 adver-

1217 2288 1312 2314 satur
1344 2281 1535 2314 Scriverius
1567 2281 1684 2314 invitis
1722 2281 1830 2315 Musis
1854 2293 1892 2314 ac

1218 2333 1348 2366 Gratiis
1366 2347 1373 2367 :
1394 2342 1431 2367 ut
1454 2333 1608 2368 ostendit
1628 2334 1830 2368 Gronovius
1858 2342 1893 2367 et

1217 2388 1422 2421 auctoritate
1437 2386 1570 2421 codicis
1584 2386 1841 2427 Arondelliani,
1858 2393 1892 2420 et

1217 2448 1310 2473 certa
1352 2440 1487 2474 ratione
1516 2441 1576 2473 lib.
1611 2442 1627 2474 Ι
1667 2439 1890 2474 Observatio-

1215 2506 1313 2526 num.
1329 2511 1341 2522 ι»
1363 2494 1559 2527 Scumwm„
1581 2515 1630 2520 —
1656 2494 1779 2526 Fistula
1808 2506 1889 2526 sera.

1217 2547 1344 2591 Syrinx
1363 2547 1456 2581 Pana
1473 2548 1607 2592 fugiens
1628 2546 1663 2579 in
1683 2544 1889 2579 arundinem

1215 2612 1378 2633 convorsa
1392 2601 1475 2642 fuit,
1485 2613 1525 2634 ex
1536 2612 1602 2646 qua
1617 2599 1702 2634 facta
1716 2607 1765 2633 est
1775 2598 1888 2633 fistula

1213 2665 1279 2698 qua
1297 2653 1459 2686 utebatur
1471 2654 1551 2686 Pan.
