1978 3305
481 221 569 264 180

843 218 905 259 M.
933 217 1074 260 VAL.
1114 215 1504 259 MARTIALIS

986 363 1369 420 LXXVIII.

732 510 798 538 AD
838 506 1056 546 AULUM,
1096 507 1161 535 DE
1202 505 1418 535 PHRYGE
1456 505 1636 535 LUSCO.

677 617 836 660 Powon
864 611 1022 657 nobilis
1036 648 1047 667 ‚
1069 611 1200 666 Aule,
1222 611 1385 655 lumine
1406 628 1496 655 uno

678 688 845 729 Luscus
874 684 1020 744 Phryx
1050 692 1143 726 erat
1157 718 1169 737 ‚

1200 681 1422 743 alteroque
1451 681 1596 743 lippus
1620 699 1627 723 :

680 756 794 799 Huic
822 757 960 799 Heras
990 753 1205 808 medicus,
1227 753 1354 797 Bibas
1379 762 1557 807 cavet03

680 827 845 870 Vinum
868 827 902 869 si
923 825 1107 876 biberis,
1130 822 1238 867 nihil
1264 823 1444 867 videbis.

680 897 843 940 Ridens
873 895 1019 955 Phryx
1034 929 1045 949 ‚
1071 893 1200 938 oculo
1215 929 1226 949 ‚
1249 892 1451 949 Valebis‚
1477 893 1626 954 inquit.
1863 914 1877 937 ε

682 967 859 1011 Misceri
885 965 964 1009 sibi
992 965 1191 1025 protinus
1217 964 1429 1015 deunces,

682 1037 768 1081 Sed
793 1036 971 1080 crebros
992 1035 1118 1094 jubet
1141 1051 1149 1076 :
1177 1035 1340 1077 exitum
1366 1032 1575 1094 requiris?

681 1109 846 1151 Vinum
875 1106 1048 1165 Phryx,
1069 1103 1222 1148 oculus
1248 1104 1358 1147 bibit
1383 1119 1613 1148 venenum.

527 1246 558 1267 ι.
580 1233 702 1264 Doceor
715 1229 830 1262 nobilis
845 1225 1052 1261 Beverlandi
1069 1226 1144 1260 MS.

525 1287 558 1319 3.
580 1285 666 1317 Huic
678 1283 757 1315 dicit
770 1281 918 1320 medicus,
936 1280 1025 1312 In'has‘
1040 1287 1147 1312 caveto

471 1338 548 1373 Ald.
567 1339 670 1370 Junt.
692 1335 809 1369 Colin.
826 1333 963 1379 Gryph.
981 1333 1146 1365 Pulman.

470 1393 583 1426 Plant.
613 1389 756 1422 Junian.
787 1388 895 1432 Lang.
924 1385 1051 1431 Delph.
1079 1393 1145 1418 etc.

471 1445 528 1478 alii
544 1456 614 1476 eras
627 1470 636 1482 ‚
656 1442 712 1475 vel
729 1441 815 1473 Eros
834 1440 978 1472 medicus.

526 1497 558 1530 5.
571 1495 702 1528 Videbis
715 1506 783 1539 pro
803 1492 933 1525 Valebis
949 1490 1147 1524 cod.Vatic.

473 1551 589 1588 Oculo,
613 1553 651 1580 o!
678 1546 820 1581 valebis,
843 1546 943 1591 inquit
957 1558 970 1577 .·
997 1545 1080 1577 Ant.
1111 1544 1150 1576 de

473 1605 564 1649 Rooy
575 1601 671 1647 legit.
681 1599 851 1638 ——Ocul0,
872 1598 1013 1630 Valebis.
1029 1597 1151 1630 Gallus

472 1655 616 1702 quidam
631 1655 747 1687 luscus
761 1663 906 1685 excusso
921 1650 1025 1683 unico
1047 1650 1150 1682 oculo

473 1709 538 1742 sibi
554 1706 686 1741 inludo
700 1704 905 1751 gladiatorio
917 1703 1077 1749 punctim
1095 1703 1152 1735 ba-

472 1761 604 1800 tuenti,
624 1759 848 1799 exclamavit,
869 1757 976 1790 Adieu
990 1769 1060 1789 mon
1079 1756 1148 1796 oeil,

1206 1235 1235 1259 et
1255 1226 1354 1258 bonne
1376 1228 1480 1267 uniet,
1497 1228 1676 1265 nwssiem·s,·
1699 1235 1732 1260 et
1754 1226 1790 1259 in
1812 1227 1885 1272 epi-

1205 1287 1397 1325 grammate
1414 1279 1553 1312 Lucillii
1568 1306 1577 1318 ,
1594 1279 1657 1312 lib.
1683 1280 1734 1312 XI
1751 1279 1887 1312 Antho-

1206 1332 1306 1377 logiae
1326 1357 1336 1372 .‚
1368 1332 1557 1366 amissurus
1595 1333 1735 1365 oculum
1773 1331 1861 1366 dixit
1877 1357 1886 1373 ‚

1207 1388 1293 1430 χκῖρ’
1314 1385 1390 1430 ἱερὸν
1413 1389 1489 1430 φῶς.

1263 1440 1296 1471 6.
1324 1439 1477 1470 Dennces.
1505 1437 1664 1484 Scyphus
1686 1450 1792 1483 capax
1819 1451 1885 1471 un-

1208 1489 1321 1524 decim
1346 1491 1567 1537 cyathorum.
1581 1490 1672 1523 Vide
1693 1491 1803 1524 tabul.
1821 1503 1886 1524 nu-

1210 1545 1331 1577 meral.
1351 1543 1395 1577 ad
1411 1544 1540 1577 calcem
1556 1543 1662 1589 primi
1675 1544 1756 1577 Vol.
1773 1544 1842 1577 En.

1263 1597 1282 1629 8
1291 1623 1296 1629 .
1304 1596 1425 1630 Oculus
1433 1597 1510 1629 bibit
1516 1609 1678 1630 venenum.
1688 1597 1842 1630 Exstinct
1849 1609 1888 1630 us

1211 1649 1305 1682 enim
1319 1658 1369 1683 est
1384 1649 1542 1683 bibendo
1556 1650 1691 1683 oculus.
1712 1649 1888 1684 Perditam

1210 1702 1385 1736 luxuriam
1400 1703 1543 1737 fortasse
1552 1702 1697 1743 alludit,
1711 1715 1813 1749 quam
1825 1716 1888 1737 no-

1213 1763 1261 1789 tat
1272 1755 1362 1789 Plin.
1373 1755 1435 1789 lib·
1452 1756 1551 1793 XIV.
1562 1768 1637 1802 cap.
1654 1769 1670 1789 α
1680 1768 1696 1789 2
1706 1783 1713 1790 .

1027 1891 1332 1948 LXXIX.

1003 2030 1071 2057 AD
1120 2008 1364 2058 LUPUM.*

541 2132 725 2174 'l'nisTis
750 2144 818 2182 cs,
846 2135 889 2170 et
914 2124 1036 2180 felix3
1065 2126 1173 2169 sciat
1198 2126 1283 2170 hoc
1309 2127 1499 2169 Fortuna
1517 2162 1528 2178 ‚
1555 2137 1729 2179 cavctoe

618 2202 843 2259 Ingratum
867 2197 982 2240 dicet
1006 2205 1071 2250 te,
1092 2198 1240 2257 Lupe,
1269 2197 1302 2239 si
1328 2197 1484 2240 scierit.

530 2318 543 2332 ⁶
555 2322 620 2354 Hic
634 2320 766 2354 nullam
777 2317 938 2352 lectionis
951 2316 1154 2350 varietatem

478 2375 644 2409 exhibent
670 2381 730 2406 aut
756 2371 895 2417 scripti,
914 2377 973 2403 aut
996 2369 1155 2415 impressi

479 2429 570 2462 libri.
588 2426 671 2459 Vid.
695 2426 755 2458 lib.
773 2425 825 2458 XI
838 2449 847 2465 ,
865 2423 975 2470 epigr.
989 2435 1091 2456 cvm.

532 2502 584 2507 --
611 2481 651 2512 In
675 2478 760 2511 laetis
787 2477 929 2518 laetum,
955 2476 1091 2509 tristem
1117 2475 1154 2509 in

478 2533 635 2567 tristibus
661 2531 738 2563 vult
759 2543 832 2563 esse
857 2530 1017 2575 Lupum,
1041 2529 1154 2574 vulgi,

479 2587 552 2620 scil.
577 2598 648 2617 non
666 2583 901 2629 superstitiosa
922 2581 1154 2627 philosopho-

477 2652 555 2673 rum
579 2638 737 2677 rnssonc,
756 2635 814 2680 qui
845 2634 1007 2668 eumdem
1036 2643 1069 2667 ct
1090 2634 1155 2667 So-

1215 2316 1383 2350 craticum
1405 2317 1440 2349 in
1463 2318 1559 2351 omni
1587 2318 1729 2353 fortuna
1752 2321 1889 2355 vultum

1214 2368 1425 2403 servandum
1444 2369 1583 2405 docent.
1604 2372 1689 2405 Rad.

1272 2436 1304 2455 π.
1327 2423 1493 2467 Ingratum
1509 2425 1605 2464 dicet,
1628 2433 1696 2459 etc.
1715 2426 1787 2459 Nec
1804 2439 1867 2461 usu
1880 2453 1890 2468 ‚

1215 2488 1279 2509 nec
1297 2477 1395 2509 vultu
1410 2501 1418 2513 ,
1437 2489 1500 2510 nec
1517 2479 1633 2511 animo
1648 2479 1728 2512 laeto
1746 2491 1889 2514 numera

1215 2530 1290 2573 ejus
1306 2539 1561 2574 agnoscentem.
1580 2529 1684 2564 Unde
1704 2531 1789 2565 irata
1807 2533 1890 2567 levis

1215 2580 1278 2615 dea
1302 2582 1410 2615 instar
1429 2583 1578 2629 Scythiae
1601 2596 1712 2629 capra·
1733 2597 1805 2618 rem
1825 2586 1888 2619 tibi

1216 2633 1439 2668 disturbabit.
