1978 3305
448 212 509 257 88

819 212 880 254 Μ.
904 212 1044 255 VAL.
1083 213 1129 253 M
1144 210 1470 255 ARTIALIS

1036 373 1262 428 LXVI.

878 527 933 555 IN
972 505 1407 556 PONTlLIANUM.*

513 651 640 694 Sffimz
666 646 897 706 salutatus,
926 665 1148 710 nunquam
1174 649 1293 710 prior
1320 649 1410 709 ipse
1438 647 1624 701 saluta55

581 719 652 762 Sic
679 719 760 762 erit
779 728 1013 774 aeternum,
1038 718 1298 776 Pontiliane‚
1319 717 1427 762 vale.

494 863 510 877 ''
528 868 647 909 Quum
662 867 749 902 adeo
767 869 812 904 sis
829 868 1040 904 inhumanus
1052 895 1062 912 ‚
1079 880 1117 905 ut

443 932 507 953 nec
524 921 650 954 salutes
662 946 672 962 ,
685 934 749 955 nec
767 923 932 957 resalutes
947 918 1044 966 (vid.
1060 936 1115 969 ep.

443 985 480 1006 n
503 967 651 1018 supr.),
671 975 836 1019 quoniam
862 976 926 1009 tibi
949 988 1020 1008 non
1043 976 1116 1021 pla-

442 1033 497 1058 cet
515 1026 599 1058 salve
617 1026 704 1059 illud
723 1027 777 1060 vel
794 1041 849 1061 αιέ
867 1028 902 1061 in
925 1040 1115 1073 congressu

443 1078 586 1111 solenne
603 1091 612 1120 ;
642 1078 708 1112 tibi
740 1079 932 1113 inhumano
958 1089 992 1114 et
1020 1081 1117 1126 quasi

443 1139 585 1163 mortuo
616 1130 771 1164 dicemus
800 1145 908 1178 usque
931 1133 1034 1174 Vale,
1063 1134 1117 1166 vel

444 1183 615 1216 AEtemum
635 1185 732 1217 vale:
754 1185 813 1229 qui
834 1198 907 1219 mos
928 1185 1117 1220 Veteribus

444 1235 511 1269 suit
538 1235 710 1269 salutandi
738 1246 916 1279 mortuos,
941 1239 1003 1283 qui
1025 1250 1116 1272 resa-

442 1287 555 1321 lutare
573 1301 647 1322 non
668 1297 840 1333 poterant.
859 1289 942 1324 Vid.
960 1291 1021 1324 lib.
1044 1292 1095 1324 IX
1107 1317 1119 1333 ‚y

444 1339 553 1385 epigr.
572 1353 665 1382 v111;
683 1350 717 1375 et
734 1342 908 1376 Lucianus
931 1355 939 1375 :
965 1344 1042 1389 ὑπὲρ
1059 1348 1116 1377 τοῦ

444 1393 473 1426 ἐν
490 1397 530 1437 τῇ
543 1395 791 1439 προσαγορεύσει
806 1397 1029 1440 πταίσματος.

500 1458 531 1478 a.
553 1446 607 1479 Sic
632 1450 691 1479 eris
711 1455 859 1480 celet-num
885 1447 993 1481 codex
1019 1448 1117 1482 Vati-

444 1510 562 1531 canus.
577 1499 700 1531 Diceris
713 1508 861 1533 aeternum
876 1500 985 1534 codex
996 1502 1115 1534 Thua·

443 1562 541 1583 neus.
557 1551 610 1583 Sic
628 1554 686 1584 erit
700 1565 712 1591 ,·
726 1561 873 1586 aelermtm
886 1580 894 1593 ,
912 1554 1092 1586 Ponteliane
1103 1581 1112 1594 ,

443 1603 518 1635 ‘vale
531 1604 627 1636 malit
641 1604 812 1639 Heraldus
824 1631 833 1646 ‚
848 1614 887 1639 ut
902 1606 995 1651 apud
1014 1607 1113 1651 Virg.

445 1657 526 1688 AEn.
540 1657 609 1690 XI:
627 1674 639 1687 κ
650 1657 750 1692 Salve
760 1683 770 1699 ,
783 1659 831 1691 ini
844 1659 994 1693 maxime
1007 1659 1115 1700 Palla,

1176 872 1432 915 AEternumque
1460 869 1547 903 vale.
1575 886 1588 899 ι-
1622 887 1673 894 --
1705 868 1760 903 Sic
1791 873 1849 903 crit

1175 931 1337 957 aeternum.
1370 924 1472 956 Tunc
1503 921 1596 955 enim
1624 921 1848 962 salutaberis,

1174 987 1288 1020 neque
1307 974 1497 1008 resalutare
1514 974 1658 1020 poteris.
1674 974 1790 1008 Placet
1810 983 1849 1007 ut

1174 1027 1324 1073 legatur,
1348 1027 1518 1060 AEtemum
1539 1027 1721 1059 Pontiliane
1749 1028 1822 1059 vale
1838 1053 1846 1066 ‚

1174 1079 1391 1125 conjunctim
1404 1106 1413 1121 ,
1432 1088 1471 1112 ut
1488 1079 1558 1113 sint
1580 1080 1683 1112 verba
1700 1079 1849 1112 salutan-

1173 1132 1218 1166 tis
1245 1132 1504 1173 Pontilianum,
1529 1133 1600 1177 jam
1626 1129 1728 1176 μηδὲν
1757 1133 1848 1165 ὄντα.

1179 1184 1260 1218 Vid.
1293 1186 1445 1218 Brisson.
1470 1184 1628 1217 Formul.
1658 1184 1718 1217 lib.
1742 1184 1847 1222 VIII,

1174 1250 1252 1284 pag.
1275 1241 1347 1282 747
1363 1264 1372 1279 ‚
1392 1238 1453 1270 ubi
1471 1237 1579 1270 multa
1600 1237 1766 1282 exempla.
1783 1237 1852 1270 No-

1174 1299 1208 1324 ta
1227 1303 1281 1324 res
1297 1316 1307 1333 ‚
1323 1298 1357 1323 et
1371 1289 1468 1323 verbi
1483 1302 1520 1323 ac
1534 1289 1677 1334 φράσεως
1693 1289 1850 1335 proprie-

1175 1350 1235 1377 tas.
1260 1342 1348 1376 Inde
1366 1351 1483 1377 autem
1509 1350 1608 1380 nata,
1630 1341 1710 1387 quia
1733 1341 1849 1375 existi-

1174 1396 1318 1429 mabant
1343 1395 1466 1429 miselli
1487 1395 1538 1428 illi
1554 1395 1625 1433 τοὺς
1647 1395 1849 1439 μακαρίτας,

1174 1460 1210 1481 se
1227 1449 1264 1481 in
1282 1457 1451 1481 aeternum
1469 1447 1638 1480 amittere.
1657 1447 1851 1480 Ilm-ald.—

1173 1501 1367 1534 Pontilc'ane.
1389 1501 1504 1542 Quem
1526 1500 1632 1533 Poeta
1648 1508 1687 1532 ut
1702 1499 1845 1533 inurba-

1173 1566 1259 1586 num
1274 1561 1309 1586 et
1329 1562 1499 1598 agrestem
1518 1553 1700 1585 hominem
1715 1552 1826 1597 carpit
1841 1578 1850 1592 ‚

1174 1606 1235 1651 qui
1264 1606 1440 1639 neminem
1468 1618 1624 1651 unquam
1653 1605 1729 1650 ipse
1755 1604 1851 1650 prior

1174 1659 1352 1693 salutaret.

1020 1807 1282 1863 LXVII.

925 1963 984 1992 DE
1019 1943 1376 1994 HIRUNDINR*

520 2088 760 2131 HJBERNOS
782 2096 979 2147 peterent
1003 2087 1130 2132 solito
1155 2105 1289 2148 quum
1323 2105 1443 2132 inore
1471 2104 1664 2132 recessus

515 2228 762 2287 Νισσομένου
790 2236 1004 2288 χειμῶνος,
1029 2231 1090 2272 ὅτ’
1117 2223 1288 2280 Ᾱτθίδες
1312 2229 1363 2280 εἰς
1387 2231 1544 2290 σφέτερ’
1569 2229 1665 2276 ἤθεα

500 2359 513 2373 '¹
528 2364 598 2397 Sub
621 2374 711 2398 tecto
729 2374 762 2398 et
783 2366 904 2411 tegulis
917 2392 926 2406 ‚
946 2366 1005 2399 ubi
1026 2365 1118 2400 nidi-

448 2417 551 2449 ficant
561 2417 765 2451 hirundines
777 2444 786 2459 ‚
803 2419 970 2452 Martialis
983 2419 1117 2452 habita-

450 2470 523 2509 bat,
544 2482 691 2514 avesque
718 2472 983 2505 contubernales
1011 2473 1117 2505 habe--

448 2522 505 2554 bat
527 2522 754 2563 hirundinem
784 2537 825 2557 ex
855 2525 980 2569 quibus
1013 2538 1116 2558 miani

448 2587 525 2607 cuni
554 2575 696 2620 reliquis⁴
725 2589 792 2608 non
823 2578 971 2611 avolasse
1003 2579 1034 2610 in
1059 2591 1118 2611 au-

450 2635 568 2660 nunno
587 2637 719 2661 notam!
735 2655 745 2668 ‚
770 2642 911 2674 vaniqui¹
935 2644 952 2664 a
974 2632 1118 2664 reversi>

1178 2367 1287 2400 altero
1309 2378 1390 2399 vere
1418 2367 1594 2400 laniatam.
1617 2368 1661 2400 Et
1685 2367 1781 2400 brevi
1805 2368 1853 2400 sa·

1177 2420 1296 2452 hulam
1319 2419 1466 2453 Procnes
1485 2419 1638 2465 exponit.
1660 2419 1777 2452 Rader.

1234 2484 1245 2505 1
1257 2498 1263 2504 .
1284 2472 1452 2516 Hibernos
1465 2480 1627 2517 μυῖαι-σπι,-
1648 2480 1715 2505 etc.
1734 2473 1852 2513 Quum

1178 2524 1407 2564 hirundines.
1427 2534 1609 2570 appetente
1630 2526 1698 2569 jani
1724 2525 1853 2563 bivine,

1178 2591 1195 2611 a
1214 2579 1312 2611 nobis
1327 2578 1503 2611 avolarent
1521 2578 1555 2610 in
1572 2577 1722 2611 Africani
1743 2572 1853 2620 (teste

1180 2631 1292 2664 Plinio
1308 2626 1342 2672 ),
1361 2630 1453 2664 unde
1471 2643 1550 2664 vere
1566 2643 1629 2664 nos
1647 2630 1771 2664 visunt.
