1978 3305
481 228 578 285 246

849 229 910 271 M.
938 229 1076 271 VAL.
1116 229 1510 274 MARTIALIS

617 318 672 360 Et
702 315 920 360 Laletanae
950 316 1073 376 nigra
1102 313 1254 376 lagena
1279 332 1417 377 sapae3

547 388 771 446 Parvaque
796 401 895 429 cum
919 386 1037 429 canis
1058 395 1272 429 venerunt
1297 396 1480 431 coctana
1501 389 1676 448 prunis,

621 458 677 500 Et
701 455 876 516 Libycae
906 455 978 499 fici
1006 455 1205 516 pondere
1230 465 1340 500 testa
1365 458 1521 517 gravis.

552 527 636 569 Vix
666 535 774 587 puto
804 526 983 586 triginta
1009 534 1290 571 nummorum
1320 535 1414 571 tota
1442 526 1572 571 fuisse

616 597 826 652 Munera,
851 613 948 657 quae
974 596 1159 657 grandes
1184 607 1284 641 octo
1313 596 1449 641 tulere
1476 598 1583 658 Syri.

547 668 727 723 Quanto
755 667 1027 711 commodius
1054 666 1174 711 nullo
1199 667 1306 711 mihi
1336 667 1449 711 ferre
1475 667 1624 712 labore

623 737 806 798 Argenti
833 738 976 798 potuit
1001 737 1197 799 pondera
1225 739 1416 799 quinque
1443 737 1578 799 puer?

480 881 583 914 scella
600 880 771 915 olivarum
788 881 996 916 Picenarum
1008 907 1018 923 ,
1040 890 1078 916 ut
1094 882 1155 917 lib.

483 935 573 967 XIII
586 959 596 976 ,
615 933 725 979 epigr.
742 947 861 968 xxxv.

535 989 570 1021 6.
587 987 636 1020 Et
649 987 825 1021 Laletanae.
842 987 920 1020 Hoc
940 996 1009 1028 est,
1031 987 1155 1021 vinum

480 1040 571 1073 faecis
581 1040 726 1086 plenum
737 1053 778 1073 ex
785 1040 975 1082 Laletania‚
986 1039 1023 1073 in
1034 1040 1159 1086 Hispa·

482 1092 541 1126 nia
559 1093 821 1126 Tarraconensi.
842 1093 929 1138 Sapa
948 1093 1092 1139 proprie
1107 1094 1158 1127 vi-

481 1157 566 1178 num
578 1153 629 1179 est
643 1144 850 1188 decoctum3
870 1154 905 1179 at
921 1146 1069 1191 ponitur
1089 1146 1157 1180 hoc

482 1199 574 1240 loco,
585 1199 665 1244 quia
678 1199 744 1232 hoc
755 1199 875 1231 vinum
884 1199 1052 1232 crassius:
1065 1198 1158 1233 unde

484 1259 518 1284 et
530 1251 613 1284 alibi
623 1253 696 1294 faeoe
712 1252 880 1285 Laletana.
894 1252 987 1285 Tum
1004 1251 1091 1286 dicit
1108 1256 1158 1285 ni-

482 1317 543 1348 gra
559 1305 673 1348 lagena
685 1331 694 1345 ,
714 1303 810 1349 quod
825 1303 869 1338 ad
886 1304 1007 1338 vinum
1024 1305 1158 1347 refero,

484 1356 578 1401 quod
594 1370 785 1401 purpureum
803 1366 902 1391 vocat
918 1356 1076 1391 Ovidius.

538 1422 570 1453 7.
589 1409 742 1443 coctana.
759 1411 810 1443 De
823 1411 951 1456 quibus
970 1411 1029 1444 lib.
1048 1411 1157 1453 XIII,

486 1462 594 1507 epigr.
627 1475 747 1496 xxvn1
759 1488 767 1501 ,
806 1471 840 1496 et
868 1463 928 1497 lib.
953 1464 1018 1505 IV,
1049 1463 1156 1508 epigr.

489 1527 631 1555 rixxxlx,
653 1517 687 1547 6.
711 1515 816 1549 Ficus
839 1529 956 1561 parvae
979 1527 1020 1549 ex
1047 1516 1157 1562 Syria.

505 1589 537 1593 —
559 1567 656 1602 Canis
676 1577 830 1602 venerunt
845 1571 968 1614 prunis.
991 1569 1078 1610 Quae
1097 1569 1157 1602 lib.

1216 884 1262 919 V,
1282 883 1393 928 epigr.
1412 894 1525 924 xvnt,
1544 895 1641 917 senes
1662 882 1751 916 dixit
1767 884 1891 916 Dama-

1216 947 1358 969 scenos:
1372 935 1455 969 vide
1471 936 1533 970 lib.
1544 937 1633 969 XIII
1645 962 1654 977 ‚
1670 936 1779 982 epigr.
1794 947 1891 970 xnx·

1271 991 1305 1023 8.
1326 989 1374 1021 Et
1392 988 1614 1033 Libycaestcus
1633 989 1819 1022 Pulmanni
1834 1001 1894 1022 co-

1219 1040 1420 1074 dex.—Et
1434 1041 1564 1086 Libycoe
1577 1040 1640 1086 fici
1662 1049 1752 1075 testa.
1771 1041 1817 1075 Et
1836 1054 1895 1075 vas

1218 1106 1324 1139 grave
1359 1093 1534 1128 Africanis
1566 1102 1600 1128 et
1627 1094 1785 1128 hibernis
1807 1094 1893 1128 ficis.

1217 1146 1311 1180 Vide
1326 1146 1389 1180 lib.
1406 1147 1478 1189 IV,
1500 1146 1609 1192 epigr.
1632 1158 1714 1180 ηπ
1728 1172 1737 1189 ,
1761 1158 1820 1180 10.

1271 1213 1305 1244 9.
1330 1200 1398 1233 Vix
1420 1208 1519 1244 puto,
1541 1208 1607 1233 etc.
1635 1201 1726 1234 Puto
1751 1199 1811 1233 vix
1835 1211 1896 1233 va-

1216 1252 1322 1286 luisse
1338 1253 1386 1286 30
1399 1252 1472 1286 HS.
1485 1252 1592 1294 Quod
1606 1262 1734 1287 nostrae
1749 1260 1897 1287 monetae

1219 1305 1327 1339 efficit
1345 1305 1483 1339 circiter
1500 1306 1657 1352 quinque
1674 1306 1781 1339 franc.
1801 1306 1870 1339 En.

1276 1371 1334 1393 10.
1365 1358 1451 1402 Syri.
1492 1359 1569 1391 Hoc
1610 1367 1660 1392 est
1677 1383 1687 1397 ‚
1722 1358 1813 1392 servi
1855 1370 1897 1392 ex

1218 1411 1316 1457 Syria
1330 1436 1339 1452 ‚
1353 1411 1480 1457 quibus
1497 1411 1639 1445 solitum
1657 1411 1824 1457 bajulare.

1281 1476 1292 1496 1
1305 1477 1336 1497 2.
1352 1465 1494 1508 Argenti
1502 1464 1645 1509 pondera
1661 1466 1795 1509 quinque
1807 1490 1816 1503 ,
1831 1464 1898 1496 hoc

1219 1525 1288 1558 est,
1319 1516 1426 1549 libras
1448 1516 1592 1562 argenti.
1616 1514 1699 1549 Vid.
1722 1516 1809 1550 Tab.
1832 1528 1898 1549 nu-

1220 1582 1306 1603 mer.
1321 1582 1396 1615 quae
1417 1568 1458 1603 ad
1478 1570 1604 1603 calcem
1619 1568 1724 1613 primi
1740 1569 1810 1602 vol.
1831 1569 1898 1602 Eu.

1114 1715 1270 1772 LIV.

968 1872 1020 1900 IN
1060 1871 1427 1901 NASIDIENUM,

562 1999 749 2042 SEMPER
777 2015 904 2042 mane
927 1999 1031 2042 mihi
1060 1999 1113 2042 de
1136 2016 1204 2043 me
1231 2015 1347 2043 mera
1376 2002 1544 2044 somnia
1576 2017 1748 2051 narras⁷

634 2068 745 2125 Quae
772 2079 980 2113 moveant
1005 2070 1199 2113 animum
1225 2069 1544 2131 sollicitentque
1575 2088 1732 2115 meum.

560 2140 656 2181 Jam
683 2140 804 2199 prior
828 2139 882 2183 ad
907 2139 1055 2184 faecem
1071 2175 1082 2195 ‚
1108 2141 1181 2184 sed
1209 2149 1251 2184 et
1276 2141 1369 2185 haec
1393 2141 1611 2185 vindemia
1636 2143 1778 2192 venit;

551 2296 578 2316 ι.
602 2285 654 2317 De
674 2297 719 2316 mc
748 2292 802 2317 tua
826 2288 946 2318 somnia
973 2298 1086 2318 narras
1110 2298 1168 2319 co-

494 2337 559 2369 ‹lex
578 2337 761 2371 Pulmanni
774 2337 914 2371 exhibet
928 2350 937 2380 ;
951 2346 986 2371 et
999 2338 1048 2372 sic
1065 2338 1168 2372 etiam

497 2389 698 2423 Beverlandi
712 2390 948 2433 MS.Caetera‚
961 2391 997 2424 in
1013 2391 1082 2424 hoc
1095 2392 1169 2437 epi-

495 2452 684 2487 grammate
729 2444 824 2477 nulla
864 2453 974 2478 exstat
1012 2445 1170 2478 lectionis

497 2496 654 2529 varietas.
671 2518 723 2523 -—
742 2497 870 2542 Semper
896 2511 985 2530 manc
1013 2499 1098 2531 mihi.
1121 2499 1169 2531 Ut

498 2561 644 2582 munera
663 2558 817 2595 captaret
835 2563 852 2583 a
869 2551 973 2583 Poeta
988 2576 997 2590 ,
1014 2549 1172 2584 Nasidie-

499 2613 567 2634 nus
590 2614 701 2648 usque
724 2604 875 2647 [ingebat
901 2604 1004 2649 plena
1028 2604 1171 2637 teri-oris

499 2654 653 2695 somnia,
671 2668 747 2699 quae
769 2655 899 2701 aliquid
924 2657 1003 2690 mali
1027 2666 1170 2702 porten—

1230 2285 1352 2319 derent
1366 2286 1538 2320 Martiali:
1559 2295 1663 2333 atque
1681 2287 1724 2319 ab
1741 2287 1813 2327 illo,
1836 2298 1908 2319 mo-

1229 2337 1275 2372 do
1302 2339 1404 2380 thus,
1426 2339 1532 2373 modo
1557 2340 1677 2373 vinum
1703 2340 1843 2385 petebat
1864 2338 1906 2372 ad

1229 2404 1266 2425 ea
1287 2391 1467 2438 placanda.
1492 2392 1587 2435 Quid
1610 2402 1725 2427 autem
1747 2392 1793 2426 de
1816 2404 1907 2426 som-

1230 2445 1296 2478 niis
1315 2444 1531 2479 crediderint
1546 2446 1690 2492 Antiqui
1706 2473 1715 2486 ‚
1733 2444 1816 2478 vide
1832 2445 1907 2478 Ma—

1233 2499 1392 2532 crobium
1412 2499 1445 2531 in
1461 2498 1604 2532 Somnio
1621 2498 1801 2544 Scipionis.

1288 2550 1322 2585 3.
1344 2552 1418 2584 Jam
1435 2555 1544 2597 prior,
1569 2561 1634 2585 etc.
1658 2550 1712 2584 Ad
1737 2549 1908 2597 expianda

1233 2604 1382 2638 infausta
1414 2613 1470 2637 tua
1504 2604 1549 2637 de
1586 2616 1641 2638 me
1676 2604 1811 2638 somnia
1830 2630 1839 2644 ‚
1873 2603 1906 2636 in

1231 2657 1408 2691 sacrificiis
1439 2658 1614 2703 absumpsi
1651 2657 1771 2690 vinum
1804 2669 1909 2693 omne
