1978 3305
418 244 1003 289 EPIGRAMMATUM
1042 244 1165 286 LIB.
1205 244 1258 286 X.

1444 246 1539 304 477

202 333 284 377 Sed
314 348 404 376 non
433 334 523 386 vis,
553 334 805 383 Mamurra,
835 341 932 375 tuos
957 338 1221 392 cognoscere
1247 347 1413 386 mores,

272 404 366 447 Nec
391 412 433 446 te
459 404 568 447 scire
599 420 607 446 :

639 402 756 463 legas
785 402 910 445 Αἴτια
933 400 1202 446 Callimachi.

203 509 293 551 Οὐκ.
319 507 460 557 ἐθέλεις
486 507 614 568 ἀτὰρ,
641 502 728 550 οὐδ’
755 508 908 567 ἀλέγεις
934 505 988 548 τὰ
1013 505 1066 548 σὰ
1089 506 1188 553 ἤθεα
1212 512 1382 567 γνῶναι,

272 572 381 620 Οὐδὲ
410 579 599 620 σεαυτόν·
631 577 748 638 γνῶθ’
778 576 902 619 Αἴτια
927 576 1210 635 Καλλιμάχου.

131 680 223 721 aliis,
244 681 310 714 Nec
333 688 361 712 te
381 682 459 712 scire
473 682 567 725 juvat
592 681 680 712 etlzea
701 679 804 712 Calli-

132 734 252 771 machi,
277 733 325 766 sic
347 733 501 778 intellige
523 744 531 766 :
556 733 629 765 Nec
648 733 749 777 juvat
771 740 806 764 te

131 786 243 831 legere
272 786 418 825 librum,
446 797 549 830 quem
577 783 621 818 de
639 784 806 817 'Moribus

130 839 266 884 scripsit
278 838 513 872 Callimachus
524 831 611 880 (sive
628 845 732 882 poeta
748 837 806 870 ille

865 678 1044 722 Cyreneus
1057 678 1163 711 fuerit
1173 704 1182 719 ‚
1197 690 1256 711 seu
1273 678 1358 711 alius
1372 690 1542 723 gramma-

866 730 956 763 ticus
975 730 1024 763 sic
1045 729 1191 770 dictus).
1208 730 1276 763 Sed
1297 731 1409 764 minus
1431 731 1544 776 placet

867 779 1128 828 interpretibus.
1141 782 1226 816 vid.
1245 782 1389 817 Adrian.
1407 784 1543 816 Turne-

866 836 932 869 bus
946 861 955 877 ,
975 835 1036 869 lib.
1059 836 1182 879 XXX,
1202 848 1276 881 cap.
1301 835 1355 869 3ο.

796 960 863 1018 V.

491 1095 546 1123 IN
584 1092 915 1123 MALEDICUM
954 1093 1180 1122 POETAM.

273 1199 500 1254 QUISQUIS
526 1195 701 1240 stolaeve
728 1210 988 1256 purpuraeve
1012 1203 1309 1254 contemptor,

271 1270 395 1324 Quos
417 1266 559 1310 colere
584 1266 735 1318 debet,
760 1264 868 1309 laesit
893 1265 1025 1324 impio
1052 1280 1203 1319 versu;

272 1339 401 1381 Erret
425 1354 503 1398 per
527 1336 682 1380 urbem
707 1335 852 1396 pontis
879 1333 998 1378 exsul
1025 1344 1069 1378 et
1091 1333 1216 1389 clivi,

271 1409 477 1468 Interque
503 1423 657 1451 raucos
682 1405 862 1449 ultimus
892 1414 1116 1466 rogatores

271 1480 382 1522 Oret
406 1478 584 1521 caninas
609 1477 732 1538 panis
757 1475 947 1537 improbi
970 1475 1142 1518 buccas.

272 1547 339 1591 Illi
368 1547 613 1592 December
642 1546 820 1608 longus,
844 1556 886 1589 et
915 1544 1095 1589 madens
1125 1545 1306 1600 bruma,

272 1617 542 1679 Claususque
565 1617 708 1661 fornix
733 1618 853 1661 triste
877 1616 1013 1676 frigus
1038 1615 1253 1659 extendat.

190 1748 220 1768 ῐ.
240 1734 390 1780 Quisquis
404 1735 505 1767 stolae.
524 1735 654 1779 Aspere
670 1732 806 1765 invehi·

132 1796 189 1821 tur
216 1787 252 1820 in
279 1785 445 1820 eumdem
467 1799 548 1819 sane
574 1795 736 1832 poetam,
763 1784 806 1818 de

132 1853 202 1886 quo
218 1840 327 1886 epigr.
349 1851 396 1872 111
417 1852 533 1885 supra.
551 1839 646 1872 Stola
664 1838 807 1884 propria

131 1902 204 1926 erat
219 1892 548 1933 matronarum;lib.
565 1893 598 1932 I,
615 1903 671 1936 ep.
688 1903 806 1924 xxxw.

132 1947 292 1979 Attamen
321 1946 459 1990 Bayfius
487 1944 532 1978 ‹le
562 1946 612 1977 Re
635 1944 808 1977 vestiaria

132 2011 208 2044 cap.
232 2011 245 2032 1
270 1998 441 2031 existimat
459 1998 583 2030 stolam
601 2009 723 2030 vocem
736 2009 808 2030 esse

132 2063 354 2085 communem
380 2050 423 2083 ad
444 2062 550 2083 omne
570 2062 678 2095 genus
703 2049 808 2083 vesti-

132 2105 257 2137 menti.
285 2104 447 2149 Purpura
477 2115 560 2136 vero
588 2103 672 2136 olim
701 2103 808 2135 solius

133 2157 353 2201 Magistratus
365 2165 437 2190 erat
449 2156 606 2202 insigne:
622 2164 655 2189 at
670 2156 808 2188 labente

132 2209 317 2255 disciplina
333 2237 342 2250 ‚
365 2209 513 2243 lacernis
539 2208 728 2254 purpureis
755 2208 808 2241 usi

133 2271 213 2295 sunt
237 2263 308 2295 fere
331 2274 469 2302 omnes3
493 2262 553 2294 lib.
574 2262 620 2302 V,
644 2274 698 2306 ep.
721 2272 806 2294 ΠΗ.

190 2328 221 2348 2.
243 2315 330 2359 Quos
348 2315 447 2347 colere
462 2314 562 2347 dehet.
583 2313 733 2346 Summae
752 2326 807 2347 re·

133 2380 212 2401 rum
237 2367 439 2413 praefectos,
473 2367 721 2412 Imperatores;
753 2365 807 2398 di-

133 2433 262 2454 vorum
281 2420 358 2453 loco
380 2418 587 2452 adorandos.
607 2419 675 2451 En.

189 2474 223 2508 3.
243 2474 359 2511 Erret,
377 2481 442 2505 etc.
464 2489 477 2501 «ι
494 2472 550 2505 Sic
566 2471 675 2504 Palat.
692 2478 808 2503 mente

134 2527 214 2560 satis
234 2526 305 2559 acri
324 2534 358 2558 et
385 2533 496 2558 acuta.
519 2525 560 2557 In
579 2524 691 2569 vulgg.
718 2523 807 2568 lege-

133 2580 239 2612 batur
254 2579 369 2611 Pontes
383 2591 442 2623 ρει·
460 2578 545 2610 urbis
561 2585 642 2609 erret
657 2591 683 2608 e.
703 2584 733 2608 et
750 2576 808 2608 cli-

137 2645 196 2665 vos.
221 2649 250 2664 ιι.
273 2631 416 2664 Far-nab.
443 2649 456 2659 u
485 2629 640 2663 Raderus
672 2627 808 2674 legend.

136 2692 252 2717 censet
270 2685 352 2716 orbis
366 2697 376 2716 .·
390 2683 570 2729 quomodo
587 2683 679 2715 enim
695 2682 809 2722 exsul,

865 1732 896 1765 si
917 1732 953 1765 in
965 1731 1074 1764 urbe?
1090 1730 1146 1764 Sic
1167 1730 1272 1764 Ovid.
1287 1731 1323 1764 in
1342 1731 1421 1764 Ibin
1439 1757 1448 1772 ‚
1472 1744 1483 1764 1
1498 1745 1509 1765 1
1521 1734 1540 1766 3

865 1784 1010 1818 inimico
1041 1796 1104 1818 suo
1127 1783 1340 1828 imprecatur
1362 1795 1370 1816 :
1399 1802 1412 1814 «
1433 1786 1540 1818 Exsul

866 1838 967 1883 inops
975 1849 1079 1878 erres,
1087 1836 1268 1882 alienaque
1277 1837 1397 1869 limina
1407 1838 1541 1878 lustres,

866 1891 1109 1935 Exiguumque
1127 1897 1222 1935 petas
1232 1902 1292 1922 ore
1303 1898 1475 1923 tremente
1493 1892 1542 1923 ci-

866 1944 964 1977 bum.
990 1960 1003 1973 »
1031 1942 1185 1976 Sclzrevel.
1222 1944 1384 1976 Nostram
1412 1943 1543 1976 habent

867 2008 990 2029 omnes
1005 1995 1229 2029 recentiores,
1240 1996 1475 2028 —Pontis...et
1489 1997 1545 2029 cli-

869 2049 982 2082 szhi
1001 2047 1154 2081 mendici
1171 2057 1295 2093 rogant
1317 2049 1453 2093 stipem.
1473 2049 1543 2082 Suo

866 2102 1012 2135 inimico
1055 2100 1148 2134 idem
1189 2101 1292 2134 etiam
1333 2101 1544 2146 imprecatur

869 2153 975 2188 Ovid.
995 2155 1031 2186 in
1048 2154 1137 2187 Ibin.
1154 2155 1278 2187 Juvenv
1303 2162 1366 2187 sat.
1388 2155 1453 2195 IV,
1473 2166 1485 2186 1
1500 2158 1541 2189 16

869 2204 955 2247 (ubi
973 2205 1055 2240 vide
1073 2219 1147 2239 nos.
1167 2207 1233 2239 En.
1245 2201 1280 2250 ):
1309 2223 1322 2235 «ι
1340 2205 1507 2252 dirusque
1525 2222 1543 2241 a

866 2269 974 2305 ponte
995 2259 1128 2292 satelles
1147 2259 1279 2304 Dignus
1297 2259 1458 2293 Aricinos
1483 2261 1542 2305 qui

868 2311 1083 2345 mendicaret
1103 2311 1147 2344 ad
1167 2323 1283 2344 axes.»
1304 2311 1469 2346 Vidimus
1487 2326 1544 2346 su-

866 2378 929 2411 pra
945 2366 1061 2397 Pontes
1076 2377 1135 2408 per
1148 2364 1231 2396 orbis
1249 2364 1387 2410 placere
1406 2365 1542 2399 Radero

868 2418 929 2464 qui
945 2417 993 2450 sic
1006 2417 1107 2450 aliam
1121 2417 1330 2462 scripturam
1342 2418 1519 2452 refellebat
1534 2431 1542 2451 ε

872 2488 886 2500 «ι
910 2468 1100 2511 Quomodo
1129 2470 1224 2502 exsul
1242 2495 1250 2510 ‚
1276 2470 1304 2503 si
1325 2469 1362 2502 in
1391 2471 1505 2504 urbe?
1525 2490 1538 2501 a

869 2525 915 2557 At
932 2523 1021 2555 exsul
1038 2522 1188 2555 sumitur
1202 2522 1278 2563 hic,
1294 2535 1372 2556 meo
1389 2523 1522 2569 judicio
1535 2551 1543 2565 ,

870 2589 935 2621 pro
949 2587 1073 2609 errone
1093 2584 1126 2608 et
1145 2587 1230 2620 vago
1244 2575 1398 2609 homine.

927 2629 959 2662 5.
973 2629 1078 2661 Bacas
1092 2627 1167 2661 MS.
1187 2628 1320 2662 Beverl.
1335 2641 1401 2673 pro
1421 2630 1541 2662 buccas.

925 2694 957 2725 7.
975 2681 1146 2725 Clususque
1158 2680 1230 2713 MS.
1245 2681 1426 2715 Pulmanu.
1441 2690 1473 2715 et
1488 2682 1542 2715 ed.
