1978 3305
494 221 581 267 169.

860 221 921 262 M.
944 220 1023 262 VA
1036 219 1087 262 L.
1124 212 1518 263 'MARTIALIS

623 307 729 351 Odit
753 316 796 350 et
820 306 1052 360 hibernos,
1076 305 1111 348 si
1136 314 1336 367 tepuere,
1361 305 1466 349 dies.

554 377 672 435 Quid
705 376 846 420 fecere
876 374 979 419 mali
1007 384 1167 419 nostrae
1193 374 1296 431 tibi,
1323 391 1460 429 saeve,
1482 375 1688 429 lacernae,

616 446 786 491 Tollere
812 445 865 489 de
891 444 1079 506 scapulis
1103 461 1210 505 quas
1236 444 1341 489 levis
1366 461 1473 488 aura
1498 445 1672 506 potest?

552 521 730 575 Quanto
758 515 1017 576 simplicius,
1046 524 1210 578 quanto
1237 525 1302 559 est
1325 515 1559 559 humanius
1585 515 1724 571 istud,

619 589 773 631 Mense
805 585 872 629 vel
898 587 1097 646 Augusto
1127 601 1299 629 sumere
1331 584 1617 647 gausapinas?

534 715 568 746 5.
585 712 690 752 Saeva,
714 710 794 745 edd.
813 719 897 745 vett.
911 711 981 744 Alii
998 724 1090 752 saeve,
1115 719 1156 745 ut

482 768 627 799 Baccara
657 765 701 799 sit
728 777 856 798 nomen
883 764 950 798 viri
973 776 980 798 :
1007 777 1076 796 sene
1095 776 1153 797 co·-

480 818 545 852 dex
562 818 764 852 Vaticanus.
781 839 832 844 ——
848 817 1052 861 Quidfccere
1067 817 1152 850 mali.

480 873 554 905 Cur
582 871 671 917 petis
697 879 736 904 tu
759 871 932 912 hiemem,
962 882 1072 916 quum
1098 882 1153 903 me

478 924 595 958 videas
616 923 753 958 nudum
774 932 808 957 et
825 931 966 957 ventosa
989 921 1152 956 indutum

481 977 640 1011 lacerna?
655 977 751 1010 nulla
767 976 830 1010 tibi
843 988 1080 1020 pannosorum
1096 988 1155 1009 cu·

481 1031 545 1064 ra?
573 1030 629 1064 Sic
657 1031 717 1064 lib.
745 1031 783 1071 1,
810 1029 920 1075 epigr.
948 1041 1007 1062 x1x
1028 1039 1043 1061 ἐ
1069 1028 1160 1072 Quid

481 1092 599 1117 tantum
609 1085 717 1126 ficere
735 1082 808 1115 bom'
819 1109 828 1123 ‚
847 1081 1062 1115 etc.—-Saeve
1074 1108 1083 1122 ‚
1101 1081 1156 1114 vel

480 1137 573 1170 Sama
599 1149 610 1169 :
638 1148 766 1169 nomen
790 1144 841 1169 est
870 1135 1012 1174 fictum,
1040 1134 1158 1179 inquit

478 1188 656 1230 Raderus,
684 1202 743 1222 seu
781 1188 936 1226 feminae,
965 1200 1024 1220 seu
1058 1187 1154 1219 viri:

479 1243 590 1288 placet
606 1243 763 1287 accipere
779 1254 844 1287 pro
860 1240 969 1280 virili,
982 1240 1099 1273 nescio
1113 1252 1154 1273 an

480 1295 618 1328 feminis
637 1303 773 1340 gestatae
791 1293 998 1339 gausapinae.

1270 713 1303 745 6.
1324 710 1447 744 Tollere
1464 711 1502 744 de
1519 711 1655 756 scapulis
1668 737 1677 751 ,
1697 719 1763 745 etc.
1780 712 1892 745 Leves

1214 764 1365 798 nimium
1386 773 1420 797 et
1443 773 1579 798 tenues.

1268 830 1302 862 7.
1325 817 1454 863 Quanto
1473 825 1520 850 est
1544 817 1708 849 humanius
1729 817 1826 858 illud,
1856 817 1891 867 in

1213 869 1293 904 edd.
1312 878 1397 904 vett.
1424 877 1542 916 quanto
1559 878 1605 902 est
1631 870 1795 902 humanius
1821 870 1893 903 illas

1215 923 1251 956 in
1267 921 1346 956 cod.
1361 923 1543 956 Vaticano.
1557 922 1808 968 ——Simplicius,
1833 923 1892 955 lm-

1215 978 1336 1008 manius
1357 975 1451 1009 istud.
1473 975 1615 1009 Faceres
1637 975 1748 1008 multo
1771 976 1893 1020 simpli-

1216 1031 1294 1068 cius,
1320 1028 1348 1062 si
1369 1028 1611 1062 ostentationis
1636 1036 1704 1061 tuae
1729 1028 1893 1062 morbum

1215 1081 1307 1114 confi
1313 1080 1418 1115 tendo
1429 1107 1437 1121 ,
1447 1080 1652 1126 gausapinas
1661 1081 1714 1114 vel
1725 1094 1789 1125 per
1804 1093 1894 1114 sum-

1215 1147 1312 1167 mum
1332 1134 1456 1167 aestatis
1473 1133 1634 1167 ardorem
1652 1143 1801 1179 gestares
1815 1146 1823 1174 ;
1840 1134 1894 1166 Ιιιι-

1217 1189 1338 1220 manius
1350 1214 1358 1226 ,
1378 1187 1405 1219 si
1419 1199 1491 1220 non
1504 1187 1611 1220 velles
1628 1187 1813 1233 imprecari
1833 1186 1894 1220 fri-

1217 1253 1281 1285 gus
1306 1239 1430 1281 nobis,
1456 1240 1586 1286 quibus
1608 1247 1728 1273 tenues
1745 1253 1784 1274 ac
1804 1239 1894 1274 tritae

1217 1293 1363 1327 lacernae
1372 1293 1430 1327 vix
1443 1293 1607 1327 humeros
1618 1293 1891 1339 protegunt.En.

1124 1423 1252 1479 LX.

701 1575 767 1603 DF.
808 1572 1128 1609 POMPILLO,
1170 1573 1238 1601 AD
1279 1552 1666 1601 ΓΛῘΙΞΤΙΝΠΜ.ῃ

548 1695 657 1737 REM
687 1692 845 1736 factam
872 1689 1110 1752 Pompillus
1136 1690 1290 1746 habet,
1311 1691 1513 1735 Faustine
1537 1708 1544 1733 :
1573 1690 1760 1753 legetur,

618 1765 672 1807 Et
700 1779 861 1806 nomen
887 1771 980 1805 toto
1005 1771 1180 1823 sparget
1203 1763 1245 1805 in
1272 1761 1378 1806 orbe
1403 1779 1542 1806 suum.

548 1835 617 1877 Sic
646 1834 738 1877 levo
764 1833 979 1876 ssavorum
1005 1831 1148 1876 valeat
1171 1849 1306 1894 genus
1333 1834 1586 1894 Usipiorum
1603 1868 1614 1887 ‚

531 1958 543 1971 '¹
571 1962 620 1995 De
641 1960 800 2005 Pompilio
826 1959 860 1991 in
887 1957 966 1992 edd.
991 1967 1072 1991 vett.
1097 1959 1157 1992 Ad

479 2015 665 2049 Faustinum
674 2013 709 2046 in
718 2011 796 2048 cod.
806 2011 1154 2045 Pulmanni.DePom-

473 2069 563 2114 pullo
585 2067 622 2100 in
641 2065 745 2101 codd.
768 2065 909 2099 Thuan.
943 2072 975 2098 et
996 2065 1152 2099 Florent.

532 2121 645 2154 -Ut
664 2119 791 2165 scripta
805 2145 814 2160 ‚
832 2118 985 2163 librique
1003 2118 1154 2152 auctoris

479 2181 666 2214 aeternent,
692 2184 782 2218 opus
811 2184 881 2204 esse
912 2183 984 2204 non
1015 2180 1152 2204 tantum

478 2227 640 2272 ingenio,
665 2225 723 2259 sed
749 2225 850 2258 etiam
877 2225 979 2270 genio
1001 2225 1151 2258 affirmat

477 2289 580 2325 poeta
592 2293 601 2321 3
619 2288 722 2325 atquc
736 2277 915 2324 ingenium
927 2277 1068 2323 quidem
1080 2290 1152 2311 esse

479 2333 675 2378 Pompilio,
705 2331 823 2365 deesse
849 2339 964 2364 tamen
993 2331 1151 2377 genium.

538 2398 548 2418 1
559 2412 566 2418 .
584 2386 768 2431 Pompullus
788 2384 879 2417 hahet
896 2384 930 2417 in
952 2383 1085 2418 iisdem.
1100 2404 1151 2410 —-

479 2439 686 2481 Rem—sactum
702 2466 709 2478 ,
732 2447 796 2471 etc.
818 2438 956 2471 Famam
977 2446 1010 2471 et
1035 2437 1148 2470 nomi-

475 2492 552 2534 nis,
577 2504 680 2537 quam
707 2490 938 2531 desideravit,
970 2491 1149 2524 celebrita-

477 2552 545 2577 tem
568 2556 575 2577 :
597 2543 714 2577 eadem
740 2544 873 2589 phrasis
890 2543 952 2577 lib.
981 2556 991 2577 1
1010 2570 1018 2584 ,
1040 2544 1147 2590 epigr.

475 2609 610 2638 xxvn¹;
630 2605 661 2630 et
683 2597 742 2629 lib.
765 2598 814 2637 ΙΙ,
839 2597 947 2643 epigr.
969 2609 1075 2634 xum
1096 2596 1149 2630 ‹li-

473 2651 633 2695 citurque
656 2649 698 2682 dv
719 2663 780 2685 co.
804 2650 863 2694 qui
886 2662 956 2682 rem
979 2664 1038 2695 <pe
1056 2659 1147 2684 corta

1211 1961 1281 2005 jam
1292 1959 1473 1993 devoravit
1486 1974 1494 2000 ;
1507 1959 1568 2005 qui
1581 1960 1655 1993 siue
1669 1958 1889 1993 dubitatione«

1213 2021 1311 2059 putat
1341 2025 1449 2058 usque
1474 2013 1668 2058 perfectum
1701 2013 1767 2054 iri,
1794 2012 1888 2059 quod

1213 2065 1399 2100 desiderat.
1418 2066 1534 2098 Rader.

1268 2119 1301 2152 3.
1318 2120 1336 2151 l
1345 2119 1496 2164 'isipornm
1512 2117 1625 2152 codex
1640 2118 1888 2152 Thuan.-—-.S'ic

1214 2173 1288 2206 lewe.
1308 2171 1364 2205 Sic
1382 2172 1518 2205 valeant
1536 2172 1652 2205 hostes
1671 2172 1795 2218 populi
1815 2173 1886 2205 Ro·

1213 2225 1328 2265 mani,
1355 2233 1392 2258 ut
1416 2224 1497 2258 libri
1522 2225 1705 2271 P01npi11i3
1727 2225 1793 2258 hoc
1815 2233 1863 2258 est
1879 2251 1887 2263 ,

1212 2278 1346 2311 utinam
1367 2278 1415 2311 sic
1438 2286 1601 2324 pereant,
1624 2286 1661 2311 ut
1679 2278 1761 2311 libri
1783 2278 1887 2311 Pom·

1211 2331 1287 2377 pini
1307 2331 1456 2377 perituri
1476 2339 1568 2364 sunt.
1592 2331 1705 2377 Usipii
1719 2344 1803 2365 vero
1823 2344 1884 2377 po-

1211 2385 1284 2430 puli
1310 2393 1391 2418 sunt
1409 2385 1605 2418 Germaniae
1629 2384 1743 2418 Rheni
1762 2384 1886 2418 accola:

1209 2451 1249 2471 ex
1274 2438 1415 2478 ''l‘aci10‚
1435 2437 1524 2471 Hist.
1546 2438 1611 2478 IV,
1630 2446 1663 2471 et
1686 2438 1747 2471 vit.
1769 2437 1883 2482 Agric.

1209 2492 1270 2537 qni
1298 2504 1355 2524 eos
1379 2491 1559 2537 conjungit
1583 2503 1662 2524 cum
1689 2490 1824 2524 Chattis
1851 2499 1884 2523 et

1209 2544 1402 2585 Mattiacis;
1426 2545 1633 2578 Ptoiemaeus
1663 2551 1776 2576 tamen
1804 2543 1883 2575 Usi-

1210 2598 1286 2643 pios
1306 2597 1347 2631 ad
1369 2600 1494 2631 Istrum
1515 2597 1626 2643 ponit.
1647 2598 1697 2629 lta
1716 2595 1881 2629 Raderm.

1210 2651 1275 2683 Alii
1294 2651 1406 2683 lncani
1427 2650 1468 2683 ad
1486 2651 1644 2684 Rhenum
1660 2677 1667 2689 ‚
1686 2662 1796 2695 prope
1814 2650 1882 2681 Lu·
