1978 3305
476 250 569 294 282

849 253 909 294 M.
941 253 1081 296 VAL.
1119 253 1502 299 MARTIALIS

543 337 612 381 Sic
641 338 696 381 ad
720 339 941 395 Lethaeas,
971 340 1051 384 nisi
1080 340 1266 385 Nestore
1292 343 1447 398 serior,
1469 342 1607 387 undas

610 409 711 453 Non
739 418 829 463 eat,
854 409 1025 470 optabis
1054 427 1182 471 quem
1211 428 1435 472 superesse
1459 412 1547 456 tibi.

542 546 685 594 Οὕτως
715 545 767 595 εἰς
794 547 928 597 Λήθης
959 550 1034 607 οὐχ
1063 549 1281 609 ὁπλότερος
1309 549 1386 593 κίοι
1412 543 1518 609 ὕδωρ

609 616 811 675 Νὲςορος,
837 615 879 659 ὃν
912 616 1014 677 μετὰ
1037 619 1080 661 σὲ
1109 614 1241 668 ζῶντα
1263 624 1391 663 λιπεῖν
1417 620 1584 670 ποθέεις.

524 764 556 795 7.
577 752 710 784 Nestore
731 755 829 786 serlus
850 753 954 788 codd.
974 755 1086 790 Vatic.
1110 764 1144 789 et

468 804 622 838 Florent.
640 805 772 839 Nestore
789 809 888 840 serior
904 808 940 840 in
960 807 1039 841 edd.
1057 816 1143 842 vett.

468 865 502 890 et
519 857 568 890 sic
584 857 688 891 etiam
707 858 1052 894 Schrevel.—Senior
1067 861 1143 907 qui-

468 908 570 952 dam,
594 910 655 944 sed
685 912 850 957 pessime,
875 912 1052 960 dactylum
1082 915 1140 948 hic

469 962 663 1008 imperante
689 965 868 1010 rhythmo.
882 967 936 999 En
949 993 956 999 .

1256 759 1290 791 8.
1306 758 1381 791 Non
1396 766 1456 790 eat.
1474 757 1556 792 Non
1571 759 1753 792 moriatur.
1767 758 1877 792 Lethe

1202 810 1274 843 sive
1305 810 1493 844 oblivionis
1516 805 1529 856 <
1541 805 1660 854 λήθης)
1684 810 1813 845 fluvius
1840 811 1877 844 iu

1202 863 1328 897 Inferis
1345 871 1395 897 est
1415 864 1495 897 satis
1510 872 1626 898 notus.
1649 865 1777 898 Nestor
1794 876 1877 898 vero

1201 914 1396 950 diutissime
1417 917 1521 957 vixit;
1550 916 1595 950 de
1627 930 1700 962 quo
1726 917 1790 952 lib.
1820 918 1875 957 11,

1200 969 1309 1014 epigr.
1333 981 1428 1003 LXIV.

1033 1120 1307 1178 XCVII.

635 1282 704 1309 AD
743 1281 950 1310 LIBRUM
989 1282 1136 1312 SUUM
1175 1284 1240 1312 DE
1280 1283 1444 1313 CAESIO
1482 1264 1720 1313 SABINof

673 1412 819 1456 Nosrx
848 1413 883 1455 si
910 1411 1022 1456 bene
1046 1413 1261 1468 Caesium,
1285 1412 1427 1457 libelle
1442 1449 1453 1468 ‚

674 1484 898 1526 Montanae
923 1482 1056 1527 decus
1080 1482 1276 1527 Umbriae
1301 1484 1534 1535 Sabinum,

672 1551 772 1596 Auli
798 1553 1063 1614 municipem
1091 1554 1176 1597 mei
1201 1553 1432 1610 Pudentis;

674 1622 744 1667 Illi
773 1633 821 1667 tu
850 1623 972 1668 dabis
997 1624 1114 1680 haec,
1138 1623 1206 1667 vel
1236 1634 1464 1686 occupato.

675 1695 846 1739 Instent
873 1693 990 1738 mille
1017 1693 1117 1739 licet
1145 1705 1434 1756 premantque
1461 1711 1599 1750 curae,

675 1766 848 1810 Nostris
874 1766 1140 1810 carminibus
1165 1775 1312 1811 tamen
1341 1766 1523 1811 vacabit.

672 1836 786 1880 Nam
816 1853 885 1880 me
914 1835 1054 1898 diligit
1084 1836 1178 1894 ille,
1204 1838 1539 1898 proximumque

521 1981 533 1995 ³
555 1987 616 2020 Ad
637 1987 749 2020 librum
772 2001 860 2020 suum
883 1989 1008 2021 lemma
1032 1997 1082 2021 est
1103 1989 1138 2021 in

465 2038 544 2073 odd.
573 2048 656 2074 vett.
676 2062 727 2067 —
746 2040 859 2074 Mittit
876 2041 1007 2075 librum
1029 2041 1140 2075 Caesio

465 2093 595 2127 Sabino
608 2106 648 2127 ex
658 2094 805 2128 Umbria
822 2093 974 2128 oriundo
984 2120 993 2136 ‚
1011 2103 1045 2128 et
1059 2095 1139 2127 Auli

466 2145 635 2180 Pudentis
643 2147 1015 2193 municipi.Quantu1n
1025 2156 1140 2181 autem

464 2199 593 2233 Caesius
604 2200 726 2234 amarit
736 2201 947 2242 Martialem,
957 2201 1011 2234 vel
1023 2214 1063 2235 ex
1074 2201 1139 2235 hoc

464 2253 655 2298 intelligas,
679 2253 776 2299 quod
801 2255 965 2288 omnibus
991 2255 1140 2300 negotiis

464 2307 701 2351 anteposuerit
719 2308 836 2341 Poetae
859 2321 949 2342 nova
968 2308 1140 2354 epigram-

466 2367 555 2393 mata
568 2386 576 2401 ‚
597 2368 630 2393 et
653 2373 691 2394 ea
718 2373 811 2394 unus
824 2362 989 2395 omnibns
1007 2362 1139 2407 legerit.

524 2425 554 2445 1.
577 2413 730 2455 Cwsinm,
754 2415 866 2448 libelle.
886 2413 979 2448 Vide
998 2415 1139 2461 Baptist.

466 2465 649 2511 Fontejum
672 2466 715 2500 de
731 2477 835 2513 gente
848 2468 955 2503 Caesia
967 2494 974 2507 ,
999 2481 1074 2514 cap.
1095 2481 1139 2501 20

465 2527 497 2551 vt
522 2531 581 2552 αι,
602 2519 683 2553 vid.
699 2521 760 2554 lib.
784 2523 833 2555 IX
847 2547 856 2560 ,
875 2522 986 2567 epigr.
1008 2534 1078 2554 mx.

520 2585 551 2605 a.
565 2573 740 2607 Mauram.
751 2575 892 2621 Quippe
906 2587 1007 2620 quam
1023 2577 1137 2620 Apen-

465 2626 566 2659 ninus
578 2634 685 2660 totam
700 2629 975 2668 a11t‹rircui1‚aut
988 2627 1136 2661 mediam

463 2688 568 2713 «vuer.
588 2701 638 2706 —-
657 2680 819 2715 Sabinum.
840 2683 891 2714 De
910 2695 980 2726 quo
1003 2681 1137 2715 Plinius

1199 1989 1327 2022 Junior
1340 1988 1401 2022 lib.
1416 1989 1481 2030 IV,
1495 1988 1594 2034 epist.
1613 2001 1651 2029 x;
1665 2000 1720 2028 vx,
1740 2000 1753 2021 1
1764 1991 1783 2023 8
1798 2000 1806 2028 ;
1821 2001 1855 2021 lx
1866 2014 1875 2029 ,

1204 2055 1220 2074 2
1241 2050 1275 2075 et
1303 2043 1368 2083 183
1387 2041 1448 2074 ubi
1471 2040 1552 2075 vide
1573 2049 1672 2074 notas
1692 2049 1783 2075 nost.
1801 2040 1875 2074 edi-

1200 2095 1324 2137 tionis;
1338 2107 1417 2128 nam
1431 2095 1474 2127 ab
1489 2094 1559 2127 hoc
1573 2093 1682 2128 Caesio
1696 2093 1875 2127 diversum

1201 2148 1305 2181 fuisse
1320 2146 1459 2181 credam
1473 2174 1482 2189 ,
1495 2147 1575 2193 quia
1591 2147 1648 2181 hic
1664 2159 1705 2180 ex
1716 2147 1878 2189 Umbria,

1200 2201 1257 2234 ille
1273 2213 1292 2235 e
1311 2201 1440 2235 Piceno
1456 2199 1630 2234 oriundus
1647 2201 1724 2234 fuit.
1743 2201 1811 2235 En.

1255 2253 1286 2286 3.
1303 2255 1385 2287 Auli
1398 2254 1562 2287 Pudentis.
1573 2255 1625 2287 De
1637 2266 1707 2299 quo
1720 2265 1810 2300 saepe
1826 2252 1877 2287 di-

1200 2316 1294 2341 ctum
1322 2307 1555 2341 amantissime
1569 2332 1578 2348 ‚
1601 2307 1794 2353 praesertim
1812 2307 1874 2340 lib.

1201 2361 1238 2401 Ι,
1276 2361 1384 2406 epigr.
1420 2373 1540 2402 xxx11;
1577 2360 1639 2394 lib.
1673 2361 1737 2402 IV,
1765 2360 1873 2405 epigr.

1202 2426 1288 2454 x111;
1311 2414 1371 2448 lib.
1388 2415 1433 2454 V,
1457 2414 1567 2460 epigr.
1594 2425 1706 2446 xnvm
1723 2439 1732 2455 ‚
1753 2421 1821 2447 etc.

1256 2472 1287 2508 4.
1308 2468 1391 2500 lloec
1407 2475 1437 2499 et
1451 2475 1602 2512 occupato
1619 2465 1721 2501 codd.
1740 2466 1818 2499 Vnt.
1841 2474 1874 2498 et

1201 2521 1354 2554 Florem.

1255 2576 1287 2607 5.
1314 2575 1431 2607 Instent
1457 2574 1544 2605 milla
1565 2571 1674 2606 codex
1702 2572 1854 2605 Florem.

1254 2640 1286 2672 7.
1316 2628 1543 2672 Prosimusque
1579 2624 1781 2658 Beverlandi
1814 2638 1873 2657 (ro-

1198 2680 1286 2722 ‹lox;
1306 2689 1339 2714 et
1358 2693 1437 2713 mox
1450 2705 1458 2719 ,
1478 2680 1553 2723 lega!
1575 2678 1699 2712 libellis.
