1978 3305
377 241 961 286 EPIGRAMMATUM
999 241 1125 283 LIB.
1167 242 1217 282 V.
1441 241 1493 288 51

166 328 344 374 Paulula
365 345 421 373 ne
440 329 585 390 nigras
609 329 835 373 horrescat
855 328 1038 371 Erotion
1060 327 1236 371 umbras
1249 361 1259 379 ,

236 403 412 460 Oraque
430 400 624 443 Tartarei
646 399 894 460 prodigiosa
916 398 1045 442 canis.

165 469 406 531 Impletura
428 469 509 513 fuit
537 479 665 514 sextae
686 470 819 513 modo
840 469 1000 529 frigora
1021 468 1186 512 brumae
1201 504 1212 523 ‚

236 541 426 584 Vixisset
451 539 632 583 totidem
655 541 699 582 ni
721 541 862 582 minus
885 538 956 581 illa
983 538 1085 582 dies.

167 613 288 654 Inter
309 620 396 654 tam
422 619 589 654 veteres
613 609 733 652 ludat
753 608 913 652 lasciva
936 619 1167 669 patronos,

238 683 296 724 Et
321 697 481 724 nomen
504 679 634 723 blaeso
660 680 822 739 garriat
846 694 921 722 ore
946 694 1107 721 meum.

169 808 271 850 Osi-:⁷
296 797 472 867 Ἐρέβους
499 807 664 867 τρέσσαι
691 806 933 848 σκοτόεσσαν
955 795 1136 864 Ἐρώτιον
1162 807 1305 866 ὄρφνῆν
1323 841 1333 856 ,

241 878 350 920 Οὔτε
374 877 538 936 πέλωρα
561 877 674 926 κυνὸς
698 876 895 935 χάσματα
916 877 1167 936 Ταρταρέευ.

179 934 193 948 0

169 943 229 998 ΕΞ
253 946 325 1003 μὲν
351 947 591 1007 χειμερινοὺς
620 948 787 996 κύκλους
812 947 979 992 ἔπλησεν
1006 943 1077 997 ἂν,
1103 946 1135 988 εἰ
1162 949 1216 1006 μ’ὶ,

240 1022 364 1065 Ζῆσεν
393 1018 663 1076 ἐλασσοτέρως
690 1018 816 1076 ἦμασι
838 1015 1082 1066 τοσσατίοις.

170 1084 355 1146 Κουρίζοι
381 1082 421 1130 δ’
446 1090 484 1130 ἐν
512 1092 594 1138 τοῖς
620 1081 700 1135 ’ἤδη
731 1087 915 1145 πατρωσι
939 1091 1124 1137 παλαιοῖς
1140 1123 1150 1140 ‚

243 1159 411 1218 Οὕνομοί
437 1175 481 1200 τε
507 1162 688 1208 τάυλῶς
712 1156 860 1217 τούμὸν
891 1155 950 1199 ἀεὶ
972 1158 1126 1200 λαλέοι.

102 1286 274 1320 rissimam
293 1297 301 1319 :
318 1286 373 1319 his
390 1286 532 1318 vocibus
550 1283 778 1318 blandieban-

103 1349 160 1373 tur
173 1347 325 1372 amantes
336 1364 346 1378 ‚
361 1339 417 1370 vel
439 1337 688 1371 desiderantes.
708 1337 776 1370 En.

159 1393 192 1425 3.
209 1392 274 1425 Hic
292 1404 423 1424 novum
442 1391 665 1436 Epigramma
684 1389 779 1423 ordi-

105 1454 162 1478 tur
176 1445 213 1477 in
230 1443 309 1478 cod.
322 1444 460 1477 Thuan.
477 1456 556 1476 cum
576 1443 640 1476 hac
659 1443 780 1475 inscri-

103 1498 226 1544 ptione
237 1523 247 1538 ‚
264 1498 315 1529 De
327 1498 482 1530 Erotione
496 1509 508 1529 .·
530 1496 566 1528 in
583 1495 660 1529 cod.
676 1494 777 1528 Leid.

105 1564 187 1585 cum
199 1551 267 1584 hoc
282 1551 459 1590 lemmate,
475 1549 679 1594 Epitaphium
690 1549 724 1580 E
726 1561 778 1581 ro-

108 1606 200 1636 tionis
213 1617 224 1636 :
241 1603 278 1636 in
294 1601 504 1647 quibusdam
523 1610 609 1635 vett.
630 1614 710 1635 cum
728 1601 781 1633 in-

107 1655 322 1701 scriptione,
344 1655 405 1688 Ad
429 1655 585 1687 Eandem.
617 1653 780 1699 Scaligeri

111 1710 234 1742 Versio
253 1720 360 1753 graeca
381 1716 568 1752 utrumque
589 1707 782 1752 conjungit.

107 1784 159 1788 -—
180 1761 312 1794 Pallida
337 1774 392 1793 nec
415 1763 524 1804 nigras
552 1759 633 1793 Ald.
665 1759 780 1793 Colin.

109 1814 248 1860 Gryph.
263 1814 336 1847 aliae
352 1821 433 1847 vett.
448 1813 591 1845 Parvula
604 1825 659 1844 nec
672 1814 782 1856 nigras

109 1867 221 1901 codex
246 1866 446 1900 Pulmanui.
472 1866 677 1899 Lectionem
698 1865 779 1897 Pal-

109 1921 176 1954 lida
213 1933 269 1952 nec
293 1919 435 1953 damnat
461 1918 677 1959 Scriverius,
704 1926 780 1951 tan-

110 1985 216 2020 quam
238 1985 256 2005 a
279 1973 368 2005 mala
390 1984 494 2004 manu
512 1971 729 2017 profectam;
748 1979 782 2004 et

110 2026 252 2072 reponit
271 2026 411 2058 Paalula
425 2038 480 2065 ne,
500 2033 565 2058 etc.
585 2026 631 2057 At
651 2024 782 2057 Pallida

111 2080 202 2112 valet
225 2079 260 2112 h.
287 2079 312 2112 l.
338 2086 537 2112 consternata
553 2104 562 2118 ,
586 2085 627 2110 ut
645 2077 780 2122 saepiuS.

112 2132 216 2166 Conf.
237 2131 357 2165 Seuec.
378 2131 524 2176 Thyest.
557 2131 652 2171 5633
677 2129 782 2164 Ovid.

112 2185 220 2218 Trist.
248 2197 297 2218 vs.
321 2197 360 2225 2,
392 2197 406 2218 1
424 2199 432 2223 ;
453 2183 573 2217 Sidon.
595 2184 710 2217 Carm.
732 2195 782 2216 vs.

117 2249 183 2282 79,
201 2246 236 2271 et
254 2238 372 2270 Nostr.
391 2238 452 2270 lib.
473 2237 583 2277 VIII,
600 2236 710 2282 epigr.
728 2249 784 2269 Lv.

116 2289 185 2323 Adi
212 2299 246 2323 et
271 2291 475 2335 VVopkens.
505 2289 550 2322 ad
583 2290 719 2322 Paulin.
750 2289 786 2321 in

116 2343 216 2376 Misc.
236 2343 336 2376 Obss.
356 2343 446 2376 Nov.
473 2351 559 2375 tom.
581 2343 690 2383 VIII,
706 2354 786 2387 pag.

118 2396 206 2440 857.
221 2415 273 2420 —
295 2396 451 2427 Herotion
471 2395 507 2428 in
530 2394 610 2428 edd.
633 2402 718 2428 vett.
737 2415 790 2421 —-

117 2449 268 2488 Pallida,
282 2456 347 2482 etc.
361 2448 416 2481 Al.
427 2448 567 2481 Parvula
578 2460 590 2486 ;
603 2448 692 2485 aliis,
710 2461 791 2492 pau-

117 2502 195 2534 lula.
215 2502 302 2534 Nam
322 2501 478 2544 exiguam
499 2501 601 2534 fuisse
617 2501 764 2533 Erotion
780 2525 790 2540 ,

118 2554 254 2588 nullum
270 2562 321 2587 est
333 2553 482 2587 dubium
498 2565 506 2586 ε
521 2552 682 2587 nondum
696 2553 790 2586 enim

119 2615 193 2641 erat
214 2607 382 2641 sexennis.
395 2606 485 2640 Vide
505 2606 794 2640 δούπει-1οη).-

122 2661 172 2693 Ne
184 2664 301 2703 nigras.
310 2660 359 2693 Ut
373 2672 391 2693 a
405 2660 582 2693 Frontone
592 2667 689 2705 patre
701 2657 794 2705 apud

835 1283 968 1316 inferos
995 1293 1136 1329 excepta
1167 1297 1237 1318 non
1267 1286 1385 1321 timeat
1412 1301 1511 1321 mon-

836 1345 926 1377 stra,
949 1336 1129 1383 larvasque
1148 1339 1275 1384 stygias
1291 1365 1300 1381 ‚
1325 1349 1359 1373 et
1386 1353 1512 1375 caecain

836 1389 1030 1434 caliginem.

892 1445 925 1481 4.
959 1443 1107 1475 Ταντανεί
1140 1447 1236 1477 canis.
1280 1446 1424 1479 Cerberi
1453 1448 1514 1481 tri-

836 1494 927 1528 fauci
947 1495 1075 1528 latratu
1092 1498 1320 1541 personantis.
1338 1499 1407 1532 Eo.

892 1547 1181 1592 5-Implet11rasult
1192 1577 1200 1589 ,
1221 1559 1284 1583 etc.
1302 1552 1382 1592 Quo
1396 1552 1514 1586 minus

837 1608 972 1632 sextum
988 1601 1095 1634 aetatis
1113 1614 1242 1635 annum
1260 1604 1432 1650 expleret,
1452 1605 1512 1639 de—

838 1652 937 1685 fuere
954 1653 1004 1685 illi
1028 1667 1085 1687 sex
1108 1653 1194 1688 dies.

893 1718 927 1749 7.
949 1707 1078 1739 Lasciva
1090 1716 1253 1752 patronos.
1272 1709 1348 1743 Hoc
1367 1719 1435 1749 est,
1458 1711 1512 1743 in·

839 1766 893 1791 ter
909 1768 1042 1803 patrem
1059 1768 1093 1792 et
1111 1773 1192 1794 avos
1211 1762 1375 1808 antiquos
1396 1763 1514 1797 defen-

839 1823 934 1845 sores
950 1811 1074 1846 ludere
1096 1813 1196 1846 liceat
1217 1815 1252 1847 in
1278 1816 1408 1861 campis
1432 1817 1516 1863 Ely-

841 1863 908 1896 siis.
947 1865 1063 1898 Potest
1094 1868 1197 1899 etiam
1232 1870 1430 1913 patrocinio
1464 1871 1515 1903 uti

840 1918 1011 1962 majorum
1035 1919 1220 1960 Mffltialis‚
1238 1922 1316 1965 jure
1343 1923 1516 1962 vernulae,

840 1969 887 2002 ita
901 1979 939 2003 ut
958 1983 1031 2004 non
1052 1972 1257 2006 reformidet
1275 1974 1466 2008 Cerberum
1484 1984 1519 2009 et

841 2030 964 2057 caetera
994 2024 1190 2058 inferorum
1215 2027 1518 2069 terricuiamenta‚

841 2074 902 2108 sed
913 2076 1029 2110 lusitet
1040 2076 1282 2125 discurratque
1291 2081 1440 2125 gestiens
1452 2094 1519 2114 mo-

842 2141 881 2162 re
904 2142 1108 2174 puerorum.
1125 2132 1190 2165 En.
1480 2133 1485 2135 ,

899 2183 933 2215 8.
957 2183 1064 2215 Blaeso
1082 2197 1147 2217 ore.
1179 2185 1388 2219 Balbutiuut
1422 2188 1517 2221 enim

845 2233 1011 2276 infante53
1025 2236 1121 2282 quod
1133 2250 1197 2271 nec
1217 2238 1463 2283 injucundum,
1483 2249 1518 2274 at

846 2287 883 2320 in
903 2287 1030 2322 adultis
1058 2290 1194 2323 vitium.
1213 2290 1303 2324 Mira
1334 2300 1386 2325 est
1409 2294 1517 2338 gratia

847 2340 1021 2387 imprimis
1037 2342 1310 2385 infantulorum,
1325 2358 1434 2391 quum
1447 2347 1520 2391 pri-

847 2407 945 2428 mum
972 2404 1146 2428 conantur
1165 2397 1310 2430 nomina
1334 2408 1522 2444 parentum

848 2459 1052 2492 nuncupare
1065 2455 1100 2480 et
1110 2449 1524 2497 propinquorum‚quuin

852 2501 1002 2533 formare
1031 2501 1185 2546 primum
1219 2504 1321 2536 verba
1359 2503 1497 2539 discunt
1514 2532 1524 2545 ‚

851 2564 1021 2598 vocesque
1039 2555 1136 2599 quasi
1150 2556 1303 2590 tex-[ianr.
1324 2557 1426 2590 Tunc
1443 2571 1526 2592 vere

853 2604 896 2639 ad
928 2606 1180 2641 humanitatem
1214 2610 1381 2654 paulatim
1412 2623 1527 2644 assur-

853 2671 933 2703 gere
955 2658 1132 2693 videntur.
1154 2662 1222 2694 En.

1262 2737 1290 2787 ,4
1306 2733 1315 2747 ²
