1978 3305
500 254 589 312 ¹94
645 253 704 294 M.
719 252 853 295 VAL.
877 249 1196 293 MARTIALIS
1219 248 1556 292 EPIGRAMM.
1579 249 1686 292 LIB.
1701 250 1779 292 Vl.

1075 397 1303 456 XCIV.

938 554 1004 582 DE
1054 533 1437 583 CALPETIANOf

560 682 820 723 PONUNTUR
851 694 1020 738 semper
1044 678 1328 738 chrysendeta
1353 677 1630 739 Calpetiano‚

631 749 731 793 Sive
760 748 889 804 foris,
915 764 990 792 seu
1014 764 1147 808 quum
1176 758 1318 792 coenat
1345 749 1389 791 in
1414 748 1523 793 urbe
1550 748 1678 793 domi.

559 820 627 863 Sic
657 820 784 862 etiam
815 819 858 861 in
887 817 1057 863 stabulo
1083 835 1273 880 semper,
1296 819 1356 864 sic
1377 828 1521 863 coenat
1542 819 1584 862 in
1612 835 1730 880 agro.

628 890 728 933 Non
758 888 891 932 habet
920 905 1024 949 ergo
1050 887 1193 932 aliud?
1217 892 1316 932 Non
1339 889 1473 933 habet
1497 890 1631 933 immo
1657 906 1795 934 suum.

543 1023 557 1036 '¹
577 1027 628 1058 De
646 1025 822 1071 Calpetano
839 1026 964 1060 lemma
985 1033 1035 1059 est
1051 1025 1088 1059 in
1107 1038 1164 1059 co-

488 1078 566 1112 dice
591 1079 790 1112 Pulmanni.
810 1079 964 1120 Caetera,
992 1078 1088 1112 nulla
1112 1086 1163 1112 est

489 1131 634 1165 varietas
654 1132 690 1164 in
711 1132 778 1164 hoc
800 1131 1062 1177 epigrammate.

542 1205 592 1210 -—
619 1182 748 1217 Irridet
784 1183 1002 1229 splendidam
1036 1183 1161 1228 Calpe·

491 1236 574 1270 tiani
596 1235 869 1270 mendicitatem.
894 1235 1050 1269 Raderus
1071 1244 1164 1270 caret

489 1290 557 1322 hoc
577 1289 775 1335 epigr.;nec
793 1289 863 1322 ulla
882 1297 995 1322 tamen
1012 1287 1165 1335 impudi-

489 1342 568 1375 citia
591 1341 687 1375 laedit
706 1341 851 1375 animos.
875 1342 940 1374 En.

549 1406 561 1427 1
574 1420 581 1427 .
597 1394 823 1440 Clerysendeta.
836 1394 923 1436 Quae
938 1392 986 1428 sic
998 1393 1166 1440 interpre-

492 1455 583 1479 tatur
596 1447 803 1488 Turnebus,
818 1447 879 1480 lib.
898 1447 998 1487 XIV,
1015 1459 1091 1493 cap.
1113 1446 1132 1480 3
1154 1459 1162 1480 :

492 1500 582 1532 Vasa
601 1497 793 1533 doctissimi
810 1500 878 1533 viri
897 1499 1069 1545 explicant
1085 1511 1165 1533 cru-

491 1552 551 1585 stis
573 1552 685 1585 aureis
706 1552 836 1597 illigata
865 1560 899 1585 et
922 1560 1106 1593 exornata,
1127 1561 1166 1586 ut

493 1605 527 1637 in
547 1605 698 1638 Martial.
709 1605 770 1638 lib.
783 1606 835 1644 ΙΙ,
853 1605 963 1651 epigr.
975 1617 1077 1638 me.
1092 1606 1165 1650 Ego

492 1669 570 1690 vasa
591 1665 760 1702 gemmata
783 1670 854 1692 esse
874 1667 983 1703 puto,
1012 1670 1166 1703 quorum

493 1722 637 1755 gemmae
653 1719 818 1744 consertae
833 1719 866 1745 et
883 1719 1052 1745 contextae
1069 1719 1166 1744 tene-

493 1771 626 1796 rentur.
654 1784 707 1789 -—-
735 1764 866 1797 Lances
898 1777 985 1798 auro
1018 1764 1166 1797 circum-

493 1815 628 1848 vinctae.
644 1816 723 1849 Lib.
742 1817 796 1858 ΙΙ,
812 1816 920 1863 epigr.
932 1828 1043 1859 xmn,
1055 1829 1087 1850 v.
1107 1829 1121 1850 1
1132 1829 1165 1850 2.

550 1867 583 1901 3.
612 1868 744 1902 Stabulo
774 1882 915 1914 semper,
948 1878 1011 1903 etc.
1042 1870 1166 1903 Diver-

495 1920 604 1961 sorio,
621 1918 819 1967 πανδοχείῳ.
835 1922 1067 1964 Stabularius‚
1083 1935 1166 1956 παν-

494 1970 620 2017 ὃσχεὺς.

552 2030 586 2065 4.
620 2026 694 2060 Νοη
725 2027 831 2066 habet,
864 2035 928 2062 etc.
967 2028 1063 2061 Itane
1091 2028 1166 2062 lau-

497 2086 551 2112 tus
580 2087 630 2112 est
654 2079 896 2125 Calpetianus‚
919 2080 965 2114 ait
983 2081 1106 2121 lector,
1127 2090 1167 2115 ut

497 2143 567 2164 non
587 2132 713 2165 habeat
734 2133 797 2166 alin
820 2135 872 2167 vel
895 2134 1043 2168 minoris
1062 2134 1166 2178 pretii

1221 1037 1298 1059 vasa
1314 1051 1324 1067 ,
1348 1033 1382 1059 et
1400 1037 1509 1071 usque
1529 1026 1694 1071 gemmeis
1711 1027 1892 1073 aureisque

1221 1077 1319 1111 bibat
1329 1078 1343 1111 ?
1353 1078 1427 1111 Non
1438 1078 1532 1111 habet
1541 1091 1641 1120 suum,
1655 1091 1747 1125 resp.
1767 1088 1869 1125 poeta
1883 1093 1892 1115 :

1221 1130 1328 1163 immo
1356 1131 1431 1165 haec
1460 1144 1533 1164 non
1562 1140 1644 1166 sunt
1672 1131 1779 1179 ipsius
1791 1157 1801 1174 ‚
1831 1131 1893 1167 sed

1221 1191 1343 1217 mutuo
1362 1191 1517 1230 sumpta;
1534 1185 1606 1230 ipse
1621 1184 1714 1218 enim
1726 1210 1736 1226 ,
1751 1197 1816 1219 nec
1831 1197 1893 1219 au-

1219 1248 1294 1278 rea,
1320 1248 1385 1270 nec
1410 1245 1586 1282 argentea,
1618 1236 1737 1271 Codro
1760 1250 1892 1284 paupe-

1219 1288 1306 1329 rior,
1320 1288 1472 1334 possidet
1483 1302 1494 1331 ;
1506 1289 1574 1323 nisi
1585 1289 1676 1323 forte
1688 1291 1792 1324 etiam
1804 1291 1892 1325 obli-

1220 1353 1290 1386 que
1301 1341 1375 1375 haec
1387 1341 1452 1386 ipsi
1467 1341 1699 1389 chrysendeta
1711 1343 1807 1377 furto
1821 1356 1893 1378 esse

1221 1394 1333 1428 ablata
1351 1394 1435 1428 velit
1453 1407 1472 1428 a
1491 1396 1695 1441 Calpetiano
1713 1396 1893 1431 Martialis.

1220 1448 1338 1489 Quum
1352 1447 1446 1480 enim
1465 1447 1568 1489 dicit,
1584 1448 1659 1482 Non
1675 1449 1767 1481 habet
1784 1462 1892 1489 suum,

1221 1512 1305 1545 ergo
1331 1499 1503 1543 alienum3
1523 1512 1587 1534 nec
1610 1500 1788 1546 quomodo
1811 1502 1895 1535 alie-

1221 1565 1306 1586 nurn
1325 1553 1468 1598 exponit
1479 1577 1490 1593 ‚
1507 1552 1568 1587 sed
1586 1554 1755 1600 relinquit
1773 1555 1895 1589 lectori

1222 1604 1459 1650 cogitandum.
1475 1628 1527 1633 -—
1546 1607 1754 1640 Plutarchus
1772 1607 1807 1641 in
1821 1608 1895 1642 Lu-

1222 1658 1314 1691 cullo
1328 1658 1408 1692 satis
1425 1658 1516 1692 illud
1528 1658 1667 1693 indicat.
1679 1659 1813 1694 Plinius
1828 1661 1895 1694 hoc

1221 1723 1331 1756 genus
1361 1724 1523 1746 vasorum
1555 1712 1703 1746 innuere
1726 1712 1866 1748 videtur
1884 1740 1894 1755 ‚

1223 1776 1333 1810 quum
1356 1764 1457 1798 initio
1478 1765 1541 1799 lib.
1561 1765 1720 1799 XXXIII
1740 1766 1789 1800 sic
1811 1766 1895 1800 scri-

1223 1817 1296 1850 bit:
1320 1834 1334 1847 «
1350 1817 1469 1851 Turba
1493 1830 1706 1863 gemmarum
1733 1827 1895 1864 potamus

1224 1878 1258 1903 et
1289 1869 1477 1916 smaragdis
1510 1871 1660 1906 teximus
1692 1872 1829 1908 calices,
1861 1879 1895 1905 et

1223 1934 1347 1956 aurum
1364 1925 1435 1969 jam
1453 1925 1599 1958 accessio
1621 1933 1706 1959 est.-
1732 1924 1800 1958 sed
1822 1937 1893 1958 non

1224 1976 1393 2021 Virgilius
1408 1976 1535 2023 Georg.
1552 1978 1607 2019 H,
1623 1978 1710 2017 506,
1725 1987 1761 2010 ut
1772 1990 1895 2022 gemma

1224 2028 1329 2068 hamt,-
1347 2029 1429 2075 quia
1442 2030 1588 2064 Veteres
1604 2030 1706 2064 etiam
1720 2043 1739 2064 e
1750 2031 1895 2076 gemmis

1224 2089 1359 2115 tantum
1373 2107 1383 2123 ‚
1398 2082 1528 2128 absque
1543 2095 1645 2125 auro,
1664 2096 1740 2117 vasa
1758 2083 1894 2129 potoria

1223 2134 1431 2168 habuerunt.
1448 2135 1513 2168 En.
