1978 3305
390 220 982 264 EPIGRAMMATUM
1020 219 1143 262 LIB.
1172 220 1257 261 VI.

121 318 193 338 non
215 304 374 338 attendit.
402 306 522 339 Horat.
552 307 626 348 III,
650 307 708 341 od.
733 321 768 342 v1
785 334 794 349 ,

125 372 168 401 29
182 370 192 398 ;
214 375 227 386 n
244 359 336 403 jussa
353 370 425 391 non
439 359 513 391 sine
529 360 670 393 conscio
683 361 794 406 surgit

121 410 258 443 marito.
267 424 281 439 »s
296 411 350 444 Cf.
362 411 540 445 Plutarch.
554 411 590 445 in
601 413 746 454 erotico‚
757 427 792 459 p.

121 475 168 495 m.
189 475 201 495 1
213 462 298 496 352.
314 463 498 497 En.-l7s
513 467 591 498 mori
605 467 670 498 sine
679 466 768 508 febre
782 480 792 499 .-

120 515 144 547 i.
176 528 205 548 e.
233 528 410 561 nunquam
434 516 484 549 vis
504 526 685 562 aegrotare,
709 532 791 564 pro·

1434 217 1525 262 135

854 316 971 353 pterea
989 305 1185 340 conduxisti
1203 304 1377 338 medicum
1393 317 1434 338 eo
1455 317 1529 338 mu-

854 372 938 393 nere
950 374 958 400 ;
969 360 1025 393 vel
1035 359 1189 404 intellige
1196 356 1445 392 Charidemum
1459 369 1527 390 me-

854 413 958 447 tuisse
969 438 978 453 ,
993 425 1039 445 ne
1056 424 1145 444 uxor
1158 423 1276 443 amore
1291 409 1417 443 medici
1427 418 1525 454 capta

853 474 1033 511 aegrotaret
1050 490 1058 504 ‚
1092 473 1194 509 atque
1230 462 1362 496 idcirco
1394 463 1524 508 permi-

853 519 934 552 sisse
949 545 956 556 ,
985 526 1023 550 ut
1043 518 1085 550 ab
1107 530 1148 549 eo
1170 516 1436 560 subagitaretur.

692 647 948 702 XXXII.

520 801 586 828 DE
626 801 817 829 MORTE
857 801 1119 830 OTH'ONIS.

187 927 337 981 QUUM
363 924 579 969 dubitaret
604 924 748 968 adhuc
774 924 872 969 belli
901 924 1036 969 civilis
1062 927 1208 985 Enyo,

256 995 454 1039 Forsitan
484 1004 527 1039 et
552 1005 697 1056 posset
722 996 896 1040 vincere
922 994 1062 1039 mollis
1086 996 1231 1048 Otho;

188 1066 425 1108 Damnavit
449 1064 585 1109 multo
610 1075 823 1110 staturum
847 1067 1056 1127 sanguine
1079 1067 1266 1110 Martem
1281 1101 1291 1115 ,

256 1137 312 1179 Et
340 1134 448 1178 fodit
473 1145 590 1179 certa
621 1146 798 1196 pectora
827 1135 943 1180 nuda
972 1152 1116 1179 manu.

189 1205 253 1248 Sit
275 1208 408 1259 Cato,
432 1205 534 1249 dum
562 1207 689 1261 vivit,
716 1223 819 1250 sane
842 1205 910 1250 vel
932 1208 1103 1251 Caesare
1126 1208 1290 1266 major3

256 1277 375 1318 Dum
402 1277 605 1331 moritur,
629 1276 839 1338 numquid
866 1276 1005 1336 major
1031 1277 1207 1320 Othone
1236 1275 1342 1320 fuit.3

174 1430 185 1450 1
199 1443 204 1450 .
226 1417 335 1450 Civilis
351 1420 436 1462 eripo
451 1418 487 1450 in
506 1416 625 1451 codice
642 1418 722 1451 Vat.
736 1440 787 1445 —

119 1470 224 1513 Ouum
243 1470 411 1503 dubitaret.
432 1470 533 1515 Enyo
546 1496 554 1510 ‚
571 1469 607 1503 id
623 1478 694 1512 est,
709 1471 785 1503 Bel-

115 1521 213 1564 lona,
223 1523 346 1556 Martis
355 1535 465 1564 soror,
476 1535 584 1568 quum
597 1522 712 1557 adhuc
725 1523 787 1556 du-

115 1576 257 1617 hitaret,
275 1576 331 1609 cui
354 1576 536 1609 victoriam
556 1575 762 1610 concederet
774 1602 783 1617 ⁷

115 1639 158 1660 an
181 1628 330 1661 Vitellio
352 1641 396 1661 an
421 1628 564 1662 Othoni.
584 1628 678 1662 Vide
700 1630 784 1663 Sue-

114 1681 250 1715 tonium
266 1682 300 1714 in
315 1681 476 1723 Othone3
495 1690 528 1715 et
542 1682 656 1728 Spect.
674 1682 782 1728 epigr.

115 1746 214 1776 xnv,
234 1747 282 1767 vs.
312 1734 344 1767 3.

171 1800 203 1820 2.
221 1788 370 1820 For-sitan
397 1801 436 1820 an
457 1791 558 1832 possit
577 1788 783 1821 Beverlandi

115 1838 188 1873 MS.
210 1861 260 1866 -
278 1841 389 1873 Posset
405 1843 535 1874 vincere.
555 1841 678 1886 Neque
690 1841 782 1875 enim

114 1905 150 1925 se
169 1892 289 1927 Galbae
308 1894 540 1939 opposuisset,
565 1894 632 1927 nisi
650 1906 784 1939 speras·

115 1953 166 1979 set
192 1946 266 1979 sine
287 1947 381 1980 bello
405 1946 501 1980 civili
521 1959 594 1980 reni
622 1948 695 1992 geri
724 1959 786 1991 po-

115 1998 240 2040 tuisse;
259 2008 361 2046 atque
381 2000 439 2032 ubi
460 2001 531 2045 jam
551 2012 569 2032 a
589 2000 785 2033 Vitellianis

115 2050 160 2084 ad
177 2052 382 2086 Bebriacum
400 2052 522 2086 fraude
536 2061 698 2098 superato
709 2078 717 2093 ,
731 2065 783 2086 sa-

116 2105 158 2137 tis
176 2114 367 2151 superesset
382 2106 474 2150 spei,
489 2106 698 2151 integraeque
714 2106 786 2139 fere

115 2157 242 2202 copiae,
267 2159 594 2204 supervenientibus
625 2167 659 2192 et
689 2159 784 2198 aliis;

116 2209 199 2243 odio
218 2218 332 2245 tamen
353 2211 510 2245 civilium
530 2224 710 2245 armorum
723 2236 733 2252 ‚
754 2219 788 2244 et

116 2275 160 2296 ne
192 2264 323 2309 periret
357 2265 509 2310 populus
522 2292 531 2305 ,
564 2277 599 2298 se
631 2264 786 2310 pugione

115 2315 313 2350 transfodit.
333 2317 476 2351 Sueton.
498 2317 602 2351 Dion.
627 2326 661 2351 et
676 2317 786 2350 Tacit.

115 2368 206 2402 Hist.
228 2370 276 2402 II.
296 2391 347 2396 -—
369 2370 480 2403 Mollis
507 2371 604 2404 Otho.
629 2371 680 2403 De
700 2370 787 2403 mol-

114 2421 189 2455 litie
210 2423 302 2466 ejus,
325 2422 468 2456 Sueton.
494 2435 570 2468 cap.
595 2435 663 2463 ¹23
683 2431 716 2456 et
731 2423 792 2456 Ju-

115 2486 194 2508 ven.
211 2474 284 2509 Sat.
303 2487 331 2509 u
344 2501 353 2515 ‚
368 2488 418 2509 vs.
445 2488 526 2509 102.

170 2528 203 2562 3.
231 2528 405 2561 Damnavit
433 2529 529 2561 mullo
555 2536 694 2561 saturum
721 2530 788 2572 jam

116 2583 268 2626 sanguine
287 2580 366 2614 Ald.
393 2582 491 2615 Juut.
513 2581 628 2615 Colin.
652 2581 789 2625 Gryph.

119 2635 224 2679 Lang.
246 2635 386 2668 Juuian.
418 2642 480 2668 etc.
503 2635 675 2668 Damnavit
698 2634 793 2666 multo

845 1427 1019 1450 saturatum
1038 1420 1190 1461 sanguine
1210 1418 1246 1450 in
1269 1416 1345 1450 cod.
1367 1417 1520 1450 Florem.

847 1479 879 1503 et
900 1471 979 1503 Vat.
999 1478 1152 1502 staturum
1167 1469 1294 1515 probat
1309 1470 1519 1510 Farnabi1153

843 1531 928 1556 stare
957 1523 1050 1556 enim
1078 1535 1143 1568 pro
1171 1530 1312 1555 constare
1341 1521 1428 1556 dixit
1455 1523 1515 1556 lib.

844 1576 921 1616 ῙΠ,
944 1577 1147 1621 epigramm.
1177 1588 1304 1616 Lxx1v,
1324 1587 1373 1608 vs.
1405 1576 1438 1609 8.
1468 1596 1518 1601 -—

844 1629 1038 1668 Damnavit,
1054 1637 1118 1662 etc.
1133 1627 1258 1661 Civilia
1272 1628 1363 1661 bella
1376 1640 1516 1661 exosum

844 1681 1022 1715 Othonem
1036 1707 1045 1721 ‚
1065 1681 1171 1714 etiam
1189 1681 1367 1726 privatum
1382 1679 1497 1713 adhuc
1509 1706 1516 1718 ,

842 1735 949 1768 refert
963 1734 1057 1768 Suet.
1072 1746 1147 1779 cap.
1171 1745 1224 1767 10.
1243 1733 1311 1767 Sed
1324 1733 1519 1779 pulcherri-

843 1800 898 1820 me
925 1786 1019 1833 apud
1047 1787 1197 1820 Dionem
1221 1787 1378 1832 loquitur
1403 1786 1519 1825 Otho,

843 1852 953 1886 quum
974 1840 1089 1886 inquit
1107 1852 1115 1873 z
1141 1857 1155 1869 ιι
1171 1839 1285 1872 Multo
1305 1839 1427 1872 melius
1447 1847 1496 1872 est
1511 1866 1518 1875 ,

842 1893 1025 1939 multoque
1036 1893 1162 1937 justius
1174 1905 1286 1925 unum
1299 1904 1364 1937 pro
1379 1891 1500 1925 multis
1511 1917 1519 1931 ‚

844 1959 949 1991 quam
965 1959 1030 1991 pro
1045 1958 1116 1979 uno
1129 1946 1257 1978 multos
1273 1945 1427 1978 interire.
1448 1945 1519 1989 Ego

844 1998 985 2044 quidem
1025 1999 1159 2032 Mutius
1191 2011 1261 2031 esse
1296 1998 1412 2030 malim
1423 2023 1430 2037 ‚
1462 2005 1520 2029 aut

845 2052 988 2085 Curtius
998 2076 1007 2091 ‚
1023 2064 1126 2098 quam
1137 2051 1400 2096 Marius,quam
1415 2049 1519 2096 Sylla,

845 2113 911 2139 etc.
929 2123 941 2134 ι
963 2105 1052 2145 Alii,
1075 2105 1209 2136 latarum
1222 2106 1291 2147 jam
1305 2117 1316 2136 .·
1336 2115 1399 2148 ego
1419 2110 1521 2135 statu-

846 2171 913 2191 rum
934 2157 1059 2203 probo.

900 2215 933 2251 4.
959 2210 1088 2254 Effodit
1103 2218 1186 2242 certa
1201 2217 1329 2253 pectora
1349 2215 1413 2240 tota
1431 2220 1525 2240 manu

846 2262 1053 2297 Beverlandi
1066 2261 1139 2296 MS.
1155 2262 1238 2294 Uno
1252 2273 1288 2294 se
1304 2260 1439 2305 trajecit
1452 2260 1522 2293 ictu

846 2317 936 2350 infra
947 2317 1068 2349 laevam
1083 2314 1260 2361 papillam.
1272 2313 1415 2347 Tacitus
1431 2326 1523 2345 mmm

853 2370 963 2402 vulnus
985 2376 1162 2414 repertum
1184 2367 1242 2400 ait.
1259 2367 1326 2399 En.

904 2422 936 2455 5.
956 2421 1018 2453 Vel
1032 2421 1159 2454 Coesare
1178 2421 1288 2464 major.
1300 2418 1387 2460 Quo
1405 2419 1458 2452 vel
1477 2419 1526 2452 vi·

849 2483 945 2509 ctore
963 2475 1129 2518 majorem
1142 2485 1178 2506 se
1191 2481 1225 2506 et
1239 2472 1419 2505 meliorem
1433 2472 1527 2506 affir-

850 2527 957 2561 mavit
967 2526 1054 2561 Cato
1065 2553 1073 2568 ,
1087 2537 1242 2571 pugnans
1257 2537 1321 2570 pro
1334 2524 1524 2570 republica.

906 2583 940 2611 6.
980 2580 1088 2624 stlajor
1123 2579 1248 2612 Othone
1280 2579 1348 2620 suit
1359 2583 1377 2610 :⁶⁹
1409 2577 1528 2610 Minor

853 2641 956 2667 corte.
983 2633 1069 2667 Cato
1098 2632 1192 2665 enim
1218 2632 1320 2664 rebus
1351 2630 1467 2663 fractis
1496 2637 1531 2662 et

1316 2696 1324 2720 j

1271 2719 1300 2763 9
