1978 3305
328 214 909 259 EPIGRAMMATUM
948 214 1070 257 LIB.
1111 214 1197 256 XI.

1368 212 1467 274 619

210 300 369 343 Indixit
392 316 559 344 coenam
582 301 702 346 dives
727 303 864 346 amica
890 301 976 345 tibi.

139 371 199 413 Sit
225 369 387 430 pudor,
413 380 456 414 et
485 372 658 415 tandem
685 374 776 416 veri
805 380 1047 432 respectu5‚
1073 380 1115 414 et
1140 370 1262 430 aequi.

209 439 280 483 Nil
311 441 406 491 tihi,
438 441 597 501 Phylli,
623 459 735 503 nego
763 459 771 484 :

72 565 121 598 tbi
148 566 221 610 lege
245 575 382 599 cautum
411 576 500 607 erat,
527 580 571 600 ne
599 568 679 613 quis
704 569 740 601 in

72 618 216 651 macello
244 618 353 663 pisces
381 632 470 665 saepe
494 629 647 661 emeret,
674 621 742 653 nisi

71 670 130 715 qui
156 679 212 704 aut
237 683 377 705 censum
402 684 524 713 suum,
546 680 606 705 aut
633 681 741 706 artem

804 441 860 485 nil
889 441 1016 494 mihi,
1044 439 1212 500 Phylli,
1244 455 1364 499 nega.

800 581 867 614 qua
888 568 992 600 vitam
1011 567 1211 607 tutabatur,
1228 567 1376 612 probare
1395 578 1472 611 pos·

802 628 853 654 set
877 620 925 653 sic
946 618 1100 652 delicatae
1125 627 1158 652 et
1179 620 1266 665 gulae
1295 627 1328 652 et
1349 630 1474 651 mensae

801 673 937 706 veniam
959 671 1158 717 adepturus.

722 807 822 864 LI.

628 961 695 988 DE
743 961 918 989 TITIO.

281 1073 456 1116 ΤΑΝΤΛ
485 1082 549 1116 est
574 1089 669 1133 quae
699 1073 812 1116 Titio
834 1070 1037 1116 columna
1063 1071 1246 1132 pendet,

279 1142 507 1201 Quantum
535 1144 799 1203 Lampsaciae
829 1141 978 1186 colunt
1008 1141 1171 1202 puellae.

284 1213 365 1256 Hic
394 1211 513 1256 nullo
543 1214 799 1266 comitante,
824 1229 904 1256 nec
931 1211 1137 1265 molesto,

280 1282 478 1326 Thermis
504 1283 761 1344 grandibus,
787 1293 830 1326 et
858 1284 944 1327 suis
975 1282 1168 1331 lavatum

283 1355 475 1414 Anguste
499 1355 636 1397 Titius
665 1363 810 1398 tamen
833 1353 1014 1396 lavatur.

133 1490 162 1510 ῐ.
188 1478 342 1511 Columna
362 1479 488 1523 pendet.
511 1479 677 1524 Priapus,
698 1480 747 1512 αἱ.-

74 1528 173 1564 ὃοῐον.
185 1529 317 1564 Eodem
329 1543 431 1565 sensu
442 1532 585 1565 columna
601 1531 660 1564 lib.
675 1532 726 1563 Vl
740 1557 749 1572 ,

74 1584 181 1628 epigr.
203 1596 303 1624 λιιι,
323 1597 372 1617 vs.
399 1585 432 1618 3.

132 1649 162 1669 2.
185 1637 393 1682 Lampsaciae,
410 1644 476 1670 etc.
496 1637 524 1669 E
544 1638 749 1682 Lampsaco,

76 1689 164 1721 urhe
189 1689 273 1722 olim
295 1689 331 1722 in
352 1690 464 1734 Mysia
485 1690 749 1735 septentrionali

76 1750 109 1775 et
126 1741 303 1786 Bithynia,
317 1741 486 1776 ditissima
501 1743 652 1776 simulac
664 1743 751 1775 cele·

77 1794 230 1827 berrima
242 1820 251 1835 ,
270 1807 340 1827 non
356 1803 425 1828 tam
442 1796 487 1828 ob
506 1795 642 1828 eximiae
660 1804 750 1828 notae

77 1847 197 1879 vinum
234 1855 268 1880 et
304 1847 398 1892 quod
439 1848 672 1882 Anaximenes
712 1861 750 1881 ea

77 1898 247 1933 oriundus
259 1925 269 1941 ‚
285 1913 387 1946 quam
401 1913 420 1934 e
433 1901 529 1934 cultu
545 1914 614 1945 quo
631 1909 665 1934 et
680 1914 751 1934 ma-

78 1961 186 1985 tronae
202 1961 236 1986 et
254 1953 381 1998 puellae
396 1954 561 1999 Priapum
579 1953 750 1988 condeco-

77 2017 209 2038 ravere.
226 2006 384 2051 Namque
399 2006 465 2039 illae
479 2007 528 2039 ibi
544 2019 663 2041 omnes
679 2007 750 2041 fere

807 1479 843 1511 in
862 1478 1064 1511 solennibus
1081 1478 1265 1523 imaginem
1287 1478 1482 1510 obscoenam

807 1531 1047 1577 praegrandem
1070 1544 1165 1571 sane,
1185 1543 1288 1576 quam
1310 1530 1483 1563 vocabant

807 1584 965 1616 Phallum
978 1610 987 1624 ‚
1004 1585 1110 1616 immo
1126 1592 1159 1617 et
1175 1583 1414 1628 Ithyphallum
1424 1580 1480 1621 (ab

808 1637 891 1677 ἰθὺς,
917 1645 1016 1669 rectus
1043 1645 1076 1670 et
1097 1634 1253 1678 Φαὶλὸς),
1275 1636 1364 1669 collo
1393 1635 1483 1668 fere-

807 1690 908 1730 bant,
922 1698 976 1731 et,
994 1701 1057 1734 per
1075 1690 1199 1722 urbem
1212 1698 1318 1722 totam
1329 1714 1338 1729 ‚
1349 1688 1408 1721 tali
1423 1701 1480 1721 01·-

808 1751 892 1776 natu
911 1755 1076 1788 pompam
1099 1741 1287 1776 ducebant.
1307 1742 1360 1775 Ita
1377 1753 1481 1786 quem

809 1797 977 1828 vocabant
994 1796 1201 1840 Lingamum
1217 1793 1347 1828 Indicae
1364 1794 1482 1827 mulie·

809 1847 961 1882 res.Vid.
972 1861 997 1882 s.
1007 1860 1062 1893 ep.
1073 1860 1180 1889 xvn1,
1190 1848 1478 1892 etIII‚ep.1.v¹11.

864 1902 897 1934 5.
920 1902 1066 1945 Anguste
1089 1902 1213 1940 Titius,
1239 1909 1303 1933 ete.
1327 1901 1406 1945 Ipse
1429 1899 1481 1932 in-

809 1966 893 1999 gens
920 1962 954 1987 et
982 1951 1179 1999 ἀνδροσοὶθης
1208 1965 1215 1987 :
1241 1966 1284 1986 an
1311 1952 1391 1997 quia
1418 1952 1482 1985 suh

811 2007 909 2053 aquis
933 2025 945 2036 κ
958 2006 1084 2041 Pelliee
1102 2007 1185 2040 laeva
1208 2006 1318 2039 utitur
1334 2023 1347 2035 υ
1365 2005 1379 2038 Ρ

713 2143 847 2199 LII.

464 2295 529 2323 AD
567 2295 770 2323 JULIUM
809 2294 1111 2323 CEREALEM.

151 2402 379 2444 COENAms
403 2399 535 2455 belle,
561 2399 645 2444 Juli
668 2399 856 2444 Cerealis
873 2435 882 2453 ‚
904 2400 1019 2461 apud
1044 2416 1135 2447 me:

142 2533 150 2553 ι
164 2546 169 2552 .
184 2521 329 2553 ί“ιτιιαΙ)ιέ
339 2521 427 2554 belle.
439 2520 545 2566 Apud
557 2534 622 2554 me.
633 2522 751 2554 Exstat

82 2581 115 2605 et
136 2574 191 2606 tali
212 2573 282 2606 sere
300 2573 400 2606 initio
421 2573 672 2618 lepidissimum
687 2574 752 2607 Ca-

82 2626 266 2659 tullianum
283 2638 290 2659 :
310 2645 322 2656 u
333 2626 490 2659 Coenabis
505 2627 592 2660 bene
604 2653 612 2667 ‚
628 2627 674 2659 mi
691 2627 752 2659 Fa-

813 2521 905 2554 bulle
925 2520 1017 2566 apud
1038 2533 1102 2554 me.
1124 2539 1136 2549 n
1163 2519 1230 2554 Sed
1248 2528 1280 2554 et
1302 2533 1485 2566 argumen-

813 2584 888 2608 tum
909 2573 1007 2607 valde
1023 2572 1118 2606 aliud
1137 2581 1207 2614 est;
1226 2582 1258 2607 et
1277 2573 1484 2619 rhythmus,

816 2640 878 2672 pro
899 2626 1055 2661 distichis
1077 2626 1396 2671 hendecasyllabus.
1419 2627 1469 2660 En
