1978 3305
451 238 550 283 230

825 238 886 280 M.
919 237 1058 279 VAL.
1097 237 1485 280 MARTIALIS

518 326 602 371 Sed
629 342 773 379 meus,
800 334 848 368 ut
871 325 925 368 de
949 341 1020 368 me
1050 333 1241 379 taceam,
1271 326 1482 379 Lemnia,
1511 341 1661 369 servus

588 399 612 440 J
616 395 787 439 udaeum
811 393 930 438 nulla
956 395 1036 438 sub
1063 405 1162 439 cute
1185 394 1356 456 pondus
1380 395 1523 440 habet.

519 468 576 510 Et
604 465 709 509 nudi
737 475 881 509 tecum
905 464 1174 527 juvenesque
1199 481 1407 526 senesque
1432 465 1646 510 lavantur.

589 539 657 579 An
683 535 772 580 sola
801 545 865 579 est
894 537 1007 580 servi
1033 535 1227 580 mentula
1251 551 1356 580 vera
1384 535 1477 580 tui?

522 606 691 667 Ecquid
721 606 931 650 femineos
958 608 1171 668 sequeris,
1201 616 1426 661 matrona,
1450 606 1679 651 recessus?

594 678 882 738 Secretusque
905 686 1001 731 tua,
1029 694 1192 733 cunne,
1222 677 1377 721 lavaris
1405 676 1548 738 aqua?

452 818 614 851 virorum
642 816 841 861 promiscue
869 828 949 850 eum
989 817 1127 850 feminis

452 868 592 904 lavandi
605 869 745 904 sustulit
757 870 938 915 Trajanus.
952 870 1127 915 xiphilin.

454 923 490 956 in
509 921 684 964 Adriano,
703 931 737 956 et
755 922 969 968 Spartianus.
994 924 1039 955 At
1057 935 1131 969 pes-

453 976 533 1009 simi
551 976 695 1022 posthac
717 976 895 1021 principes
911 988 1130 1009 revocavere.

512 1029 547 1063 5.
564 1030 614 1062 Et
633 1029 711 1062 nudi
730 1042 770 1062 ex
789 1028 868 1062 eod.
895 1029 1052 1062 Palatino
1072 1027 1132 1062 de-

456 1081 509 1115 dit
525 1082 707 1116 Gruterus.
727 1081 870 1115 Iiisdem
889 1082 924 1114 in
944 1082 1028 1115 locis
1046 1082 1134 1114 lava-

455 1136 541 1169 bant
570 1135 635 1168 viri
668 1148 748 1168 cum
782 1135 986 1168 mulieribus
1018 1134 1134 1168 simul.

456 1188 525 1222 Sed
541 1188 621 1221 nudi
634 1187 715 1222 Ald.
735 1188 836 1222 Junt.
860 1188 975 1222 Colin.
998 1187 1133 1234 Gryph.

458 1240 634 1275 Calderin.
656 1241 766 1274 Plant.
785 1241 928 1274 Junian.
948 1241 1135 1275 Pulmann.

460 1295 572 1340 Lang.
595 1293 681 1327 aliae.
701 1295 843 1328 Lac-atur
860 1306 927 1340 pro
945 1294 1086 1327 lavamur
1102 1294 1138 1327 in

461 1347 582 1382 codice
598 1347 799 1381 Pulmanni.

516 1403 552 1434 6.
564 1400 710 1434 Mentula
724 1413 812 1432 vera.
829 1399 1049 1434 Guilielmius
1063 1412 1141 1434 cen-

462 1461 512 1487 set
529 1452 715 1499 legendum
734 1453 849 1494 verba,
871 1452 967 1499 quod
986 1453 1063 1499 plus
1082 1453 1140 1487 ha-

462 1507 521 1540 bet
548 1507 697 1553 speciei,
724 1519 830 1552 quam
859 1506 1016 1540 veritatis
1040 1519 1047 1539 :
1076 1507 1138 1552 qui

1187 818 1279 850 enirn
1302 830 1321 850 a
1340 817 1499 851 Martiale
1519 816 1601 850 alibi
1620 814 1866 863 producuntur

1187 870 1344 911 fibulati,
1364 883 1474 916 quum
1493 869 1635 904 interim
1653 876 1767 903 essent
1784 880 1864 902 ver-

1189 923 1250 968 pi,
1275 923 1343 956 hoc
1372 923 1542 956 faciebant
1558 949 1566 961 ,
1599 934 1645 956 ne
1671 921 1868 967 penderent

1191 975 1362 1009 tributum
1384 984 1550 1021 tanquam
1567 974 1682 1008 Judaei
1702 986 1710 1008 :
1734 983 1769 1009 at
1790 987 1868 1008 vera

1193 1029 1329 1061 mentula
1342 1028 1399 1062 hic
1415 1027 1556 1069 dicitur,
1571 1026 1869 1074 quemadmodum

1193 1081 1282 1114 infra
1296 1082 1417 1114 LVIII
1432 1093 1439 1114 ζ
1458 1080 1598 1124 Difficile
1611 1088 1657 1113 est
1669 1093 1744 1113 vero
1758 1080 1870 1114 nubere

1197 1133 1298 1168 Galla
1322 1137 1404 1167 viro.
1428 1133 1524 1176 Quid
1548 1133 1645 1179 quod
1672 1133 1776 1167 Poeta
1804 1133 1870 1167 sihi

1195 1187 1262 1233 ipsi
1279 1187 1451 1233 interpres
1468 1187 1529 1221 lib.
1547 1188 1618 1228 XI,
1637 1186 1749 1233 epigr.
1769 1199 1872 1228 mxv,

1196 1254 1246 1274 vs.
1265 1242 1285 1273 6
1301 1251 1310 1274 ;
1332 1241 1448 1274 Omnes
1464 1253 1506 1273 an
1523 1240 1580 1273 tibi
1602 1254 1657 1273 nos
1677 1252 1782 1273 sumus
1797 1253 1872 1285 spa·

1197 1294 1310 1332 dones,
1335 1303 1400 1327 etc.
1422 1293 1604 1327 Gruterus.

1252 1348 1286 1380 8.
1303 1346 1505 1394 Secretusque
1527 1354 1591 1380 tua.
1612 1346 1748 1391 Nempe
1769 1346 1806 1379 in
1823 1358 1874 1379 se-

1197 1407 1293 1434 creto
1327 1412 1465 1434 recessu
1501 1411 1576 1433 rem
1607 1399 1757 1433 habebat
1788 1411 1874 1433 cum

1198 1465 1319 1493 servo,
1342 1455 1442 1499 cujus
1463 1453 1552 1486 vires
1573 1451 1640 1486 sibi
1660 1461 1749 1486 totas
1767 1464 1876 1486 reser-

1199 1506 1311 1539 vabat.

1017 1661 1338 1716 XXXVI.

990 1832 1057 1858 Al)
1097 1830 1358 1858 sTELLAM.
1393 1840 1397 1848 ·

540 1971 692 2027 QUUM
723 1968 893 2030 pluvias
922 1967 1234 2028 madidumque
1263 1968 1416 2010 Jovem
1447 1965 1640 2026 perferre
1668 1972 1869 2026 negaret,

610 2041 667 2083 Et
697 2039 815 2084 rudis
847 2038 1041 2082 hibernis
1072 2037 1172 2082 villa
1197 2046 1368 2081 nataret
1390 2037 1538 2097 aquis;

542 2109 756 2164 Plurima,
783 2126 879 2170 quae
905 2119 1054 2170 posset
1082 2108 1248 2153 subitos
1274 2107 1501 2151 effundere
1527 2105 1726 2157 nimbos,

532 2274 564 2296 1.
579 2262 826 2307 Quumpluvias.
837 2259 963 2294 Sensus
979 2259 1151 2306 epigram-

478 2315 579 2349 matis
598 2323 648 2349 est
668 2326 676 2348 τ
697 2315 729 2348 Ο
748 2314 849 2348 Stella
864 2341 871 2353 ,
896 2322 934 2347 ut
955 2322 1053 2347 tuum
1076 2325 1153 2346 mu-

476 2382 542 2402 nus
564 2369 659 2401 omni
686 2381 727 2401 ex
751 2375 850 2413 parte
874 2367 1069 2401 absolutum
1094 2366 1153 2406 sit,

477 2422 576 2455 mitte
592 2430 705 2467 togam
722 2433 790 2467 qua
803 2429 910 2466 tegar,
925 2418 1153 2466 quemadmo-

478 2474 562 2508 dum
586 2475 719 2520 tegulas
740 2474 861 2507 misisti
879 2501 887 2514 ‚
913 2473 1042 2519 quibus
1062 2481 1153 2518 toge-

479 2537 575 2562 retur
597 2540 670 2561 mea
692 2528 783 2561 villa.

537 2594 569 2614 2.
586 2581 685 2613 Nulla
703 2589 826 2613 nataret
843 2582 931 2627 aquis
949 2577 1056 2613 codex
1075 2578 1154 2612 Flo-

481 2642 650 2667 remmus.

539 2688 569 2720 3.
594 2687 658 2719 Alii
681 2687 814 2730 legunt,
837 2686 999 2722 desendet-c
1022 2685 1150 2722 nimhm,

1213 2259 1234 2292 i.
1256 2271 1286 2291 e.
1301 2269 1426 2292 arcere.
1440 2255 1533 2290 Vide
1547 2256 1624 2289 Jan.
1638 2255 1866 2289 Guilielmum
1877 2280 1888 2297 ,

1213 2311 1401 2345 Verisimil.
1425 2310 1485 2343 lib.
1510 2310 1585 2350 ΙΙΙ,
1607 2321 1680 2355 cap.
1709 2308 1769 2343 25.
1794 2308 1887 2350 ·Qui

1212 2365 1271 2398 hic
1290 2363 1420 2397 mavult
1441 2363 1555 2408 legere
1577 2362 1758 2404 defi-ridere,
1781 2361 1889 2394 inter-

1214 2417 1390 2463 rogandus
1406 2425 1475 2449 erat
1491 2440 1500 2455 ‚
1521 2416 1652 2449 talesne
1670 2423 1767 2460 putet
1787 2414 1890 2447 fuisse

1215 2472 1342 2504 formas
1361 2470 1547 2503 imbrirum
1572 2468 1809 2514 tegularumve
1830 2479 1889 2499 ve-

1215 2533 1346 2565 terum,
1363 2532 1466 2568 atque
1482 2522 1595 2556 saeculi
1612 2519 1749 2554 nostri?
1765 2538 1777 2549 -
1797 2519 1890 2554 Gru-

1217 2585 1320 2611 tetus.
1346 2596 1357 2606 ι-
1375 2575 1531 2622 Cogitavi
1549 2572 1735 2620 aliquando
1755 2586 1820 2617 pro
1844 2573 1890 2615 ‹js-

1209 2631 1344 2673 sumlcrv
1370 2628 1554 2675 legendum
1575 2626 1769 2670 distimulet-c,
1795 2625 1890 2672 quod

1215 2685 1281 2717 lio(-
1294 2684 1369 2716 loeo
1383 2682 1512 2727 aptius:
1528 2694 1604 2713 nam
1614 2680 1792 2721 diffundam·
1805 2688 1889 2713 esset
