<?xml version="1.0" encoding="UTF-8"?>
<!DOCTYPE html PUBLIC "-//W3C//DTD XHTML 1.0 Transitional//EN"
    "http://www.w3.org/TR/xhtml1/DTD/xhtml1-transitional.dtd">
<html xmlns="http://www.w3.org/1999/xhtml" xml:lang="en" lang="en">
 <head>
  <title>
</title>
<meta http-equiv="Content-Type" content="text/html;charset=utf-8" />
  <meta name='ocr-system' content='tesseract 3.04.00' />
  <meta name='ocr-capabilities' content='ocr_page ocr_carea ocr_par ocr_line ocrx_word'/>
</head>
<body>
  <div class='ocr_page' id='page_1' title='image "./epigrammata02martuoft/epigrammata02martuoft_0652.png"; bbox 0 0 1978 3305; ppageno 0'>
   <div class='ocr_carea' id='block_1_1' title="bbox 411 238 510 284">
    <p class='ocr_par' dir='ltr' id='par_1_1' title="bbox 411 238 510 284">
     <span class='ocr_line' id='line_1_1' title="bbox 411 238 510 284; baseline 0 0"><span class='ocrx_word' id='word_1_1' title='bbox 411 238 510 284; x_wconf 85' lang='lat'>638</span> 
     </span>
    </p>
   </div>
   <div class='ocr_carea' id='block_1_2' title="bbox 792 238 1451 282">
    <p class='ocr_par' dir='ltr' id='par_1_2' title="bbox 792 238 1451 282">
     <span class='ocr_line' id='line_1_2' title="bbox 792 238 1451 282; baseline -0.002 0"><span class='ocrx_word' id='word_1_2' title='bbox 792 240 854 282; x_wconf 89' lang='lat' dir='ltr'>M.</span> <span class='ocrx_word' id='word_1_3' title='bbox 882 239 1024 282; x_wconf 82' lang='lat' dir='ltr'><strong>VAL.</strong></span> <span class='ocrx_word' id='word_1_4' title='bbox 1065 238 1451 282; x_wconf 76' lang='lat' dir='ltr'>MARTIALIS</span> 
     </span>
    </p>
   </div>
   <div class='ocr_carea' id='block_1_3' title="bbox 480 324 1677 458">
    <p class='ocr_par' dir='ltr' id='par_1_3' title="bbox 480 324 1677 458">
     <span class='ocr_line' id='line_1_3' title="bbox 480 324 1677 386; baseline -0.003 -15"><span class='ocrx_word' id='word_1_5' title='bbox 480 327 685 371; x_wconf 81' lang='lat' dir='ltr'>Protinus</span> <span class='ocrx_word' id='word_1_6' title='bbox 706 326 924 371; x_wconf 82' lang='lat' dir='ltr'>accedunt</span> <span class='ocrx_word' id='word_1_7' title='bbox 948 325 1131 379; x_wconf 75' lang='lat' dir='ltr'>medici,</span> <span class='ocrx_word' id='word_1_8' title='bbox 1154 326 1422 386; x_wconf 75' lang='lat' dir='ltr'>medicaeque</span> <span class='ocrx_word' id='word_1_9' title='bbox 1444 324 1677 378; x_wconf 86' lang='lat' dir='ltr'>recedunt,</span> 
     </span>
     <span class='ocr_line' id='line_1_4' title="bbox 551 392 1533 458; baseline -0.001 -18"><span class='ocrx_word' id='word_1_10' title='bbox 551 397 872 458; x_wconf 83' lang='lat' dir='ltr'>Tollunturque</span> <span class='ocrx_word' id='word_1_11' title='bbox 895 397 1027 458; x_wconf 87' lang='lat' dir='ltr'>pedes</span> <span class='ocrx_word' id='word_1_12' title='bbox 1050 415 1058 441; x_wconf 91' lang='lat'><strong>:</strong></span> <span class='ocrx_word' id='word_1_13' title='bbox 1081 414 1108 441; x_wconf 92' lang='lat' dir='ltr'>o</span> <span class='ocrx_word' id='word_1_14' title='bbox 1129 396 1344 441; x_wconf 86' lang='lat' dir='ltr'>medicina</span> <span class='ocrx_word' id='word_1_15' title='bbox 1365 392 1533 457; x_wconf 67' lang='lat' dir='ltr'>gravis!</span> 
     </span>
    </p>
   </div>
   <div class='ocr_carea' id='block_1_4' title="bbox 405 535 1093 742">
    <p class='ocr_par' dir='ltr' id='par_1_4' title="bbox 405 535 1089 582">
     <span class='ocr_line' id='line_1_5' title="bbox 405 535 1089 582; baseline -0.001 -12"><span class='ocrx_word' id='word_1_16' title='bbox 405 539 475 582; x_wconf 81' lang='lat' dir='ltr'>jam</span> <span class='ocrx_word' id='word_1_17' title='bbox 485 550 548 570; x_wconf 85' lang='lat' dir='ltr'>non</span> <span class='ocrx_word' id='word_1_18' title='bbox 552 538 641 580; x_wconf 82' lang='lat' dir='ltr'>facit</span> <span class='ocrx_word' id='word_1_19' title='bbox 653 539 717 582; x_wconf 81' lang='lat' dir='ltr'>ipse</span> <span class='ocrx_word' id='word_1_20' title='bbox 726 549 832 570; x_wconf 86' lang='lat' dir='ltr'><strong>senex</strong></span> <span class='ocrx_word' id='word_1_21' title='bbox 848 544 882 569; x_wconf 90' lang='lat' dir='ltr'>et</span> <span class='ocrx_word' id='word_1_22' title='bbox 892 535 1089 581; x_wconf 79' lang='lat' dir='ltr'>languidus.</span> 
     </span>
    </p>

    <p class='ocr_par' dir='ltr' id='par_1_5' title="bbox 410 588 1093 742">
     <span class='ocr_line' id='line_1_6' title="bbox 467 588 1092 636; baseline -0.002 -13"><span class='ocrx_word' id='word_1_23' title='bbox 467 603 500 636; x_wconf 80' lang='lat'>7.</span> <span class='ocrx_word' id='word_1_24' title='bbox 522 589 662 632; x_wconf 70' lang='lat' dir='ltr'>Medici,</span> <span class='ocrx_word' id='word_1_25' title='bbox 683 598 751 623; x_wconf 87' lang='lat' dir='ltr'>etc.</span> <span class='ocrx_word' id='word_1_26' title='bbox 772 588 978 623; x_wconf 87' lang='lat' dir='ltr'>Istiusmodi</span> <span class='ocrx_word' id='word_1_27' title='bbox 996 589 1092 622; x_wconf 84' lang='lat' dir='ltr'>enim</span> 
     </span>
     <span class='ocr_line' id='line_1_7' title="bbox 410 642 1093 689; baseline -0.001 -13"><span class='ocrx_word' id='word_1_28' title='bbox 410 644 540 676; x_wconf 83' lang='lat' dir='ltr'>malum</span> <span class='ocrx_word' id='word_1_29' title='bbox 565 653 615 677; x_wconf 83' lang='lat' dir='ltr'>est</span> <span class='ocrx_word' id='word_1_30' title='bbox 639 661 652 673; x_wconf 73' lang='grc' dir='ltr'>ιι</span> <span class='ocrx_word' id='word_1_31' title='bbox 677 642 775 689; x_wconf 90' lang='lat' dir='ltr'>quod</span> <span class='ocrx_word' id='word_1_32' title='bbox 801 655 923 676; x_wconf 81' lang='lat' dir='ltr'>sanare</span> <span class='ocrx_word' id='word_1_33' title='bbox 943 642 1068 676; x_wconf 86' lang='lat' dir='ltr'>Criton</span> <span class='ocrx_word' id='word_1_34' title='bbox 1084 668 1093 683; x_wconf 88' lang='lat'><strong><em>‚</em></strong></span> 
     </span>
     <span class='ocr_line' id='line_1_8' title="bbox 412 694 1092 742; baseline -0.001 -13"><span class='ocrx_word' id='word_1_35' title='bbox 412 709 484 729; x_wconf 87' lang='lat' dir='ltr'>non</span> <span class='ocrx_word' id='word_1_36' title='bbox 511 695 608 742; x_wconf 85' lang='lat' dir='ltr'>quod</span> <span class='ocrx_word' id='word_1_37' title='bbox 636 696 748 742; x_wconf 68' lang='lat' dir='ltr'>Hygia</span> <span class='ocrx_word' id='word_1_38' title='bbox 777 697 869 730; x_wconf 78' lang='lat' dir='ltr'>valet</span> <span class='ocrx_word' id='word_1_39' title='bbox 889 694 1015 729; x_wconf 68' lang='lat' dir='ltr'>=›.Vid.</span> <span class='ocrx_word' id='word_1_40' title='bbox 1037 707 1092 741; x_wconf 90' lang='lat' dir='ltr'>ep.</span> 
     </span>
    </p>
   </div>
   <div class='ocr_carea' id='block_1_5' title="bbox 1151 533 1833 739">
    <p class='ocr_par' dir='ltr' id='par_1_6' title="bbox 1151 533 1832 580">
     <span class='ocr_line' id='line_1_9' title="bbox 1151 533 1832 580; baseline -0.004 -11"><span class='ocrx_word' id='word_1_41' title='bbox 1151 548 1214 576; x_wconf 76' lang='lat' dir='ltr'>Lx,</span> <span class='ocrx_word' id='word_1_42' title='bbox 1234 543 1269 568; x_wconf 86' lang='lat' dir='ltr'>et</span> <span class='ocrx_word' id='word_1_43' title='bbox 1285 547 1362 580; x_wconf 87' lang='lat' dir='ltr'>quae</span> <span class='ocrx_word' id='word_1_44' title='bbox 1381 533 1424 568; x_wconf 87' lang='lat' dir='ltr'>ad</span> <span class='ocrx_word' id='word_1_45' title='bbox 1444 534 1518 567; x_wconf 86' lang='lat' dir='ltr'>haec</span> <span class='ocrx_word' id='word_1_46' title='bbox 1538 534 1748 567; x_wconf 84' lang='lat' dir='ltr'>notavimus.</span> <span class='ocrx_word' id='word_1_47' title='bbox 1766 534 1832 566; x_wconf 85' lang='lat' dir='ltr'>En.</span> 
     </span>
    </p>

    <p class='ocr_par' dir='ltr' id='par_1_7' title="bbox 1152 588 1833 739">
     <span class='ocr_line' id='line_1_10' title="bbox 1208 588 1832 634; baseline -0.005 -12"><span class='ocrx_word' id='word_1_48' title='bbox 1208 589 1242 622; x_wconf 90' lang='lat'>8.</span> <span class='ocrx_word' id='word_1_49' title='bbox 1259 588 1500 634; x_wconf 83' lang='lat' dir='ltr'><em>Tollunturque,</em></span> <span class='ocrx_word' id='word_1_50' title='bbox 1513 595 1578 621; x_wconf 90' lang='lat' dir='ltr'>etc.</span> <span class='ocrx_word' id='word_1_51' title='bbox 1592 588 1810 620; x_wconf 88' lang='lat' dir='ltr'>InVenerem</span> <span class='ocrx_word' id='word_1_52' title='bbox 1823 599 1832 627; x_wconf 79' lang='lat'>3</span> 
     </span>
     <span class='ocr_line' id='line_1_11' title="bbox 1152 640 1833 686; baseline -0.003 -12"><span class='ocrx_word' id='word_1_53' title='bbox 1152 640 1225 675; x_wconf 78' lang='lat' dir='ltr'>vid.</span> <span class='ocrx_word' id='word_1_54' title='bbox 1248 641 1312 675; x_wconf 91' lang='lat' dir='ltr'>lib.</span> <span class='ocrx_word' id='word_1_55' title='bbox 1337 642 1388 682; x_wconf 93' lang='lat' dir='ltr'>X,</span> <span class='ocrx_word' id='word_1_56' title='bbox 1408 641 1614 686; x_wconf 83' lang='lat' dir='ltr'>epigramm.</span> <span class='ocrx_word' id='word_1_57' title='bbox 1640 651 1763 680; x_wconf 74' lang='lat' dir='ltr'>1,xx›;1‚</span> <span class='ocrx_word' id='word_1_58' title='bbox 1786 651 1833 672; x_wconf 82' lang='lat' dir='ltr'>vs.</span> 
     </span>
     <span class='ocr_line' id='line_1_12' title="bbox 1158 693 1606 739; baseline -0.002 -12"><span class='ocrx_word' id='word_1_59' title='bbox 1158 699 1190 736; x_wconf 74' lang='grc'>4.</span> <span class='ocrx_word' id='word_1_60' title='bbox 1214 717 1267 721; x_wconf 88' lang='lat'>-—</span> <span class='ocrx_word' id='word_1_61' title='bbox 1286 694 1416 728; x_wconf 68' lang='lat' dir='ltr'>Grac-is.</span> <span class='ocrx_word' id='word_1_62' title='bbox 1435 693 1606 739; x_wconf 87' lang='lat' dir='ltr'>Scoptice.</span> 
     </span>
    </p>
   </div>
   <div class='ocr_carea' id='block_1_6' title="bbox 984 831 1261 888">
    <p class='ocr_par' dir='ltr' id='par_1_8' title="bbox 984 831 1261 888">
     <span class='ocr_line' id='line_1_13' title="bbox 984 831 1261 888; baseline -0.011 0"><span class='ocrx_word' id='word_1_63' title='bbox 984 831 1261 888; x_wconf 87' lang='lat' dir='ltr'>LXXII.</span> 
     </span>
    </p>
   </div>
   <div class='ocr_carea' id='block_1_7' title="bbox 991 988 1257 1016">
    <p class='ocr_par' dir='ltr' id='par_1_9' title="bbox 991 988 1257 1016">
     <span class='ocr_line' id='line_1_14' title="bbox 991 988 1257 1016; baseline -0.008 0"><span class='ocrx_word' id='word_1_64' title='bbox 991 989 1057 1016; x_wconf 89' lang='lat' dir='ltr'>DE</span> <span class='ocrx_word' id='word_1_65' title='bbox 1098 988 1257 1016; x_wconf 84' lang='lat' dir='ltr'><strong>NATA.</strong></span> 
     </span>
    </p>
   </div>
   <div class='ocr_carea' id='block_1_8' title="bbox 625 1110 1488 1242">
    <p class='ocr_par' dir='ltr' id='par_1_10' title="bbox 625 1110 1488 1242">
     <span class='ocr_line' id='line_1_15' title="bbox 625 1110 1488 1171; baseline -0.003 -15"><span class='ocrx_word' id='word_1_66' title='bbox 625 1114 816 1157; x_wconf 76' lang='lat' dir='ltr'><strong>DRAUCI</strong></span> <span class='ocrx_word' id='word_1_67' title='bbox 842 1111 959 1154; x_wconf 84' lang='lat' dir='ltr'>Nata</span> <span class='ocrx_word' id='word_1_68' title='bbox 985 1111 1049 1154; x_wconf 90' lang='lat' dir='ltr'>sui</span> <span class='ocrx_word' id='word_1_69' title='bbox 1076 1119 1207 1154; x_wconf 82' lang='lat' dir='ltr'>vocat</span> <span class='ocrx_word' id='word_1_70' title='bbox 1234 1110 1459 1171; x_wconf 83' lang='lat' dir='ltr'>pipinnam</span> <span class='ocrx_word' id='word_1_71' title='bbox 1477 1146 1488 1164; x_wconf 87' lang='lat'>‚</span> 
     </span>
     <span class='ocr_line' id='line_1_16' title="bbox 625 1180 1413 1242; baseline -0.004 -15"><span class='ocrx_word' id='word_1_72' title='bbox 625 1182 823 1227; x_wconf 75' lang='lat' dir='ltr'>Collatus</span> <span class='ocrx_word' id='word_1_73' title='bbox 850 1183 920 1226; x_wconf 88' lang='lat' dir='ltr'>cui</span> <span class='ocrx_word' id='word_1_74' title='bbox 946 1180 1100 1225; x_wconf 81' lang='lat' dir='ltr'>Gallus</span> <span class='ocrx_word' id='word_1_75' title='bbox 1127 1190 1192 1224; x_wconf 85' lang='lat' dir='ltr'>est</span> <span class='ocrx_word' id='word_1_76' title='bbox 1217 1182 1413 1242; x_wconf 84' lang='lat' dir='ltr'>Priapus.</span> 
     </span>
    </p>
   </div>
   <div class='ocr_carea' id='block_1_9' title="bbox 415 1322 1108 2708">
    <p class='ocr_par' dir='ltr' id='par_1_11' title="bbox 415 1322 1108 2708">
     <span class='ocr_line' id='line_1_17' title="bbox 473 1322 1099 1368; baseline -0.006 -11"><span class='ocrx_word' id='word_1_77' title='bbox 473 1337 500 1357; x_wconf 88' lang='lat'>1.</span> <span class='ocrx_word' id='word_1_78' title='bbox 518 1324 872 1368; x_wconf 76' lang='lat' dir='ltr'>Drauci....pipinnam.</span> <span class='ocrx_word' id='word_1_79' title='bbox 899 1322 1017 1354; x_wconf 89' lang='lat' dir='ltr'>Locus</span> <span class='ocrx_word' id='word_1_80' title='bbox 1038 1322 1099 1367; x_wconf 91' lang='lat' dir='ltr'>qui</span> 
     </span>
     <span class='ocr_line' id='line_1_18' title="bbox 420 1374 1099 1424; baseline -0.006 -13"><span class='ocrx_word' id='word_1_81' title='bbox 420 1377 613 1424; x_wconf 87' lang='lat' dir='ltr'>impeditus</span> <span class='ocrx_word' id='word_1_82' title='bbox 639 1385 673 1410; x_wconf 90' lang='lat' dir='ltr'>et</span> <span class='ocrx_word' id='word_1_83' title='bbox 693 1376 792 1409; x_wconf 89' lang='lat' dir='ltr'>nullo</span> <span class='ocrx_word' id='word_1_84' title='bbox 811 1388 883 1408; x_wconf 93' lang='lat' dir='ltr'>non</span> <span class='ocrx_word' id='word_1_85' title='bbox 905 1374 1013 1408; x_wconf 88' lang='lat' dir='ltr'>modo</span> <span class='ocrx_word' id='word_1_86' title='bbox 1031 1375 1099 1408; x_wconf 91' lang='lat' dir='ltr'>sol-</span> 
     </span>
     <span class='ocr_line' id='line_1_19' title="bbox 417 1428 1099 1474; baseline -0.006 -9"><span class='ocrx_word' id='word_1_87' title='bbox 417 1431 570 1465; x_wconf 88' lang='lat' dir='ltr'>licitatus</span> <span class='ocrx_word' id='word_1_88' title='bbox 595 1429 750 1463; x_wconf 86' lang='lat' dir='ltr'><strong>detinuit</strong></span> <span class='ocrx_word' id='word_1_89' title='bbox 775 1429 999 1474; x_wconf 77' lang='lat' dir='ltr'><strong>interpretes.</strong></span> <span class='ocrx_word' id='word_1_90' title='bbox 1029 1428 1099 1461; x_wconf 89' lang='lat' dir='ltr'>Vo-</span> 
     </span>
     <span class='ocr_line' id='line_1_20' title="bbox 417 1482 1100 1529; baseline -0.004 -12"><span class='ocrx_word' id='word_1_91' title='bbox 417 1493 507 1517; x_wconf 84' lang='lat' dir='ltr'>ratne</span> <span class='ocrx_word' id='word_1_92' title='bbox 523 1497 634 1529; x_wconf 82' lang='lat' dir='ltr'>penem</span> <span class='ocrx_word' id='word_1_93' title='bbox 655 1482 861 1517; x_wconf 85' lang='lat' dir='ltr'>Scriverius.</span> <span class='ocrx_word' id='word_1_94' title='bbox 881 1499 893 1511; x_wconf 73' lang='grc' dir='ltr'>α</span> <span class='ocrx_word' id='word_1_95' title='bbox 913 1483 955 1514; x_wconf 93' lang='lat' dir='ltr'>In</span> <span class='ocrx_word' id='word_1_96' title='bbox 973 1494 1100 1515; x_wconf 84' lang='lat' dir='ltr'>manu·</span> 
     </span>
     <span class='ocr_line' id='line_1_21' title="bbox 417 1535 1098 1584; baseline -0.009 -12"><span class='ocrx_word' id='word_1_97' title='bbox 417 1538 555 1584; x_wconf 86' lang='lat' dir='ltr'>scriptis</span> <span class='ocrx_word' id='word_1_98' title='bbox 584 1549 743 1583; x_wconf 77' lang='lat' dir='ltr'>expresse</span> <span class='ocrx_word' id='word_1_99' title='bbox 767 1536 896 1581; x_wconf 87' lang='lat' dir='ltr'>legitur</span> <span class='ocrx_word' id='word_1_100' title='bbox 916 1535 1075 1580; x_wconf 72' lang='lat' dir='ltr'>bipinnam</span> <span class='ocrx_word' id='word_1_101' title='bbox 1088 1561 1098 1575; x_wconf 90' lang='lat'><strong><em>,</em></strong></span> 
     </span>
     <span class='ocr_line' id='line_1_22' title="bbox 417 1587 1102 1637; baseline -0.007 -12"><span class='ocrx_word' id='word_1_102' title='bbox 417 1605 523 1637; x_wconf 74' lang='lat' dir='ltr'>quam</span> <span class='ocrx_word' id='word_1_103' title='bbox 539 1603 661 1624; x_wconf 89' lang='lat' dir='ltr'>vocem</span> <span class='ocrx_word' id='word_1_104' title='bbox 676 1598 715 1623; x_wconf 88' lang='lat' dir='ltr'>ut</span> <span class='ocrx_word' id='word_1_105' title='bbox 728 1597 881 1634; x_wconf 79' lang='lat' dir='ltr'>exponat</span> <span class='ocrx_word' id='word_1_106' title='bbox 900 1614 908 1628; x_wconf 91' lang='lat'><strong>‚</strong></span> <span class='ocrx_word' id='word_1_107' title='bbox 931 1587 987 1622; x_wconf 85' lang='lat' dir='ltr'>adi</span> <span class='ocrx_word' id='word_1_108' title='bbox 1010 1589 1102 1621; x_wconf 88' lang='lat' dir='ltr'>Tur-</span> 
     </span>
     <span class='ocr_line' id='line_1_23' title="bbox 415 1641 1102 1683; baseline -0.007 -4"><span class='ocrx_word' id='word_1_109' title='bbox 415 1647 563 1683; x_wconf 87' lang='lat' dir='ltr'>nebum,</span> <span class='ocrx_word' id='word_1_110' title='bbox 583 1643 850 1683; x_wconf 82' lang='lat' dir='ltr'>Advers.VIII,</span> <span class='ocrx_word' id='word_1_111' title='bbox 876 1647 908 1683; x_wconf 78' lang='grc'>4.</span> <span class='ocrx_word' id='word_1_112' title='bbox 930 1660 943 1671; x_wconf 72' lang='grc' dir='ltr'>ι»</span> <span class='ocrx_word' id='word_1_113' title='bbox 970 1641 1043 1674; x_wconf 90' lang='lat' dir='ltr'>MS.</span> <span class='ocrx_word' id='word_1_114' title='bbox 1065 1641 1102 1674; x_wconf 86' lang='lat' dir='ltr'>in</span> 
     </span>
     <span class='ocr_line' id='line_1_24' title="bbox 419 1695 1103 1744; baseline -0.007 -12"><span class='ocrx_word' id='word_1_115' title='bbox 419 1711 528 1744; x_wconf 79' lang='lat' dir='ltr'>marg.</span> <span class='ocrx_word' id='word_1_116' title='bbox 537 1697 592 1732; x_wconf 87' lang='lat' dir='ltr'>ed.</span> <span class='ocrx_word' id='word_1_117' title='bbox 604 1698 683 1730; x_wconf 83' lang='lat' dir='ltr'>Par.</span> <span class='ocrx_word' id='word_1_118' title='bbox 697 1699 793 1741; x_wconf 84' lang='lat'>1617.</span> <span class='ocrx_word' id='word_1_119' title='bbox 805 1697 977 1741; x_wconf 77' lang='lat' dir='ltr'>Pipinnam</span> <span class='ocrx_word' id='word_1_120' title='bbox 990 1695 1103 1739; x_wconf 82' lang='lat' dir='ltr'>placet</span> 
     </span>
     <span class='ocr_line' id='line_1_25' title="bbox 419 1749 1102 1787; baseline -0.009 0"><span class='ocrx_word' id='word_1_121' title='bbox 419 1751 623 1787; x_wconf 84' lang='lat' dir='ltr'>Calderino.</span> <span class='ocrx_word' id='word_1_122' title='bbox 645 1749 730 1783; x_wconf 85' lang='lat' dir='ltr'>Vid.</span> <span class='ocrx_word' id='word_1_123' title='bbox 757 1750 841 1783; x_wconf 89' lang='lat' dir='ltr'>Not.</span> <span class='ocrx_word' id='word_1_124' title='bbox 869 1749 931 1782; x_wconf 87' lang='lat' dir='ltr'>inf.</span> <span class='ocrx_word' id='word_1_125' title='bbox 963 1750 1102 1782; x_wconf 88' lang='lat' dir='ltr'>Turne-</span> 
     </span>
     <span class='ocr_line' id='line_1_26' title="bbox 419 1801 1103 1852; baseline -0.01 -11"><span class='ocrx_word' id='word_1_126' title='bbox 419 1807 484 1840; x_wconf 86' lang='lat' dir='ltr'>bus</span> <span class='ocrx_word' id='word_1_127' title='bbox 494 1817 598 1852; x_wconf 92' lang='lat' dir='ltr'>quem</span> <span class='ocrx_word' id='word_1_128' title='bbox 608 1806 678 1849; x_wconf 84' lang='lat' dir='ltr'>jam</span> <span class='ocrx_word' id='word_1_129' title='bbox 689 1804 790 1836; x_wconf 85' lang='lat' dir='ltr'>citav.</span> <span class='ocrx_word' id='word_1_130' title='bbox 801 1828 810 1843; x_wconf 87' lang='lat'>,</span> <span class='ocrx_word' id='word_1_131' title='bbox 821 1801 955 1836; x_wconf 86' lang='lat' dir='ltr'>Advers</span> <span class='ocrx_word' id='word_1_132' title='bbox 966 1802 1085 1835; x_wconf 69' lang='lat' dir='ltr'>LVIII</span> <span class='ocrx_word' id='word_1_133' title='bbox 1094 1828 1103 1844; x_wconf 86' lang='lat'><strong>,</strong></span> 
     </span>
     <span class='ocr_line' id='line_1_27' title="bbox 420 1856 1103 1906; baseline -0.007 -12"><span class='ocrx_word' id='word_1_134' title='bbox 420 1872 496 1906; x_wconf 88' lang='lat' dir='ltr'>cap.</span> <span class='ocrx_word' id='word_1_135' title='bbox 512 1863 532 1900; x_wconf 79' lang='grc'><em>4</em></span> <span class='ocrx_word' id='word_1_136' title='bbox 547 1859 712 1904; x_wconf 84' lang='lat' dir='ltr'>bipennam</span> <span class='ocrx_word' id='word_1_137' title='bbox 728 1857 822 1902; x_wconf 87' lang='lat' dir='ltr'>legit.</span> <span class='ocrx_word' id='word_1_138' title='bbox 841 1856 1007 1889; x_wconf 78' lang='lat' dir='ltr'>Ft&#39;simmm</span> <span class='ocrx_word' id='word_1_139' title='bbox 1020 1868 1103 1902; x_wconf 88' lang='lat' dir='ltr'>pro-</span> 
     </span>
     <span class='ocr_line' id='line_1_28' title="bbox 421 1909 1104 1960; baseline -0.009 -13"><span class='ocrx_word' id='word_1_140' title='bbox 421 1913 523 1960; x_wconf 86' lang='lat' dir='ltr'>ponit</span> <span class='ocrx_word' id='word_1_141' title='bbox 545 1912 654 1945; x_wconf 84' lang='lat' dir='ltr'>Janus</span> <span class='ocrx_word' id='word_1_142' title='bbox 680 1909 906 1955; x_wconf 72' lang='lat' dir='ltr'>Rutgersiu5‚</span> <span class='ocrx_word' id='word_1_143' title='bbox 932 1917 972 1942; x_wconf 89' lang='lat' dir='ltr'>ut</span> <span class='ocrx_word' id='word_1_144' title='bbox 989 1910 1104 1942; x_wconf 85' lang='lat' dir='ltr'>Labeo</span> 
     </span>
     <span class='ocr_line' id='line_1_29' title="bbox 421 1962 1104 2013; baseline -0.01 -12"><span class='ocrx_word' id='word_1_145' title='bbox 421 1965 515 2013; x_wconf 81' lang='lat' dir='ltr'>apud</span> <span class='ocrx_word' id='word_1_146' title='bbox 543 1973 698 1998; x_wconf 87' lang='lat' dir='ltr'>veterem</span> <span class='ocrx_word' id='word_1_147' title='bbox 731 1962 947 1996; x_wconf 74' lang='lat' dir='ltr'>Scholiasten</span> <span class='ocrx_word' id='word_1_148' title='bbox 972 1962 1104 2003; x_wconf 87' lang='lat' dir='ltr'>Persii,</span> 
     </span>
     <span class='ocr_line' id='line_1_30' title="bbox 426 2015 1103 2055; baseline -0.01 -1"><span class='ocrx_word' id='word_1_149' title='bbox 426 2039 440 2051; x_wconf 73' lang='grc' dir='ltr'>«ι</span> <span class='ocrx_word' id='word_1_150' title='bbox 457 2018 616 2055; x_wconf 90' lang='lat' dir='ltr'>Crudum</span> <span class='ocrx_word' id='word_1_151' title='bbox 659 2015 848 2050; x_wconf 84' lang='lat' dir='ltr'>manduces</span> <span class='ocrx_word' id='word_1_152' title='bbox 887 2016 1067 2049; x_wconf 81' lang='lat' dir='ltr'><strong>Priamum</strong></span> <span class='ocrx_word' id='word_1_153' title='bbox 1092 2039 1103 2055; x_wconf 80' lang='lat'>‚</span> 
     </span>
     <span class='ocr_line' id='line_1_31' title="bbox 420 2068 1102 2118; baseline -0.01 -10"><span class='ocrx_word' id='word_1_154' title='bbox 420 2073 626 2118; x_wconf 75' lang='lat' dir='ltr'>Priamique</span> <span class='ocrx_word' id='word_1_155' title='bbox 636 2071 792 2117; x_wconf 89' lang='lat' dir='ltr'>pisinnos</span> <span class='ocrx_word' id='word_1_156' title='bbox 801 2087 813 2099; x_wconf 75' lang='lat' dir='ltr'>r·</span> <span class='ocrx_word' id='word_1_157' title='bbox 828 2068 865 2102; x_wconf 89' lang='lat' dir='ltr'>id</span> <span class='ocrx_word' id='word_1_158' title='bbox 876 2077 946 2110; x_wconf 88' lang='lat' dir='ltr'>est,</span> <span class='ocrx_word' id='word_1_159' title='bbox 959 2081 1102 2115; x_wconf 84' lang='lat' dir='ltr'>pueros,</span> 
     </span>
     <span class='ocr_line' id='line_1_32' title="bbox 421 2121 1104 2170; baseline -0.009 -9"><span class='ocrx_word' id='word_1_160' title='bbox 421 2128 523 2161; x_wconf 82' lang='lat' dir='ltr'>filios.</span> <span class='ocrx_word' id='word_1_161' title='bbox 542 2124 627 2158; x_wconf 86' lang='lat' dir='ltr'>Vid.</span> <span class='ocrx_word' id='word_1_162' title='bbox 659 2125 763 2170; x_wconf 80' lang='lat' dir='ltr'>Casp.</span> <span class='ocrx_word' id='word_1_163' title='bbox 794 2123 930 2156; x_wconf 77' lang='lat' dir='ltr'>Barthii</span> <span class='ocrx_word' id='word_1_164' title='bbox 958 2121 1104 2156; x_wconf 77' lang='lat' dir='ltr'>Advers.</span> 
     </span>
     <span class='ocr_line' id='line_1_33' title="bbox 421 2175 1104 2224; baseline -0.009 -10"><span class='ocrx_word' id='word_1_165' title='bbox 421 2181 482 2214; x_wconf 89' lang='lat' dir='ltr'>lib.</span> <span class='ocrx_word' id='word_1_166' title='bbox 502 2180 541 2221; x_wconf 90' lang='lat' dir='ltr'>I,</span> <span class='ocrx_word' id='word_1_167' title='bbox 560 2192 637 2224; x_wconf 81' lang='lat' dir='ltr'>cap.</span> <span class='ocrx_word' id='word_1_168' title='bbox 655 2180 689 2212; x_wconf 88' lang='grc'>6.</span> <span class='ocrx_word' id='word_1_169' title='bbox 713 2178 823 2210; x_wconf 88' lang='lat' dir='ltr'>Janus</span> <span class='ocrx_word' id='word_1_170' title='bbox 842 2175 1046 2210; x_wconf 82' lang='lat' dir='ltr'>Parrhasius</span> <span class='ocrx_word' id='word_1_171' title='bbox 1069 2176 1104 2208; x_wconf 91' lang='lat' dir='ltr'>in</span> 
     </span>
     <span class='ocr_line' id='line_1_34' title="bbox 422 2228 1102 2268; baseline -0.009 0"><span class='ocrx_word' id='word_1_172' title='bbox 422 2236 508 2268; x_wconf 88' lang='lat' dir='ltr'>Var.</span> <span class='ocrx_word' id='word_1_173' title='bbox 532 2234 665 2266; x_wconf 88' lang='lat' dir='ltr'>Annot.</span> <span class='ocrx_word' id='word_1_174' title='bbox 692 2239 724 2264; x_wconf 84' lang='lat' dir='ltr'>et</span> <span class='ocrx_word' id='word_1_175' title='bbox 752 2230 879 2264; x_wconf 88' lang='lat' dir='ltr'>Caelius</span> <span class='ocrx_word' id='word_1_176' title='bbox 904 2228 1021 2263; x_wconf 87' lang='lat' dir='ltr'>Rhod.</span> <span class='ocrx_word' id='word_1_177' title='bbox 1043 2229 1102 2262; x_wconf 87' lang='lat' dir='ltr'>lib.</span> 
     </span>
     <span class='ocr_line' id='line_1_35' title="bbox 421 2286 1104 2332; baseline -0.01 -10"><span class='ocrx_word' id='word_1_178' title='bbox 421 2289 487 2330; x_wconf 85' lang='lat' dir='ltr'>IV,</span> <span class='ocrx_word' id='word_1_179' title='bbox 509 2299 583 2332; x_wconf 85' lang='lat' dir='ltr'>cap.</span> <span class='ocrx_word' id='word_1_180' title='bbox 603 2289 623 2319; x_wconf 78' lang='lat'><strong>6</strong></span> <span class='ocrx_word' id='word_1_181' title='bbox 638 2311 648 2326; x_wconf 74' lang='grc'>,</span> <span class='ocrx_word' id='word_1_182' title='bbox 667 2286 788 2330; x_wconf 83' lang='lat' dir='ltr'>legunt</span> <span class='ocrx_word' id='word_1_183' title='bbox 809 2296 976 2329; x_wconf 64' lang='lat' dir='ltr'>Qvepenenz,</span> <span class='ocrx_word' id='word_1_184' title='bbox 998 2296 1104 2328; x_wconf 79' lang='lat' dir='ltr'>expo·</span> 
     </span>
     <span class='ocr_line' id='line_1_36' title="bbox 421 2337 1105 2386; baseline -0.01 -10"><span class='ocrx_word' id='word_1_185' title='bbox 421 2350 583 2386; x_wconf 84' lang='lat' dir='ltr'>numque</span> <span class='ocrx_word' id='word_1_186' title='bbox 605 2352 612 2373; x_wconf 89' lang='grc'>;</span> <span class='ocrx_word' id='word_1_187' title='bbox 636 2339 725 2372; x_wconf 84' lang='lat' dir='ltr'>Nata</span> <span class='ocrx_word' id='word_1_188' title='bbox 752 2346 888 2371; x_wconf 85' lang='lat' dir='ltr'>vastum</span> <span class='ocrx_word' id='word_1_189' title='bbox 910 2337 1105 2370; x_wconf 82' lang='lat' dir='ltr'>subactoris</span> 
     </span>
     <span class='ocr_line' id='line_1_37' title="bbox 422 2391 1104 2436; baseline -0.01 -7"><span class='ocrx_word' id='word_1_190' title='bbox 422 2396 474 2430; x_wconf 84' lang='lat' dir='ltr'>sui</span> <span class='ocrx_word' id='word_1_191' title='bbox 494 2394 614 2433; x_wconf 86' lang='lat' dir='ltr'>virile,</span> <span class='ocrx_word' id='word_1_192' title='bbox 642 2391 857 2426; x_wconf 86' lang='lat' dir='ltr'>diminutivo</span> <span class='ocrx_word' id='word_1_193' title='bbox 877 2391 1022 2424; x_wconf 86' lang='lat' dir='ltr'>nomine</span> <span class='ocrx_word' id='word_1_194' title='bbox 1044 2403 1104 2436; x_wconf 80' lang='lat' dir='ltr'>ap-</span> 
     </span>
     <span class='ocr_line' id='line_1_38' title="bbox 421 2438 1104 2495; baseline -0.007 -13"><span class='ocrx_word' id='word_1_195' title='bbox 421 2449 526 2495; x_wconf 78' lang='lat' dir='ltr'>pellat</span> <span class='ocrx_word' id='word_1_196' title='bbox 541 2459 712 2493; x_wconf 81' lang='lat' dir='ltr'>vepenem</span> <span class='ocrx_word' id='word_1_197' title='bbox 726 2473 735 2487; x_wconf 89' lang='lat'>‚</span> <span class='ocrx_word' id='word_1_198' title='bbox 747 2445 770 2478; x_wconf 91' lang='lat' dir='ltr'>i.</span> <span class='ocrx_word' id='word_1_199' title='bbox 784 2457 815 2478; x_wconf 86' lang='lat' dir='ltr'>e.</span> <span class='ocrx_word' id='word_1_200' title='bbox 827 2438 840 2487; x_wconf 80' lang='grc'>&lt;</span> <span class='ocrx_word' id='word_1_201' title='bbox 850 2457 930 2477; x_wconf 82' lang='lat' dir='ltr'>nam</span> <span class='ocrx_word' id='word_1_202' title='bbox 944 2458 985 2476; x_wconf 71' lang='lat' dir='ltr'>ve</span> <span class='ocrx_word' id='word_1_203' title='bbox 997 2444 1104 2490; x_wconf 84' lang='lat' dir='ltr'>parti-</span> 
     </span>
     <span class='ocr_line' id='line_1_39' title="bbox 419 2497 1107 2546; baseline -0.01 -9"><span class='ocrx_word' id='word_1_204' title='bbox 419 2503 496 2537; x_wconf 82' lang='lat' dir='ltr'>cula</span> <span class='ocrx_word' id='word_1_205' title='bbox 519 2509 568 2535; x_wconf 81' lang='lat' dir='ltr'>est</span> <span class='ocrx_word' id='word_1_206' title='bbox 585 2513 653 2546; x_wconf 82' lang='lat' dir='ltr'>qua</span> <span class='ocrx_word' id='word_1_207' title='bbox 669 2498 861 2532; x_wconf 89' lang='lat' dir='ltr'>diminutio</span> <span class='ocrx_word' id='word_1_208' title='bbox 877 2498 982 2543; x_wconf 87' lang='lat' dir='ltr'>vulgo</span> <span class='ocrx_word' id='word_1_209' title='bbox 999 2497 1107 2543; x_wconf 84' lang='lat' dir='ltr'>signi-</span> 
     </span>
     <span class='ocr_line' id='line_1_40' title="bbox 424 2551 1105 2599; baseline -0.009 -9"><span class='ocrx_word' id='word_1_210' title='bbox 424 2553 574 2594; x_wconf 73' lang='lat' dir='ltr'>fleatur)</span> <span class='ocrx_word' id='word_1_211' title='bbox 596 2554 784 2599; x_wconf 83' lang='lat' dir='ltr'>parvulum</span> <span class='ocrx_word' id='word_1_212' title='bbox 810 2564 936 2597; x_wconf 86' lang='lat' dir='ltr'>penem</span> <span class='ocrx_word' id='word_1_213' title='bbox 950 2576 959 2592; x_wconf 90' lang='lat'>‚</span> <span class='ocrx_word' id='word_1_214' title='bbox 979 2551 1033 2584; x_wconf 82' lang='lat' dir='ltr'>cui</span> <span class='ocrx_word' id='word_1_215' title='bbox 1059 2559 1105 2585; x_wconf 81' lang='lat' dir='ltr'>ta-</span> 
     </span>
     <span class='ocr_line' id='line_1_41' title="bbox 425 2602 1104 2651; baseline -0.01 -7"><span class='ocrx_word' id='word_1_216' title='bbox 425 2623 505 2644; x_wconf 89' lang='lat' dir='ltr'>men</span> <span class='ocrx_word' id='word_1_217' title='bbox 517 2609 545 2642; x_wconf 87' lang='lat' dir='ltr'>si</span> <span class='ocrx_word' id='word_1_218' title='bbox 555 2607 712 2641; x_wconf 81' lang='lat' dir='ltr'>conseras</span> <span class='ocrx_word' id='word_1_219' title='bbox 722 2606 887 2651; x_wconf 78' lang='lat' dir='ltr'>Priapum</span> <span class='ocrx_word' id='word_1_220' title='bbox 898 2605 1011 2650; x_wconf 81' lang='lat' dir='ltr'>ipsum</span> <span class='ocrx_word' id='word_1_221' title='bbox 1024 2602 1104 2643; x_wconf 83' lang='lat' dir='ltr'>(lib.</span> 
     </span>
     <span class='ocr_line' id='line_1_42' title="bbox 426 2657 1108 2708; baseline -0.009 -11"><span class='ocrx_word' id='word_1_222' title='bbox 426 2666 462 2705; x_wconf 85' lang='lat' dir='ltr'>l,</span> <span class='ocrx_word' id='word_1_223' title='bbox 485 2676 539 2708; x_wconf 73' lang='lat' dir='ltr'>ep.</span> <span class='ocrx_word' id='word_1_224' title='bbox 566 2672 688 2699; x_wconf 79' lang='lat' dir='ltr'>xxxvl,</span> <span class='ocrx_word' id='word_1_225' title='bbox 709 2673 743 2693; x_wconf 71' lang='lat' dir='ltr'>v.</span> <span class='ocrx_word' id='word_1_226' title='bbox 771 2657 834 2699; x_wconf 77' lang='lat'>¹5)</span> <span class='ocrx_word' id='word_1_227' title='bbox 852 2657 1014 2692; x_wconf 73' lang='lat' dir='ltr'>videatur</span> <span class='ocrx_word' id='word_1_228' title='bbox 1038 2671 1108 2703; x_wconf 67' lang='grc' dir='ltr'>[πω</span> 
     </span>
    </p>
   </div>
   <div class='ocr_carea' id='block_1_10' title="bbox 1159 1320 1852 2696">
    <p class='ocr_par' dir='ltr' id='par_1_12' title="bbox 1159 1320 1852 2696">
     <span class='ocr_line' id='line_1_43' title="bbox 1159 1320 1843 1368; baseline 0.001 -14"><span class='ocrx_word' id='word_1_229' title='bbox 1159 1321 1229 1354; x_wconf 90' lang='lat' dir='ltr'>hoc</span> <span class='ocrx_word' id='word_1_230' title='bbox 1241 1320 1343 1355; x_wconf 85' lang='lat' dir='ltr'>Gallo</span> <span class='ocrx_word' id='word_1_231' title='bbox 1355 1321 1724 1368; x_wconf 62' lang='lat' dir='ltr'>eviratus—Optime</span> <span class='ocrx_word' id='word_1_232' title='bbox 1734 1322 1843 1355; x_wconf 78' lang='lat' dir='ltr'>Janus</span> 
     </span>
     <span class='ocr_line' id='line_1_44' title="bbox 1161 1374 1846 1421; baseline 0 -13"><span class='ocrx_word' id='word_1_233' title='bbox 1161 1383 1196 1408; x_wconf 88' lang='lat' dir='ltr'>et</span> <span class='ocrx_word' id='word_1_234' title='bbox 1215 1374 1366 1416; x_wconf 75' lang='lat' dir='ltr'>Caelius,</span> <span class='ocrx_word' id='word_1_235' title='bbox 1390 1376 1522 1421; x_wconf 89' lang='lat' dir='ltr'>quippe</span> <span class='ocrx_word' id='word_1_236' title='bbox 1540 1375 1601 1420; x_wconf 88' lang='lat' dir='ltr'>qui</span> <span class='ocrx_word' id='word_1_237' title='bbox 1624 1388 1699 1408; x_wconf 89' lang='lat' dir='ltr'>rem</span> <span class='ocrx_word' id='word_1_238' title='bbox 1719 1383 1753 1408; x_wconf 88' lang='lat' dir='ltr'>et</span> <span class='ocrx_word' id='word_1_239' title='bbox 1769 1387 1846 1408; x_wconf 87' lang='lat' dir='ltr'>sen-</span> 
     </span>
     <span class='ocr_line' id='line_1_45' title="bbox 1161 1427 1843 1474; baseline -0.003 -12"><span class='ocrx_word' id='word_1_240' title='bbox 1161 1441 1240 1462; x_wconf 86' lang='lat' dir='ltr'>sum</span> <span class='ocrx_word' id='word_1_241' title='bbox 1263 1440 1326 1461; x_wconf 80' lang='lat' dir='ltr'>acu</span> <span class='ocrx_word' id='word_1_242' title='bbox 1348 1429 1505 1474; x_wconf 86' lang='lat' dir='ltr'>tetigere.</span> <span class='ocrx_word' id='word_1_243' title='bbox 1534 1430 1579 1461; x_wconf 70' lang='lat' dir='ltr'>At</span> <span class='ocrx_word' id='word_1_244' title='bbox 1604 1427 1649 1461; x_wconf 87' lang='lat' dir='ltr'>de</span> <span class='ocrx_word' id='word_1_245' title='bbox 1667 1429 1843 1473; x_wconf 80' lang='lat' dir='ltr'>scriptura</span> 
     </span>
     <span class='ocr_line' id='line_1_46' title="bbox 1161 1481 1844 1527; baseline 0 -13"><span class='ocrx_word' id='word_1_246' title='bbox 1161 1481 1345 1514; x_wconf 82' lang='lat' dir='ltr'>falluntur.</span> <span class='ocrx_word' id='word_1_247' title='bbox 1367 1481 1465 1523; x_wconf 89' lang='lat' dir='ltr'>Quid</span> <span class='ocrx_word' id='word_1_248' title='bbox 1484 1482 1577 1515; x_wconf 83' lang='lat' dir='ltr'>enim</span> <span class='ocrx_word' id='word_1_249' title='bbox 1596 1490 1732 1515; x_wconf 83' lang='lat' dir='ltr'>mutato</span> <span class='ocrx_word' id='word_1_250' title='bbox 1755 1494 1844 1527; x_wconf 90' lang='lat' dir='ltr'>opus</span> 
     </span>
     <span class='ocr_line' id='line_1_47' title="bbox 1162 1533 1845 1580; baseline 0.001 -13"><span class='ocrx_word' id='word_1_251' title='bbox 1162 1534 1234 1568; x_wconf 79' lang='lat' dir='ltr'>est?</span> <span class='ocrx_word' id='word_1_252' title='bbox 1253 1533 1350 1568; x_wconf 84' lang='lat' dir='ltr'>Idem</span> <span class='ocrx_word' id='word_1_253' title='bbox 1377 1535 1435 1568; x_wconf 91' lang='lat' dir='ltr'>hic</span> <span class='ocrx_word' id='word_1_254' title='bbox 1466 1544 1516 1568; x_wconf 87' lang='lat' dir='ltr'>est</span> <span class='ocrx_word' id='word_1_255' title='bbox 1538 1534 1656 1580; x_wconf 87' lang='lat' dir='ltr'>quoad</span> <span class='ocrx_word' id='word_1_256' title='bbox 1682 1547 1821 1568; x_wconf 79' lang='lat' dir='ltr'>sensum</span> <span class='ocrx_word' id='word_1_257' title='bbox 1836 1561 1845 1576; x_wconf 91' lang='lat'><strong><em>‚</em></strong></span> 
     </span>
     <span class='ocr_line' id='line_1_48' title="bbox 1161 1588 1845 1638; baseline 0.003 -18"><span class='ocrx_word' id='word_1_258' title='bbox 1161 1601 1309 1633; x_wconf 66' lang='lat' dir='ltr'>vepefzem</span> <span class='ocrx_word' id='word_1_259' title='bbox 1336 1595 1371 1621; x_wconf 91' lang='lat' dir='ltr'>et</span> <span class='ocrx_word' id='word_1_260' title='bbox 1400 1590 1578 1638; x_wconf 66' lang='lat' dir='ltr'>pipinnum.</span> <span class='ocrx_word' id='word_1_261' title='bbox 1598 1589 1644 1621; x_wconf 88' lang='lat' dir='ltr'>At</span> <span class='ocrx_word' id='word_1_262' title='bbox 1669 1588 1736 1622; x_wconf 90' lang='lat' dir='ltr'>hoc</span> <span class='ocrx_word' id='word_1_263' title='bbox 1763 1588 1845 1622; x_wconf 82' lang='lat' dir='ltr'>licet</span> 
     </span>
     <span class='ocr_line' id='line_1_49' title="bbox 1162 1641 1845 1686; baseline 0 -12"><span class='ocrx_word' id='word_1_264' title='bbox 1162 1641 1279 1674; x_wconf 86' lang='lat' dir='ltr'>minus</span> <span class='ocrx_word' id='word_1_265' title='bbox 1307 1641 1480 1683; x_wconf 84' lang='lat' dir='ltr'>latinum,</span> <span class='ocrx_word' id='word_1_266' title='bbox 1512 1641 1692 1686; x_wconf 77' lang='lat' dir='ltr'>elegantiae</span> <span class='ocrx_word' id='word_1_267' title='bbox 1728 1642 1845 1674; x_wconf 84' lang='lat' dir='ltr'>forsan</span> 
     </span>
     <span class='ocr_line' id='line_1_50' title="bbox 1162 1695 1845 1741; baseline 0.001 -14"><span class='ocrx_word' id='word_1_268' title='bbox 1162 1695 1242 1741; x_wconf 88' lang='lat' dir='ltr'>plus</span> <span class='ocrx_word' id='word_1_269' title='bbox 1273 1695 1400 1736; x_wconf 81' lang='lat' dir='ltr'>habet,</span> <span class='ocrx_word' id='word_1_270' title='bbox 1431 1703 1465 1729; x_wconf 87' lang='lat' dir='ltr'>et</span> <span class='ocrx_word' id='word_1_271' title='bbox 1492 1695 1633 1728; x_wconf 88' lang='lat' dir='ltr'>feminei</span> <span class='ocrx_word' id='word_1_272' title='bbox 1662 1695 1845 1740; x_wconf 74' lang='lat' dir='ltr'>gannitus,</span> 
     </span>
     <span class='ocr_line' id='line_1_51' title="bbox 1163 1747 1846 1794; baseline 0 -13"><span class='ocrx_word' id='word_1_273' title='bbox 1163 1761 1234 1794; x_wconf 90' lang='lat' dir='ltr'>quo</span> <span class='ocrx_word' id='word_1_274' title='bbox 1257 1747 1402 1794; x_wconf 87' lang='lat' dir='ltr'>quidem</span> <span class='ocrx_word' id='word_1_275' title='bbox 1426 1748 1545 1793; x_wconf 85' lang='lat' dir='ltr'>lingua</span> <span class='ocrx_word' id='word_1_276' title='bbox 1569 1747 1763 1781; x_wconf 84' lang='lat' dir='ltr'>identidem</span> <span class='ocrx_word' id='word_1_277' title='bbox 1786 1761 1846 1781; x_wconf 81' lang='lat' dir='ltr'>va·</span> 
     </span>
     <span class='ocr_line' id='line_1_52' title="bbox 1164 1801 1847 1847; baseline -0.001 -13"><span class='ocrx_word' id='word_1_278' title='bbox 1164 1802 1274 1835; x_wconf 83' lang='lat' dir='ltr'>riatur</span> <span class='ocrx_word' id='word_1_279' title='bbox 1302 1810 1336 1834; x_wconf 90' lang='lat' dir='ltr'>et</span> <span class='ocrx_word' id='word_1_280' title='bbox 1366 1802 1483 1835; x_wconf 86' lang='lat' dir='ltr'>verbis</span> <span class='ocrx_word' id='word_1_281' title='bbox 1513 1801 1614 1835; x_wconf 90' lang='lat' dir='ltr'>novis</span> <span class='ocrx_word' id='word_1_282' title='bbox 1646 1801 1847 1847; x_wconf 64' lang='lat' dir='ltr'>opulescst,</span> 
     </span>
     <span class='ocr_line' id='line_1_53' title="bbox 1163 1853 1847 1901; baseline 0 -13"><span class='ocrx_word' id='word_1_283' title='bbox 1163 1855 1340 1889; x_wconf 82' lang='lat' dir='ltr'>lasciviam</span> <span class='ocrx_word' id='word_1_284' title='bbox 1363 1855 1472 1901; x_wconf 84' lang='lat' dir='ltr'>magis</span> <span class='ocrx_word' id='word_1_285' title='bbox 1491 1853 1646 1889; x_wconf 86' lang='lat' dir='ltr'>denotat.</span> <span class='ocrx_word' id='word_1_286' title='bbox 1669 1854 1767 1888; x_wconf 87' lang='lat' dir='ltr'>Idem</span> <span class='ocrx_word' id='word_1_287' title='bbox 1780 1880 1790 1895; x_wconf 89' lang='lat'><strong>‚</strong></span> <span class='ocrx_word' id='word_1_288' title='bbox 1807 1863 1847 1888; x_wconf 92' lang='lat' dir='ltr'>ut</span> 
     </span>
     <span class='ocr_line' id='line_1_54' title="bbox 1165 1906 1847 1954; baseline 0 -13"><span class='ocrx_word' id='word_1_289' title='bbox 1165 1916 1261 1954; x_wconf 84' lang='lat' dir='ltr'>patet</span> <span class='ocrx_word' id='word_1_290' title='bbox 1281 1907 1326 1941; x_wconf 87' lang='lat' dir='ltr'>de</span> <span class='ocrx_word' id='word_1_291' title='bbox 1352 1909 1537 1948; x_wconf 69' lang='grc' dir='ltr'>Ρίςιήηαηι,</span> <span class='ocrx_word' id='word_1_292' title='bbox 1572 1907 1719 1942; x_wconf 84' lang='lat' dir='ltr'>dixerim</span> <span class='ocrx_word' id='word_1_293' title='bbox 1751 1906 1847 1954; x_wconf 91' lang='lat' dir='ltr'>quod</span> 
     </span>
     <span class='ocr_line' id='line_1_55' title="bbox 1166 1961 1845 2008; baseline -0.001 -13"><span class='ocrx_word' id='word_1_294' title='bbox 1166 1962 1283 1995; x_wconf 84' lang='lat' dir='ltr'>minus</span> <span class='ocrx_word' id='word_1_295' title='bbox 1301 1962 1469 2004; x_wconf 85' lang='lat' dir='ltr'>facetum,</span> <span class='ocrx_word' id='word_1_296' title='bbox 1484 1970 1518 1995; x_wconf 89' lang='lat' dir='ltr'>et</span> <span class='ocrx_word' id='word_1_297' title='bbox 1537 1974 1661 2008; x_wconf 85' lang='lat' dir='ltr'>parum</span> <span class='ocrx_word' id='word_1_298' title='bbox 1676 1961 1824 1995; x_wconf 80' lang='lat' dir='ltr'>latinum</span> <span class='ocrx_word' id='word_1_299' title='bbox 1835 1986 1845 2002; x_wconf 82' lang='grc'>,</span> 
     </span>
     <span class='ocr_line' id='line_1_56' title="bbox 1165 2015 1848 2061; baseline -0.001 -12"><span class='ocrx_word' id='word_1_300' title='bbox 1165 2027 1282 2061; x_wconf 88' lang='lat' dir='ltr'>neque</span> <span class='ocrx_word' id='word_1_301' title='bbox 1308 2029 1389 2049; x_wconf 85' lang='lat' dir='ltr'>sane</span> <span class='ocrx_word' id='word_1_302' title='bbox 1415 2016 1483 2049; x_wconf 84' lang='lat' dir='ltr'>alio</span> <span class='ocrx_word' id='word_1_303' title='bbox 1509 2015 1545 2048; x_wconf 91' lang='lat' dir='ltr'>in</span> <span class='ocrx_word' id='word_1_304' title='bbox 1570 2016 1648 2049; x_wconf 89' lang='lat' dir='ltr'>loco</span> <span class='ocrx_word' id='word_1_305' title='bbox 1673 2015 1848 2061; x_wconf 87' lang='lat' dir='ltr'>reperitur</span> 
     </span>
     <span class='ocr_line' id='line_1_57' title="bbox 1165 2067 1848 2115; baseline -0.003 -13"><span class='ocrx_word' id='word_1_306' title='bbox 1165 2081 1272 2115; x_wconf 82' lang='lat' dir='ltr'>quam</span> <span class='ocrx_word' id='word_1_307' title='bbox 1292 2070 1328 2102; x_wconf 90' lang='lat' dir='ltr'>in</span> <span class='ocrx_word' id='word_1_308' title='bbox 1349 2070 1461 2102; x_wconf 76' lang='lat' dir='ltr'>veteri</span> <span class='ocrx_word' id='word_1_309' title='bbox 1484 2077 1519 2102; x_wconf 87' lang='lat' dir='ltr'>et</span> <span class='ocrx_word' id='word_1_310' title='bbox 1543 2068 1685 2114; x_wconf 86' lang='lat' dir='ltr'>quidem</span> <span class='ocrx_word' id='word_1_311' title='bbox 1709 2067 1848 2101; x_wconf 79' lang='lat' dir='ltr'>ridiculi</span> 
     </span>
     <span class='ocr_line' id='line_1_58' title="bbox 1165 2122 1848 2168; baseline -0.001 -13"><span class='ocrx_word' id='word_1_312' title='bbox 1165 2131 1278 2168; x_wconf 85' lang='lat' dir='ltr'>poetae</span> <span class='ocrx_word' id='word_1_313' title='bbox 1304 2122 1524 2168; x_wconf 83' lang='lat' dir='ltr'>fragmentO‚</span> <span class='ocrx_word' id='word_1_314' title='bbox 1545 2134 1661 2168; x_wconf 89' lang='lat' dir='ltr'>neque</span> <span class='ocrx_word' id='word_1_315' title='bbox 1693 2133 1848 2167; x_wconf 82' lang='lat' dir='ltr'>unquam</span> 
     </span>
     <span class='ocr_line' id='line_1_59' title="bbox 1166 2176 1852 2221; baseline -0.001 -12"><span class='ocrx_word' id='word_1_316' title='bbox 1166 2183 1351 2221; x_wconf 74' lang='lat' dir='ltr'>repertum</span> <span class='ocrx_word' id='word_1_317' title='bbox 1376 2184 1463 2209; x_wconf 85' lang='lat' dir='ltr'>esset</span> <span class='ocrx_word' id='word_1_318' title='bbox 1481 2176 1516 2208; x_wconf 91' lang='lat' dir='ltr'>ni</span> <span class='ocrx_word' id='word_1_319' title='bbox 1536 2176 1779 2209; x_wconf 71' lang='lat' dir='ltr'>Persiauarum</span> <span class='ocrx_word' id='word_1_320' title='bbox 1801 2187 1852 2208; x_wconf 81' lang='lat' dir='ltr'>sa-</span> 
     </span>
     <span class='ocr_line' id='line_1_60' title="bbox 1166 2228 1849 2274; baseline -0.001 -12"><span class='ocrx_word' id='word_1_321' title='bbox 1166 2238 1325 2274; x_wconf 73' lang='lat' dir='ltr'>tyrarum</span> <span class='ocrx_word' id='word_1_322' title='bbox 1351 2229 1552 2262; x_wconf 72' lang='lat' dir='ltr'>scholiastae</span> <span class='ocrx_word' id='word_1_323' title='bbox 1578 2229 1736 2262; x_wconf 77' lang='lat' dir='ltr'>libuisset</span> <span class='ocrx_word' id='word_1_324' title='bbox 1755 2228 1849 2262; x_wconf 84' lang='lat' dir='ltr'>hunc</span> 
     </span>
     <span class='ocr_line' id='line_1_61' title="bbox 1166 2280 1850 2329; baseline -0.003 -14"><span class='ocrx_word' id='word_1_325' title='bbox 1166 2281 1376 2329; x_wconf 78' lang='lat' dir='ltr'>producere.</span> <span class='ocrx_word' id='word_1_326' title='bbox 1393 2282 1503 2324; x_wconf 89' lang='lat' dir='ltr'>Quod</span> <span class='ocrx_word' id='word_1_327' title='bbox 1526 2280 1569 2315; x_wconf 85' lang='lat' dir='ltr'>ad</span> <span class='ocrx_word' id='word_1_328' title='bbox 1590 2281 1676 2316; x_wconf 82' lang='lat' dir='ltr'>(luas</span> <span class='ocrx_word' id='word_1_329' title='bbox 1696 2282 1778 2315; x_wconf 84' lang='lat' dir='ltr'>alias</span> <span class='ocrx_word' id='word_1_330' title='bbox 1801 2282 1850 2314; x_wconf 84' lang='lat' dir='ltr'>le-</span> 
     </span>
     <span class='ocr_line' id='line_1_62' title="bbox 1166 2335 1848 2382; baseline -0.001 -13"><span class='ocrx_word' id='word_1_331' title='bbox 1166 2336 1299 2370; x_wconf 79' lang='lat' dir='ltr'>ctiones</span> <span class='ocrx_word' id='word_1_332' title='bbox 1328 2344 1460 2382; x_wconf 84' lang='lat' dir='ltr'>spectat</span> <span class='ocrx_word' id='word_1_333' title='bbox 1497 2348 1648 2382; x_wconf 82' lang='lat' dir='ltr'>quarum</span> <span class='ocrx_word' id='word_1_334' title='bbox 1674 2336 1748 2369; x_wconf 85' lang='lat' dir='ltr'>haec</span> <span class='ocrx_word' id='word_1_335' title='bbox 1769 2335 1848 2368; x_wconf 85' lang='lat' dir='ltr'>libr.</span> 
     </span>
     <span class='ocr_line' id='line_1_63' title="bbox 1167 2389 1850 2430; baseline -0.003 -7"><span class='ocrx_word' id='word_1_336' title='bbox 1167 2398 1250 2423; x_wconf 87' lang='lat' dir='ltr'>vett.</span> <span class='ocrx_word' id='word_1_337' title='bbox 1273 2390 1451 2430; x_wconf 82' lang='lat' dir='ltr'>obtinuit,</span> <span class='ocrx_word' id='word_1_338' title='bbox 1470 2390 1527 2423; x_wconf 78' lang='lat' dir='ltr'>illa</span> <span class='ocrx_word' id='word_1_339' title='bbox 1547 2389 1707 2423; x_wconf 85' lang='lat' dir='ltr'>Turnebi</span> <span class='ocrx_word' id='word_1_340' title='bbox 1730 2397 1850 2422; x_wconf 84' lang='lat' dir='ltr'>aucto-</span> 
     </span>
     <span class='ocr_line' id='line_1_64' title="bbox 1165 2442 1852 2489; baseline -0.003 -13"><span class='ocrx_word' id='word_1_341' title='bbox 1165 2444 1304 2477; x_wconf 77' lang='lat' dir='ltr'>ritatem</span> <span class='ocrx_word' id='word_1_342' title='bbox 1319 2443 1595 2489; x_wconf 79' lang='lat' dir='ltr'>praefert‚multo</span> <span class='ocrx_word' id='word_1_343' title='bbox 1603 2442 1711 2489; x_wconf 84' lang='lat' dir='ltr'>magis</span> <span class='ocrx_word' id='word_1_344' title='bbox 1722 2450 1852 2475; x_wconf 85' lang='lat' dir='ltr'>utram-</span> 
     </span>
     <span class='ocr_line' id='line_1_65' title="bbox 1166 2495 1851 2544; baseline -0.006 -13"><span class='ocrx_word' id='word_1_345' title='bbox 1166 2509 1235 2543; x_wconf 90' lang='lat' dir='ltr'>que</span> <span class='ocrx_word' id='word_1_346' title='bbox 1248 2496 1485 2544; x_wconf 78' lang='lat' dir='ltr'>respuendam</span> <span class='ocrx_word' id='word_1_347' title='bbox 1499 2509 1640 2537; x_wconf 81' lang='lat' dir='ltr'>censeo,</span> <span class='ocrx_word' id='word_1_348' title='bbox 1652 2507 1768 2542; x_wconf 77' lang='lat' dir='ltr'>neque</span> <span class='ocrx_word' id='word_1_349' title='bbox 1781 2495 1851 2528; x_wconf 80' lang='lat' dir='ltr'>ulla</span> 
     </span>
     <span class='ocr_line' id='line_1_66' title="bbox 1167 2548 1849 2584; baseline -0.006 0"><span class='ocrx_word' id='word_1_350' title='bbox 1167 2563 1286 2584; x_wconf 84' lang='lat' dir='ltr'>earum</span> <span class='ocrx_word' id='word_1_351' title='bbox 1314 2551 1389 2584; x_wconf 81' lang='lat' dir='ltr'>fieri</span> <span class='ocrx_word' id='word_1_352' title='bbox 1421 2549 1527 2584; x_wconf 85' lang='lat' dir='ltr'>debet</span> <span class='ocrx_word' id='word_1_353' title='bbox 1553 2551 1654 2584; x_wconf 81' lang='lat' dir='ltr'>ratio.</span> <span class='ocrx_word' id='word_1_354' title='bbox 1676 2549 1733 2583; x_wconf 87' lang='lat' dir='ltr'>Nil</span> <span class='ocrx_word' id='word_1_355' title='bbox 1757 2548 1849 2582; x_wconf 78' lang='lat' dir='ltr'>enim</span> 
     </span>
     <span class='ocr_line' id='line_1_67' title="bbox 1168 2602 1851 2650; baseline -0.006 -14"><span class='ocrx_word' id='word_1_356' title='bbox 1168 2604 1210 2637; x_wconf 80' lang='lat' dir='ltr'>iis</span> <span class='ocrx_word' id='word_1_357' title='bbox 1232 2605 1321 2638; x_wconf 89' lang='lat' dir='ltr'>inest</span> <span class='ocrx_word' id='word_1_358' title='bbox 1339 2616 1407 2650; x_wconf 79' lang='lat' dir='ltr'>qua</span> <span class='ocrx_word' id='word_1_359' title='bbox 1429 2612 1567 2637; x_wconf 75' lang='lat' dir='ltr'>maneat</span> <span class='ocrx_word' id='word_1_360' title='bbox 1594 2604 1736 2649; x_wconf 77' lang='lat' dir='ltr'>quaesita</span> <span class='ocrx_word' id='word_1_361' title='bbox 1756 2602 1851 2634; x_wconf 76' lang='lat' dir='ltr'>Mur-</span> 
     </span>
     <span class='ocr_line' id='line_1_68' title="bbox 1170 2658 1510 2696; baseline 0 -6"><span class='ocrx_word' id='word_1_362' title='bbox 1170 2658 1241 2691; x_wconf 86' lang='lat' dir='ltr'>tiali</span> <span class='ocrx_word' id='word_1_363' title='bbox 1261 2659 1431 2696; x_wconf 78' lang='grc' dir='ltr'>ἀντιθεσις.</span> <span class='ocrx_word' id='word_1_364' title='bbox 1444 2658 1510 2690; x_wconf 72' lang='lat' dir='ltr'>En.</span> 
     </span>
    </p>
   </div>
  </div>
 </body>
</html>
