<?xml version="1.0" encoding="UTF-8"?>
<!DOCTYPE html PUBLIC "-//W3C//DTD XHTML 1.0 Transitional//EN"
    "http://www.w3.org/TR/xhtml1/DTD/xhtml1-transitional.dtd">
<html xmlns="http://www.w3.org/1999/xhtml" xml:lang="en" lang="en">
 <head>
  <title>
</title>
<meta http-equiv="Content-Type" content="text/html;charset=utf-8" />
  <meta name='ocr-system' content='tesseract 3.04.00' />
  <meta name='ocr-capabilities' content='ocr_page ocr_carea ocr_par ocr_line ocrx_word'/>
</head>
<body>
  <div class='ocr_page' id='page_1' title='image "./epigrammata02martuoft/epigrammata02martuoft_0234.png"; bbox 0 0 1978 3305; ppageno 0'>
   <div class='ocr_carea' id='block_1_1' title="bbox 469 251 564 281">
    <p class='ocr_par' dir='ltr' id='par_1_1' title="bbox 469 251 564 281">
     <span class='ocr_line' id='line_1_1' title="bbox 469 251 564 281; baseline -0.011 0"><span class='ocrx_word' id='word_1_1' title='bbox 469 251 564 281; x_wconf 77' lang='lat'>222</span> 
     </span>
    </p>
   </div>
   <div class='ocr_carea' id='block_1_2' title="bbox 536 320 1043 368">
    <p class='ocr_par' dir='ltr' id='par_1_2' title="bbox 536 320 1043 368">
     <span class='ocr_line' id='line_1_2' title="bbox 536 320 1043 368; baseline -0.006 -1"><span class='ocrx_word' id='word_1_2' title='bbox 536 321 603 368; x_wconf 86' lang='lat' dir='ltr'>Ad</span> <span class='ocrx_word' id='word_1_3' title='bbox 633 322 859 366; x_wconf 89' lang='lat' dir='ltr'>dominum</span> <span class='ocrx_word' id='word_1_4' title='bbox 891 320 1043 365; x_wconf 84' lang='lat' dir='ltr'>redeas</span> 
     </span>
    </p>
   </div>
   <div class='ocr_carea' id='block_1_3' title="bbox 843 232 1497 278">
    <p class='ocr_par' dir='ltr' id='par_1_3' title="bbox 843 232 1497 278">
     <span class='ocr_line' id='line_1_3' title="bbox 843 232 1497 278; baseline -0.002 0"><span class='ocrx_word' id='word_1_5' title='bbox 843 235 904 278; x_wconf 92' lang='lat' dir='ltr'>M.</span> <span class='ocrx_word' id='word_1_6' title='bbox 933 234 1069 277; x_wconf 92' lang='lat' dir='ltr'>VAL.</span> <span class='ocrx_word' id='word_1_7' title='bbox 1107 232 1497 277; x_wconf 90' lang='lat' dir='ltr'><strong>MARTIALIS</strong></span> 
     </span>
    </p>
   </div>
   <div class='ocr_carea' id='block_1_4' title="bbox 1078 321 1761 382">
    <p class='ocr_par' dir='ltr' id='par_1_4' title="bbox 1078 321 1761 382">
     <span class='ocr_line' id='line_1_4' title="bbox 1078 321 1761 382; baseline 0 -18"><span class='ocrx_word' id='word_1_8' title='bbox 1078 337 1086 364; x_wconf 94' lang='lat'>:</span> <span class='ocrx_word' id='word_1_9' title='bbox 1117 330 1265 366; x_wconf 89' lang='lat' dir='ltr'>noster</span> <span class='ocrx_word' id='word_1_10' title='bbox 1292 330 1336 365; x_wconf 89' lang='lat' dir='ltr'>te</span> <span class='ocrx_word' id='word_1_11' title='bbox 1365 338 1453 365; x_wconf 90' lang='lat' dir='ltr'>non</span> <span class='ocrx_word' id='word_1_12' title='bbox 1484 322 1601 382; x_wconf 82' lang='lat' dir='ltr'>capit</span> <span class='ocrx_word' id='word_1_13' title='bbox 1629 321 1761 382; x_wconf 80' lang='lat' dir='ltr'>ignis,</span> 
     </span>
    </p>
   </div>
   <div class='ocr_carea' id='block_1_5' title="bbox 607 389 1413 452">
    <p class='ocr_par' dir='ltr' id='par_1_5' title="bbox 607 389 1413 452">
     <span class='ocr_line' id='line_1_5' title="bbox 607 389 1413 452; baseline -0.002 -15"><span class='ocrx_word' id='word_1_14' title='bbox 607 392 908 437; x_wconf 85' lang='lat' dir='ltr'>Conturbator</span> <span class='ocrx_word' id='word_1_15' title='bbox 935 407 1041 452; x_wconf 83' lang='lat' dir='ltr'>aper</span> <span class='ocrx_word' id='word_1_16' title='bbox 1067 407 1076 434; x_wconf 75' lang='grc' dir='ltr'>ε</span> <span class='ocrx_word' id='word_1_17' title='bbox 1107 389 1235 436; x_wconf 82' lang='lat' dir='ltr'>vilius</span> <span class='ocrx_word' id='word_1_18' title='bbox 1258 391 1413 436; x_wconf 87' lang='lat' dir='ltr'>esurio.</span> 
     </span>
    </p>
   </div>
   <div class='ocr_carea' id='block_1_6' title="bbox 467 527 1150 999">
    <p class='ocr_par' dir='ltr' id='par_1_6' title="bbox 467 527 1146 681">
     <span class='ocr_line' id='line_1_6' title="bbox 467 527 1146 577; baseline -0.001 -14"><span class='ocrx_word' id='word_1_19' title='bbox 467 531 670 577; x_wconf 74' lang='lat' dir='ltr'>epigramm.</span> <span class='ocrx_word' id='word_1_20' title='bbox 691 541 757 563; x_wconf 87' lang='lat' dir='ltr'>cn.</span> <span class='ocrx_word' id='word_1_21' title='bbox 779 546 792 558; x_wconf 78' lang='grc' dir='ltr'>κ</span> <span class='ocrx_word' id='word_1_22' title='bbox 806 529 1009 575; x_wconf 83' lang='lat' dir='ltr'>Expirantis</span> <span class='ocrx_word' id='word_1_23' title='bbox 1031 527 1146 563; x_wconf 86' lang='lat' dir='ltr'>adhuc</span> 
     </span>
     <span class='ocr_line' id='line_1_7' title="bbox 469 581 1146 629; baseline -0.003 -12"><span class='ocrx_word' id='word_1_24' title='bbox 469 583 618 618; x_wconf 82' lang='lat' dir='ltr'>scombri</span> <span class='ocrx_word' id='word_1_25' title='bbox 634 581 679 615; x_wconf 90' lang='lat' dir='ltr'>de</span> <span class='ocrx_word' id='word_1_26' title='bbox 692 581 858 628; x_wconf 81' lang='lat' dir='ltr'>sanguine</span> <span class='ocrx_word' id='word_1_27' title='bbox 868 582 1003 628; x_wconf 88' lang='lat' dir='ltr'>primo,</span> <span class='ocrx_word' id='word_1_28' title='bbox 1017 581 1146 629; x_wconf 86' lang='lat' dir='ltr'><strong>Accipe</strong></span> 
     </span>
     <span class='ocr_line' id='line_1_8' title="bbox 472 638 1126 681; baseline -0.003 -12"><span class='ocrx_word' id='word_1_29' title='bbox 472 638 657 677; x_wconf 84' lang='lat' dir='ltr'>fastosum,</span> <span class='ocrx_word' id='word_1_30' title='bbox 675 647 822 668; x_wconf 85' lang='lat' dir='ltr'>munera</span> <span class='ocrx_word' id='word_1_31' title='bbox 839 647 938 677; x_wconf 87' lang='lat' dir='ltr'>cara,</span> <span class='ocrx_word' id='word_1_32' title='bbox 956 647 1093 681; x_wconf 85' lang='lat' dir='ltr'>garum.</span> <span class='ocrx_word' id='word_1_33' title='bbox 1112 653 1126 665; x_wconf 81' lang='lat'>„</span> 
     </span>
    </p>

    <p class='ocr_par' dir='ltr' id='par_1_7' title="bbox 468 688 1149 947">
     <span class='ocr_line' id='line_1_9' title="bbox 521 688 1146 732; baseline 0 -10"><span class='ocrx_word' id='word_1_34' title='bbox 521 701 554 732; x_wconf 87' lang='lat'>9.</span> <span class='ocrx_word' id='word_1_35' title='bbox 585 689 645 722; x_wconf 76' lang='lat' dir='ltr'>Ad</span> <span class='ocrx_word' id='word_1_36' title='bbox 669 688 837 721; x_wconf 81' lang='lat' dir='ltr'>dominum.</span> <span class='ocrx_word' id='word_1_37' title='bbox 866 689 1040 722; x_wconf 85' lang='lat' dir='ltr'>Dextrum</span> <span class='ocrx_word' id='word_1_38' title='bbox 1079 688 1146 722; x_wconf 84' lang='lat' dir='ltr'>sci-</span> 
     </span>
     <span class='ocr_line' id='line_1_10' title="bbox 468 741 1147 775; baseline 0 0"><span class='ocrx_word' id='word_1_39' title='bbox 468 741 561 775; x_wconf 88' lang='lat' dir='ltr'>licet.</span> <span class='ocrx_word' id='word_1_40' title='bbox 585 761 639 767; x_wconf 92' lang='lat'>—</span> <span class='ocrx_word' id='word_1_41' title='bbox 662 742 780 775; x_wconf 85' lang='lat' dir='ltr'><em>Noster</em></span> <span class='ocrx_word' id='word_1_42' title='bbox 807 749 847 775; x_wconf 86' lang='lat' dir='ltr'>te.</span> <span class='ocrx_word' id='word_1_43' title='bbox 875 741 1004 775; x_wconf 87' lang='lat' dir='ltr'>Nostra</span> <span class='ocrx_word' id='word_1_44' title='bbox 1030 741 1147 775; x_wconf 83' lang='lat' dir='ltr'>culina</span> 
     </span>
     <span class='ocr_line' id='line_1_11' title="bbox 470 793 1148 835; baseline 0 -7"><span class='ocrx_word' id='word_1_45' title='bbox 470 808 542 828; x_wconf 91' lang='lat' dir='ltr'>non</span> <span class='ocrx_word' id='word_1_46' title='bbox 561 794 668 828; x_wconf 88' lang='lat' dir='ltr'>habet</span> <span class='ocrx_word' id='word_1_47' title='bbox 685 793 780 828; x_wconf 88' lang='lat' dir='ltr'>unde</span> <span class='ocrx_word' id='word_1_48' title='bbox 797 803 831 828; x_wconf 91' lang='lat' dir='ltr'>te</span> <span class='ocrx_word' id='word_1_49' title='bbox 849 794 1011 835; x_wconf 86' lang='lat' dir='ltr'>condiat;</span> <span class='ocrx_word' id='word_1_50' title='bbox 1031 807 1090 828; x_wconf 89' lang='lat' dir='ltr'>seu</span> <span class='ocrx_word' id='word_1_51' title='bbox 1111 796 1148 829; x_wconf 89' lang='lat' dir='ltr'>in</span> 
     </span>
     <span class='ocr_line' id='line_1_12' title="bbox 469 846 1149 894; baseline 0 -13"><span class='ocrx_word' id='word_1_52' title='bbox 469 848 537 881; x_wconf 88' lang='lat' dir='ltr'>hoc</span> <span class='ocrx_word' id='word_1_53' title='bbox 560 860 646 894; x_wconf 87' lang='lat' dir='ltr'>apro</span> <span class='ocrx_word' id='word_1_54' title='bbox 671 846 873 882; x_wconf 89' lang='lat' dir='ltr'>condiendo</span> <span class='ocrx_word' id='word_1_55' title='bbox 898 847 1149 882; x_wconf 83' lang='lat' dir='ltr'>conturbaren-</span> 
     </span>
     <span class='ocr_line' id='line_1_13' title="bbox 471 899 1147 947; baseline 0 -13"><span class='ocrx_word' id='word_1_56' title='bbox 471 910 529 934; x_wconf 88' lang='lat' dir='ltr'>tur</span> <span class='ocrx_word' id='word_1_57' title='bbox 561 909 597 934; x_wconf 90' lang='lat' dir='ltr'>et</span> <span class='ocrx_word' id='word_1_58' title='bbox 626 899 908 947; x_wconf 82' lang='lat' dir='ltr'>decoquerentur</span> <span class='ocrx_word' id='word_1_59' title='bbox 936 913 1020 946; x_wconf 86' lang='lat' dir='ltr'>opes</span> <span class='ocrx_word' id='word_1_60' title='bbox 1050 913 1147 934; x_wconf 84' lang='lat' dir='ltr'>meae.</span> 
     </span>
    </p>

    <p class='ocr_par' dir='ltr' id='par_1_8' title="bbox 529 953 1150 999">
     <span class='ocr_line' id='line_1_14' title="bbox 529 953 1150 999; baseline -0.002 -12"><span class='ocrx_word' id='word_1_61' title='bbox 529 965 582 988; x_wconf 85' lang='grc' dir='ltr'>ῑο.</span> <span class='ocrx_word' id='word_1_62' title='bbox 599 954 631 988; x_wconf 89' lang='lat' dir='ltr'><em>C</em></span> <span class='ocrx_word' id='word_1_63' title='bbox 629 955 815 987; x_wconf 80' lang='lat' dir='ltr'>onturbator</span> <span class='ocrx_word' id='word_1_64' title='bbox 828 967 914 999; x_wconf 84' lang='lat' dir='ltr'>aper.</span> <span class='ocrx_word' id='word_1_65' title='bbox 933 953 1007 996; x_wconf 90' lang='lat' dir='ltr'>Qui</span> <span class='ocrx_word' id='word_1_66' title='bbox 1022 966 1150 999; x_wconf 84' lang='lat' dir='ltr'>nempe</span> 
     </span>
    </p>
   </div>
   <div class='ocr_carea' id='block_1_7' title="bbox 1203 528 1884 1000">
    <p class='ocr_par' dir='ltr' id='par_1_9' title="bbox 1203 528 1884 1000">
     <span class='ocr_line' id='line_1_15' title="bbox 1203 528 1881 576; baseline 0 -12"><span class='ocrx_word' id='word_1_67' title='bbox 1203 542 1278 564; x_wconf 88' lang='lat' dir='ltr'>non</span> <span class='ocrx_word' id='word_1_68' title='bbox 1303 537 1384 564; x_wconf 88' lang='lat' dir='ltr'>sunt</span> <span class='ocrx_word' id='word_1_69' title='bbox 1411 528 1603 570; x_wconf 86' lang='lat' dir='ltr'>solvendo,</span> <span class='ocrx_word' id='word_1_70' title='bbox 1635 542 1752 576; x_wconf 85' lang='lat' dir='ltr'>neque</span> <span class='ocrx_word' id='word_1_71' title='bbox 1773 542 1808 564; x_wconf 88' lang='lat' dir='ltr'>se</span> <span class='ocrx_word' id='word_1_72' title='bbox 1823 542 1881 564; x_wconf 60' lang='lat' dir='ltr'>ex·</span> 
     </span>
     <span class='ocr_line' id='line_1_16' title="bbox 1205 582 1882 628; baseline -0.001 -12"><span class='ocrx_word' id='word_1_73' title='bbox 1205 583 1330 616; x_wconf 85' lang='lat' dir='ltr'>tricare</span> <span class='ocrx_word' id='word_1_74' title='bbox 1353 582 1556 616; x_wconf 87' lang='lat' dir='ltr'>nominibus</span> <span class='ocrx_word' id='word_1_75' title='bbox 1583 591 1728 628; x_wconf 89' lang='lat' dir='ltr'>possunt</span> <span class='ocrx_word' id='word_1_76' title='bbox 1754 591 1789 616; x_wconf 91' lang='lat' dir='ltr'>et</span> <span class='ocrx_word' id='word_1_77' title='bbox 1815 595 1882 616; x_wconf 82' lang='lat' dir='ltr'>aere</span> 
     </span>
     <span class='ocr_line' id='line_1_17' title="bbox 1205 635 1883 678; baseline 0 -10"><span class='ocrx_word' id='word_1_78' title='bbox 1205 635 1340 676; x_wconf 78' lang='lat' dir='ltr'>alieno,</span> <span class='ocrx_word' id='word_1_79' title='bbox 1367 635 1418 669; x_wconf 91' lang='lat' dir='ltr'>illi</span> <span class='ocrx_word' id='word_1_80' title='bbox 1444 635 1680 678; x_wconf 77' lang='lat' dir='ltr'>conturbant3</span> <span class='ocrx_word' id='word_1_81' title='bbox 1699 647 1765 669; x_wconf 91' lang='lat' dir='ltr'>nec</span> <span class='ocrx_word' id='word_1_82' title='bbox 1789 636 1883 669; x_wconf 88' lang='lat' dir='ltr'>enim</span> 
     </span>
     <span class='ocr_line' id='line_1_18' title="bbox 1205 687 1884 734; baseline -0.001 -11"><span class='ocrx_word' id='word_1_83' title='bbox 1205 701 1331 723; x_wconf 90' lang='lat' dir='ltr'>eorum</span> <span class='ocrx_word' id='word_1_84' title='bbox 1357 687 1511 722; x_wconf 86' lang='lat' dir='ltr'>rationes</span> <span class='ocrx_word' id='word_1_85' title='bbox 1537 688 1703 734; x_wconf 82' lang='lat' dir='ltr'>explicari</span> <span class='ocrx_word' id='word_1_86' title='bbox 1726 695 1761 722; x_wconf 87' lang='lat' dir='ltr'>et</span> <span class='ocrx_word' id='word_1_87' title='bbox 1780 701 1884 734; x_wconf 80' lang='lat' dir='ltr'>expe-</span> 
     </span>
     <span class='ocr_line' id='line_1_19' title="bbox 1206 741 1884 788; baseline -0.001 -13"><span class='ocrx_word' id='word_1_88' title='bbox 1206 741 1276 775; x_wconf 86' lang='lat' dir='ltr'>diri</span> <span class='ocrx_word' id='word_1_89' title='bbox 1291 741 1621 788; x_wconf 82' lang='lat' dir='ltr'>possunt.--Vilius</span> <span class='ocrx_word' id='word_1_90' title='bbox 1637 744 1751 775; x_wconf 83' lang='lat' dir='ltr'>esurio.</span> <span class='ocrx_word' id='word_1_91' title='bbox 1766 741 1884 775; x_wconf 89' lang='lat' dir='ltr'>Mino·</span> 
     </span>
     <span class='ocr_line' id='line_1_20' title="bbox 1207 794 1884 836; baseline -0.001 -8"><span class='ocrx_word' id='word_1_92' title='bbox 1207 795 1256 828; x_wconf 91' lang='lat' dir='ltr'>ris</span> <span class='ocrx_word' id='word_1_93' title='bbox 1273 802 1410 829; x_wconf 87' lang='lat' dir='ltr'>constat</span> <span class='ocrx_word' id='word_1_94' title='bbox 1431 795 1538 828; x_wconf 85' lang='lat' dir='ltr'>fames</span> <span class='ocrx_word' id='word_1_95' title='bbox 1553 806 1648 836; x_wconf 81' lang='lat' dir='ltr'>mea3</span> <span class='ocrx_word' id='word_1_96' title='bbox 1666 794 1783 828; x_wconf 86' lang='lat' dir='ltr'>viliori</span> <span class='ocrx_word' id='word_1_97' title='bbox 1805 794 1884 827; x_wconf 90' lang='lat' dir='ltr'>cibo</span> 
     </span>
     <span class='ocr_line' id='line_1_21' title="bbox 1206 847 1884 893; baseline -0.001 -12"><span class='ocrx_word' id='word_1_98' title='bbox 1206 856 1370 882; x_wconf 87' lang='lat' dir='ltr'>contenta</span> <span class='ocrx_word' id='word_1_99' title='bbox 1392 855 1468 882; x_wconf 90' lang='lat' dir='ltr'>est:</span> <span class='ocrx_word' id='word_1_100' title='bbox 1490 847 1627 881; x_wconf 89' lang='lat' dir='ltr'>minore</span> <span class='ocrx_word' id='word_1_101' title='bbox 1653 855 1796 893; x_wconf 87' lang='lat' dir='ltr'>sumptu</span> <span class='ocrx_word' id='word_1_102' title='bbox 1817 860 1884 880; x_wconf 84' lang='lat' dir='ltr'>coe-</span> 
     </span>
     <span class='ocr_line' id='line_1_22' title="bbox 1206 899 1883 941; baseline -0.001 -7"><span class='ocrx_word' id='word_1_103' title='bbox 1206 913 1289 934; x_wconf 82' lang='lat' dir='ltr'>nam</span> <span class='ocrx_word' id='word_1_104' title='bbox 1327 900 1414 934; x_wconf 88' lang='lat' dir='ltr'>mihi</span> <span class='ocrx_word' id='word_1_105' title='bbox 1451 907 1612 935; x_wconf 85' lang='lat' dir='ltr'>constare</span> <span class='ocrx_word' id='word_1_106' title='bbox 1644 900 1748 934; x_wconf 80' lang='lat' dir='ltr'>velim</span> <span class='ocrx_word' id='word_1_107' title='bbox 1769 912 1779 941; x_wconf 78' lang='lat'><em>3</em></span> <span class='ocrx_word' id='word_1_108' title='bbox 1819 899 1883 933; x_wconf 86' lang='lat' dir='ltr'>nisi</span> 
     </span>
     <span class='ocr_line' id='line_1_23' title="bbox 1209 952 1801 1000; baseline -0.002 -14"><span class='ocrx_word' id='word_1_109' title='bbox 1209 954 1302 987; x_wconf 85' lang='lat' dir='ltr'>forte</span> <span class='ocrx_word' id='word_1_110' title='bbox 1323 966 1400 987; x_wconf 83' lang='lat' dir='ltr'>mea</span> <span class='ocrx_word' id='word_1_111' title='bbox 1418 952 1615 987; x_wconf 80' lang='lat' dir='ltr'>redimatur</span> <span class='ocrx_word' id='word_1_112' title='bbox 1633 953 1801 1000; x_wconf 88' lang='lat' dir='ltr'>impensa.</span> 
     </span>
    </p>
   </div>
   <div class='ocr_carea' id='block_1_8' title="bbox 1016 1109 1335 1165">
    <p class='ocr_par' dir='ltr' id='par_1_10' title="bbox 1016 1109 1335 1165">
     <span class='ocr_line' id='line_1_24' title="bbox 1016 1109 1335 1165; baseline -0.006 0"><span class='ocrx_word' id='word_1_113' title='bbox 1016 1109 1335 1165; x_wconf 85' lang='lat' dir='ltr'><strong>XXVIII.</strong></span> 
     </span>
    </p>
   </div>
   <div class='ocr_carea' id='block_1_9' title="bbox 995 1250 1366 1300">
    <p class='ocr_par' dir='ltr' id='par_1_11' title="bbox 995 1250 1366 1300">
     <span class='ocr_line' id='line_1_25' title="bbox 995 1250 1366 1300; baseline -0.003 -1"><span class='ocrx_word' id='word_1_114' title='bbox 995 1272 1064 1299; x_wconf 67' lang='lat' dir='ltr'>An</span> <span class='ocrx_word' id='word_1_115' title='bbox 1104 1250 1366 1300; x_wconf 58' lang='lat' dir='ltr'>Fuscum*</span> 
     </span>
    </p>
   </div>
   <div class='ocr_carea' id='block_1_10' title="bbox 542 1400 1710 1671">
    <p class='ocr_par' dir='ltr' id='par_1_12' title="bbox 542 1400 1586 1535">
     <span class='ocr_line' id='line_1_26' title="bbox 542 1400 1502 1463; baseline -0.002 -15"><span class='ocrx_word' id='word_1_116' title='bbox 542 1405 617 1448; x_wconf 74' lang='lat' dir='ltr'>Sic</span> <span class='ocrx_word' id='word_1_117' title='bbox 636 1402 875 1447; x_wconf 72' lang='lat' dir='ltr'>Tiburtinae</span> <span class='ocrx_word' id='word_1_118' title='bbox 896 1411 1065 1446; x_wconf 82' lang='lat' dir='ltr'>crescat</span> <span class='ocrx_word' id='word_1_119' title='bbox 1083 1401 1161 1446; x_wconf 84' lang='lat' dir='ltr'>tibi</span> <span class='ocrx_word' id='word_1_120' title='bbox 1184 1400 1304 1463; x_wconf 83' lang='lat' dir='ltr'>sylva</span> <span class='ocrx_word' id='word_1_121' title='bbox 1328 1403 1502 1459; x_wconf 84' lang='lat' dir='ltr'>Dianae,</span> 
     </span>
     <span class='ocr_line' id='line_1_27' title="bbox 615 1471 1586 1535; baseline -0.003 -16"><span class='ocrx_word' id='word_1_122' title='bbox 615 1476 672 1519; x_wconf 84' lang='lat' dir='ltr'>Et</span> <span class='ocrx_word' id='word_1_123' title='bbox 692 1482 902 1535; x_wconf 85' lang='lat' dir='ltr'>properet</span> <span class='ocrx_word' id='word_1_124' title='bbox 922 1489 1082 1519; x_wconf 88' lang='lat' dir='ltr'>caesum</span> <span class='ocrx_word' id='word_1_125' title='bbox 1105 1489 1219 1534; x_wconf 85' lang='lat' dir='ltr'>saepe</span> <span class='ocrx_word' id='word_1_126' title='bbox 1244 1471 1385 1516; x_wconf 87' lang='lat' dir='ltr'>redire</span> <span class='ocrx_word' id='word_1_127' title='bbox 1408 1489 1586 1528; x_wconf 80' lang='lat' dir='ltr'>nemus3</span> 
     </span>
    </p>

    <p class='ocr_par' dir='ltr' id='par_1_13' title="bbox 545 1542 1710 1671">
     <span class='ocr_line' id='line_1_28' title="bbox 545 1542 1616 1604; baseline -0.003 -14"><span class='ocrx_word' id='word_1_128' title='bbox 545 1547 637 1590; x_wconf 90' lang='lat' dir='ltr'>Nec</span> <span class='ocrx_word' id='word_1_129' title='bbox 662 1545 943 1589; x_wconf 85' lang='lat' dir='ltr'>Tartessiacis</span> <span class='ocrx_word' id='word_1_130' title='bbox 968 1542 1108 1588; x_wconf 87' lang='lat' dir='ltr'>Pallas</span> <span class='ocrx_word' id='word_1_131' title='bbox 1132 1553 1229 1597; x_wconf 81' lang='lat' dir='ltr'>tua,</span> <span class='ocrx_word' id='word_1_132' title='bbox 1250 1545 1283 1587; x_wconf 92' lang='lat' dir='ltr'><strong>F</strong></span> <span class='ocrx_word' id='word_1_133' title='bbox 1287 1560 1413 1600; x_wconf 80' lang='lat' dir='ltr'>usce,</span> <span class='ocrx_word' id='word_1_134' title='bbox 1435 1544 1616 1604; x_wconf 84' lang='lat' dir='ltr'>trapetis</span> 
     </span>
     <span class='ocr_line' id='line_1_29' title="bbox 615 1614 1710 1671; baseline -0.002 -10"><span class='ocrx_word' id='word_1_135' title='bbox 615 1615 781 1669; x_wconf 77' lang='lat' dir='ltr'>Cedat,</span> <span class='ocrx_word' id='word_1_136' title='bbox 812 1625 857 1659; x_wconf 86' lang='lat' dir='ltr'>et</span> <span class='ocrx_word' id='word_1_137' title='bbox 878 1614 1101 1660; x_wconf 90' lang='lat' dir='ltr'>immodici</span> <span class='ocrx_word' id='word_1_138' title='bbox 1125 1614 1230 1658; x_wconf 85' lang='lat' dir='ltr'>dent</span> <span class='ocrx_word' id='word_1_139' title='bbox 1250 1614 1366 1658; x_wconf 90' lang='lat' dir='ltr'>bona</span> <span class='ocrx_word' id='word_1_140' title='bbox 1394 1624 1538 1659; x_wconf 87' lang='lat' dir='ltr'>musta</span> <span class='ocrx_word' id='word_1_141' title='bbox 1565 1614 1710 1671; x_wconf 79' lang='lat' dir='ltr'>lacus3</span> 
     </span>
    </p>
   </div>
   <div class='ocr_carea' id='block_1_11' title="bbox 478 1763 1165 2705">
    <p class='ocr_par' dir='ltr' id='par_1_14' title="bbox 478 1763 1158 2025">
     <span class='ocr_line' id='line_1_30' title="bbox 531 1763 1156 1800; baseline -0.003 0"><span class='ocrx_word' id='word_1_142' title='bbox 531 1763 545 1776; x_wconf 76' lang='lat'><em>‘</em></span> <span class='ocrx_word' id='word_1_143' title='bbox 560 1766 615 1800; x_wconf 85' lang='lat' dir='ltr'>Ad</span> <span class='ocrx_word' id='word_1_144' title='bbox 636 1766 788 1800; x_wconf 88' lang='lat' dir='ltr'>Fuscum</span> <span class='ocrx_word' id='word_1_145' title='bbox 810 1766 920 1800; x_wconf 85' lang='lat' dir='ltr'>mittit</span> <span class='ocrx_word' id='word_1_146' title='bbox 940 1765 1071 1799; x_wconf 88' lang='lat' dir='ltr'>librum</span> <span class='ocrx_word' id='word_1_147' title='bbox 1095 1765 1156 1799; x_wconf 85' lang='lat' dir='ltr'>Sa-</span> 
     </span>
     <span class='ocr_line' id='line_1_31' title="bbox 478 1818 1158 1866; baseline -0.004 -12"><span class='ocrx_word' id='word_1_148' title='bbox 478 1820 676 1854; x_wconf 87' lang='lat' dir='ltr'>turnalibus</span> <span class='ocrx_word' id='word_1_149' title='bbox 705 1818 894 1865; x_wconf 85' lang='lat' dir='ltr'>legendum</span> <span class='ocrx_word' id='word_1_150' title='bbox 928 1827 962 1853; x_wconf 92' lang='lat' dir='ltr'>et</span> <span class='ocrx_word' id='word_1_151' title='bbox 993 1818 1158 1866; x_wconf 87' lang='lat' dir='ltr'>judican-</span> 
     </span>
     <span class='ocr_line' id='line_1_32' title="bbox 479 1871 1158 1913; baseline -0.001 -6"><span class='ocrx_word' id='word_1_152' title='bbox 479 1873 564 1908; x_wconf 88' lang='lat' dir='ltr'>dum</span> <span class='ocrx_word' id='word_1_153' title='bbox 589 1886 596 1907; x_wconf 94' lang='lat'><strong>:</strong></span> <span class='ocrx_word' id='word_1_154' title='bbox 622 1873 680 1907; x_wconf 90' lang='lat' dir='ltr'>hic</span> <span class='ocrx_word' id='word_1_155' title='bbox 707 1871 851 1906; x_wconf 89' lang='lat' dir='ltr'>videtur</span> <span class='ocrx_word' id='word_1_156' title='bbox 877 1871 971 1906; x_wconf 86' lang='lat' dir='ltr'>idem</span> <span class='ocrx_word' id='word_1_157' title='bbox 999 1884 1091 1913; x_wconf 89' lang='lat' dir='ltr'>esse,</span> <span class='ocrx_word' id='word_1_158' title='bbox 1114 1871 1158 1906; x_wconf 89' lang='lat' dir='ltr'>ad</span> 
     </span>
     <span class='ocr_line' id='line_1_33' title="bbox 481 1924 1158 1974; baseline -0.003 -14"><span class='ocrx_word' id='word_1_159' title='bbox 481 1939 587 1974; x_wconf 83' lang='lat' dir='ltr'>quem</span> <span class='ocrx_word' id='word_1_160' title='bbox 601 1925 708 1959; x_wconf 88' lang='lat' dir='ltr'>Plinii</span> <span class='ocrx_word' id='word_1_161' title='bbox 719 1924 873 1960; x_wconf 84' lang='lat' dir='ltr'>Secundi</span> <span class='ocrx_word' id='word_1_162' title='bbox 884 1951 893 1967; x_wconf 93' lang='lat'>‚</span> <span class='ocrx_word' id='word_1_163' title='bbox 905 1925 967 1959; x_wconf 90' lang='lat' dir='ltr'>lib.</span> <span class='ocrx_word' id='word_1_164' title='bbox 979 1925 1051 1959; x_wconf 91' lang='lat' dir='ltr'>VII</span> <span class='ocrx_word' id='word_1_165' title='bbox 1061 1951 1068 1964; x_wconf 93' lang='lat'><em>,</em></span> <span class='ocrx_word' id='word_1_166' title='bbox 1084 1925 1158 1971; x_wconf 91' lang='lat' dir='ltr'>epi-</span> 
     </span>
     <span class='ocr_line' id='line_1_34' title="bbox 481 1979 716 2025; baseline -0.013 -10"><span class='ocrx_word' id='word_1_167' title='bbox 481 1981 569 2015; x_wconf 75' lang='lat' dir='ltr'>stola</span> <span class='ocrx_word' id='word_1_168' title='bbox 593 1993 626 2025; x_wconf 85' lang='lat'>9.</span> <span class='ocrx_word' id='word_1_169' title='bbox 647 1979 716 2013; x_wconf 78' lang='grc' dir='ltr'>ΕΒ.</span> 
     </span>
    </p>

    <p class='ocr_par' dir='ltr' id='par_1_15' title="bbox 482 2031 1163 2386">
     <span class='ocr_line' id='line_1_35' title="bbox 539 2031 1158 2076; baseline -0.005 -9"><span class='ocrx_word' id='word_1_170' title='bbox 539 2045 570 2067; x_wconf 87' lang='lat'>1.</span> <span class='ocrx_word' id='word_1_171' title='bbox 587 2033 642 2067; x_wconf 75' lang='lat' dir='ltr'>Sic</span> <span class='ocrx_word' id='word_1_172' title='bbox 663 2033 849 2066; x_wconf 81' lang='lat' dir='ltr'>Tiburtinoe.</span> <span class='ocrx_word' id='word_1_173' title='bbox 869 2031 1005 2065; x_wconf 81' lang='lat' dir='ltr'>Tibure</span> <span class='ocrx_word' id='word_1_174' title='bbox 1026 2031 1158 2076; x_wconf 81' lang='lat' dir='ltr'>sylvam</span> 
     </span>
     <span class='ocr_line' id='line_1_36' title="bbox 482 2083 1161 2127; baseline -0.004 -7"><span class='ocrx_word' id='word_1_175' title='bbox 482 2086 634 2120; x_wconf 83' lang='lat' dir='ltr'>habebat</span> <span class='ocrx_word' id='word_1_176' title='bbox 661 2086 726 2119; x_wconf 83' lang='lat' dir='ltr'>iste.</span> <span class='ocrx_word' id='word_1_177' title='bbox 750 2085 903 2127; x_wconf 89' lang='lat' dir='ltr'>Fuscus,</span> <span class='ocrx_word' id='word_1_178' title='bbox 930 2083 1054 2118; x_wconf 85' lang='lat' dir='ltr'>doctus</span> <span class='ocrx_word' id='word_1_179' title='bbox 1080 2096 1161 2118; x_wconf 86' lang='lat' dir='ltr'>sane</span> 
     </span>
     <span class='ocr_line' id='line_1_37' title="bbox 482 2138 1161 2184; baseline -0.006 -10"><span class='ocrx_word' id='word_1_180' title='bbox 482 2139 698 2181; x_wconf 85' lang='lat' dir='ltr'>causidicus,</span> <span class='ocrx_word' id='word_1_181' title='bbox 719 2151 796 2184; x_wconf 81' lang='lat' dir='ltr'>quae</span> <span class='ocrx_word' id='word_1_182' title='bbox 815 2138 935 2172; x_wconf 83' lang='lat' dir='ltr'>Dianae</span> <span class='ocrx_word' id='word_1_183' title='bbox 956 2145 1079 2184; x_wconf 87' lang='lat' dir='ltr'>utpote</span> <span class='ocrx_word' id='word_1_184' title='bbox 1099 2150 1161 2171; x_wconf 88' lang='lat' dir='ltr'>ne-</span> 
     </span>
     <span class='ocr_line' id='line_1_38' title="bbox 482 2189 1162 2238; baseline -0.004 -11"><span class='ocrx_word' id='word_1_185' title='bbox 482 2205 622 2227; x_wconf 88' lang='lat' dir='ltr'>morum</span> <span class='ocrx_word' id='word_1_186' title='bbox 652 2191 808 2238; x_wconf 84' lang='lat' dir='ltr'>praesidis</span> <span class='ocrx_word' id='word_1_187' title='bbox 835 2203 907 2226; x_wconf 86' lang='lat' dir='ltr'>esse</span> <span class='ocrx_word' id='word_1_188' title='bbox 934 2189 1075 2225; x_wconf 88' lang='lat' dir='ltr'>dicitur.</span> <span class='ocrx_word' id='word_1_189' title='bbox 1105 2191 1162 2225; x_wconf 91' lang='lat' dir='ltr'>Sic</span> 
     </span>
     <span class='ocr_line' id='line_1_39' title="bbox 483 2243 1163 2290; baseline -0.006 -9"><span class='ocrx_word' id='word_1_190' title='bbox 483 2247 547 2281; x_wconf 86' lang='lat' dir='ltr'>tibi</span> <span class='ocrx_word' id='word_1_191' title='bbox 564 2246 681 2280; x_wconf 83' lang='lat' dir='ltr'>omnia</span> <span class='ocrx_word' id='word_1_192' title='bbox 698 2245 846 2279; x_wconf 84' lang='lat' dir='ltr'>feliciter</span> <span class='ocrx_word' id='word_1_193' title='bbox 859 2243 1007 2286; x_wconf 77' lang='lat' dir='ltr'>cedant,</span> <span class='ocrx_word' id='word_1_194' title='bbox 1020 2256 1163 2290; x_wconf 88' lang='lat' dir='ltr'>precor;</span> 
     </span>
     <span class='ocr_line' id='line_1_40' title="bbox 483 2298 1163 2345; baseline -0.003 -12"><span class='ocrx_word' id='word_1_195' title='bbox 483 2300 531 2334; x_wconf 87' lang='lat' dir='ltr'>sic</span> <span class='ocrx_word' id='word_1_196' title='bbox 547 2299 642 2345; x_wconf 81' lang='lat' dir='ltr'>sylva</span> <span class='ocrx_word' id='word_1_197' title='bbox 653 2325 662 2341; x_wconf 89' lang='lat'>‚</span> <span class='ocrx_word' id='word_1_198' title='bbox 675 2311 778 2344; x_wconf 85' lang='lat' dir='ltr'>quam</span> <span class='ocrx_word' id='word_1_199' title='bbox 788 2299 922 2332; x_wconf 91' lang='lat' dir='ltr'>Tibure</span> <span class='ocrx_word' id='word_1_200' title='bbox 935 2298 1042 2332; x_wconf 81' lang='lat' dir='ltr'>habes</span> <span class='ocrx_word' id='word_1_201' title='bbox 1053 2323 1062 2339; x_wconf 91' lang='lat'>‚</span> <span class='ocrx_word' id='word_1_202' title='bbox 1077 2309 1163 2331; x_wconf 82' lang='lat' dir='ltr'>caesa</span> 
     </span>
     <span class='ocr_line' id='line_1_41' title="bbox 482 2353 681 2386; baseline -0.005 0"><span class='ocrx_word' id='word_1_203' title='bbox 482 2353 681 2386; x_wconf 82' lang='lat' dir='ltr'>revirescat.</span> 
     </span>
    </p>

    <p class='ocr_par' dir='ltr' id='par_1_16' title="bbox 483 2405 1165 2705">
     <span class='ocr_line' id='line_1_42' title="bbox 540 2405 1161 2451; baseline -0.005 -12"><span class='ocrx_word' id='word_1_204' title='bbox 540 2406 573 2439; x_wconf 78' lang='lat'>3.</span> <span class='ocrx_word' id='word_1_205' title='bbox 611 2407 808 2451; x_wconf 77' lang='lat' dir='ltr'>Tarpesiacis</span> <span class='ocrx_word' id='word_1_206' title='bbox 840 2405 951 2437; x_wconf 75' lang='lat' dir='ltr'>Pallas</span> <span class='ocrx_word' id='word_1_207' title='bbox 984 2412 1037 2436; x_wconf 82' lang='lat' dir='ltr'>ma</span> <span class='ocrx_word' id='word_1_208' title='bbox 1054 2431 1062 2444; x_wconf 93' lang='lat'><em>‚</em></span> <span class='ocrx_word' id='word_1_209' title='bbox 1097 2412 1161 2437; x_wconf 77' lang='lat' dir='ltr'>etc.</span> 
     </span>
     <span class='ocr_line' id='line_1_43' title="bbox 484 2457 1163 2493; baseline -0.004 -1"><span class='ocrx_word' id='word_1_210' title='bbox 484 2458 587 2493; x_wconf 73' lang='lat' dir='ltr'>codd.</span> <span class='ocrx_word' id='word_1_211' title='bbox 610 2459 764 2492; x_wconf 82' lang='lat' dir='ltr'>Florent.</span> <span class='ocrx_word' id='word_1_212' title='bbox 788 2466 822 2491; x_wconf 84' lang='lat' dir='ltr'>et</span> <span class='ocrx_word' id='word_1_213' title='bbox 833 2459 914 2491; x_wconf 86' lang='lat' dir='ltr'>Vat.</span> <span class='ocrx_word' id='word_1_214' title='bbox 927 2479 979 2484; x_wconf 93' lang='lat'>——</span> <span class='ocrx_word' id='word_1_215' title='bbox 995 2457 1063 2491; x_wconf 80' lang='lat' dir='ltr'>Nec</span> <span class='ocrx_word' id='word_1_216' title='bbox 1081 2457 1163 2490; x_wconf 83' lang='lat' dir='ltr'>Tar-</span> 
     </span>
     <span class='ocr_line' id='line_1_44' title="bbox 486 2511 1163 2551; baseline -0.003 -6"><span class='ocrx_word' id='word_1_217' title='bbox 486 2515 635 2545; x_wconf 70' lang='lat' dir='ltr'>tessiacis.</span> <span class='ocrx_word' id='word_1_218' title='bbox 650 2512 777 2551; x_wconf 78' lang='lat' dir='ltr'>Pallas,</span> <span class='ocrx_word' id='word_1_219' title='bbox 790 2524 850 2544; x_wconf 81' lang='lat' dir='ltr'>seu</span> <span class='ocrx_word' id='word_1_220' title='bbox 867 2511 1025 2544; x_wconf 74' lang='lat' dir='ltr'>Minerva</span> <span class='ocrx_word' id='word_1_221' title='bbox 1043 2511 1163 2544; x_wconf 85' lang='lat' dir='ltr'>inven-</span> 
     </span>
     <span class='ocr_line' id='line_1_45' title="bbox 486 2564 1164 2611; baseline -0.004 -12"><span class='ocrx_word' id='word_1_222' title='bbox 486 2566 552 2599; x_wconf 80' lang='lat' dir='ltr'>trix</span> <span class='ocrx_word' id='word_1_223' title='bbox 576 2565 641 2599; x_wconf 85' lang='lat' dir='ltr'>suit</span> <span class='ocrx_word' id='word_1_224' title='bbox 663 2564 763 2598; x_wconf 65' lang='lat' dir='ltr'>olivae</span> <span class='ocrx_word' id='word_1_225' title='bbox 785 2578 850 2611; x_wconf 87' lang='lat' dir='ltr'>pro</span> <span class='ocrx_word' id='word_1_226' title='bbox 873 2577 940 2610; x_wconf 87' lang='lat' dir='ltr'>qua</span> <span class='ocrx_word' id='word_1_227' title='bbox 962 2572 995 2597; x_wconf 86' lang='lat' dir='ltr'>et</span> <span class='ocrx_word' id='word_1_228' title='bbox 1015 2564 1088 2610; x_wconf 79' lang='lat' dir='ltr'>ipsa</span> <span class='ocrx_word' id='word_1_229' title='bbox 1107 2576 1164 2596; x_wconf 83' lang='lat' dir='ltr'>su-</span> 
     </span>
     <span class='ocr_line' id='line_1_46' title="bbox 485 2617 1164 2652; baseline -0.004 0"><span class='ocrx_word' id='word_1_230' title='bbox 485 2620 602 2652; x_wconf 85' lang='lat' dir='ltr'>mitur.</span> <span class='ocrx_word' id='word_1_231' title='bbox 622 2618 750 2651; x_wconf 77' lang='lat' dir='ltr'>Sensus</span> <span class='ocrx_word' id='word_1_232' title='bbox 769 2626 817 2651; x_wconf 77' lang='lat' dir='ltr'>est</span> <span class='ocrx_word' id='word_1_233' title='bbox 840 2630 847 2650; x_wconf 85' lang='lat'><strong>:</strong></span> <span class='ocrx_word' id='word_1_234' title='bbox 868 2618 940 2651; x_wconf 79' lang='lat' dir='ltr'>Nec</span> <span class='ocrx_word' id='word_1_235' title='bbox 961 2625 1018 2650; x_wconf 84' lang='lat' dir='ltr'>tua</span> <span class='ocrx_word' id='word_1_236' title='bbox 1038 2617 1164 2650; x_wconf 76' lang='lat' dir='ltr'>oliveta</span> 
     </span>
     <span class='ocr_line' id='line_1_47' title="bbox 483 2671 1165 2705; baseline -0.004 0"><span class='ocrx_word' id='word_1_237' title='bbox 483 2671 609 2705; x_wconf 77' lang='lat' dir='ltr'>cedant</span> <span class='ocrx_word' id='word_1_238' title='bbox 627 2671 764 2704; x_wconf 75' lang='lat' dir='ltr'>olivetis</span> <span class='ocrx_word' id='word_1_239' title='bbox 784 2671 920 2704; x_wconf 72' lang='lat' dir='ltr'>Bmticis</span> <span class='ocrx_word' id='word_1_240' title='bbox 938 2682 945 2702; x_wconf 73' lang='lat'>2</span> <span class='ocrx_word' id='word_1_241' title='bbox 966 2671 1066 2703; x_wconf 69' lang='lat' dir='ltr'>Baetis</span> <span class='ocrx_word' id='word_1_242' title='bbox 1084 2683 1165 2703; x_wconf 79' lang='lat' dir='ltr'>vero</span> 
     </span>
    </p>
   </div>
   <div class='ocr_carea' id='block_1_12' title="bbox 1215 1764 1901 2714">
    <p class='ocr_par' dir='ltr' id='par_1_17' title="bbox 1215 1764 1900 2449">
     <span class='ocr_line' id='line_1_48' title="bbox 1215 1764 1893 1812; baseline 0 -14"><span class='ocrx_word' id='word_1_243' title='bbox 1215 1765 1344 1799; x_wconf 88' lang='lat' dir='ltr'>fluvius</span> <span class='ocrx_word' id='word_1_244' title='bbox 1363 1773 1416 1801; x_wconf 85' lang='lat' dir='ltr'>est</span> <span class='ocrx_word' id='word_1_245' title='bbox 1434 1765 1632 1812; x_wconf 73' lang='lat' dir='ltr'>Hispaniae,</span> <span class='ocrx_word' id='word_1_246' title='bbox 1652 1764 1778 1806; x_wconf 88' lang='lat' dir='ltr'>hodie,</span> <span class='ocrx_word' id='word_1_247' title='bbox 1801 1765 1893 1800; x_wconf 81' lang='lat' dir='ltr'>Gua-</span> 
     </span>
     <span class='ocr_line' id='line_1_49' title="bbox 1216 1817 1894 1864; baseline 0.001 -13"><span class='ocrx_word' id='word_1_248' title='bbox 1216 1819 1392 1864; x_wconf 71' lang='lat' dir='ltr'>dalquim&#39;r,</span> <span class='ocrx_word' id='word_1_249' title='bbox 1411 1818 1472 1864; x_wconf 86' lang='lat' dir='ltr'>qui</span> <span class='ocrx_word' id='word_1_250' title='bbox 1494 1819 1578 1852; x_wconf 89' lang='lat' dir='ltr'>olim</span> <span class='ocrx_word' id='word_1_251' title='bbox 1601 1817 1716 1852; x_wconf 87' lang='lat' dir='ltr'>dictus</span> <span class='ocrx_word' id='word_1_252' title='bbox 1737 1826 1787 1853; x_wconf 87' lang='lat' dir='ltr'>est</span> <span class='ocrx_word' id='word_1_253' title='bbox 1806 1819 1894 1852; x_wconf 81' lang='lat' dir='ltr'>Tar-</span> 
     </span>
     <span class='ocr_line' id='line_1_50' title="bbox 1217 1870 1892 1918; baseline -0.001 -12"><span class='ocrx_word' id='word_1_254' title='bbox 1217 1880 1343 1914; x_wconf 87' lang='lat' dir='ltr'>tessus,</span> <span class='ocrx_word' id='word_1_255' title='bbox 1360 1870 1403 1905; x_wconf 82' lang='lat' dir='ltr'>ad</span> <span class='ocrx_word' id='word_1_256' title='bbox 1419 1885 1526 1918; x_wconf 91' lang='lat' dir='ltr'>quem</span> <span class='ocrx_word' id='word_1_257' title='bbox 1549 1872 1669 1906; x_wconf 83' lang='lat' dir='ltr'>multae</span> <span class='ocrx_word' id='word_1_258' title='bbox 1690 1879 1772 1905; x_wconf 90' lang='lat' dir='ltr'>sunt</span> <span class='ocrx_word' id='word_1_259' title='bbox 1792 1872 1892 1910; x_wconf 85' lang='lat' dir='ltr'>oleae,</span> 
     </span>
     <span class='ocr_line' id='line_1_51' title="bbox 1217 1924 1894 1971; baseline 0 -13"><span class='ocrx_word' id='word_1_260' title='bbox 1217 1933 1253 1958; x_wconf 84' lang='lat' dir='ltr'>et</span> <span class='ocrx_word' id='word_1_261' title='bbox 1280 1924 1426 1971; x_wconf 88' lang='lat' dir='ltr'>quidem</span> <span class='ocrx_word' id='word_1_262' title='bbox 1447 1925 1600 1971; x_wconf 86' lang='lat' dir='ltr'>optimae.</span> <span class='ocrx_word' id='word_1_263' title='bbox 1624 1926 1656 1959; x_wconf 84' lang='lat' dir='ltr'><em>T</em></span> <span class='ocrx_word' id='word_1_264' title='bbox 1655 1938 1744 1971; x_wconf 74' lang='lat' dir='ltr'>rupes</span> <span class='ocrx_word' id='word_1_265' title='bbox 1762 1932 1894 1966; x_wconf 84' lang='lat' dir='ltr'>autem,</span> 
     </span>
     <span class='ocr_line' id='line_1_52' title="bbox 1217 1978 1896 2025; baseline -0.001 -13"><span class='ocrx_word' id='word_1_266' title='bbox 1217 1991 1278 2012; x_wconf 88' lang='lat' dir='ltr'>seu</span> <span class='ocrx_word' id='word_1_267' title='bbox 1299 1987 1494 2025; x_wconf 85' lang='lat' dir='ltr'>trapetum,</span> <span class='ocrx_word' id='word_1_268' title='bbox 1516 1986 1567 2013; x_wconf 91' lang='lat' dir='ltr'>est</span> <span class='ocrx_word' id='word_1_269' title='bbox 1584 1978 1676 2012; x_wconf 80' lang='lat' dir='ltr'>mola</span> <span class='ocrx_word' id='word_1_270' title='bbox 1697 1978 1843 2019; x_wconf 78' lang='lat' dir='ltr'>olearia,</span> <span class='ocrx_word' id='word_1_271' title='bbox 1861 1986 1896 2011; x_wconf 79' lang='lat' dir='ltr'>et</span> 
     </span>
     <span class='ocr_line' id='line_1_53' title="bbox 1219 2031 1898 2078; baseline -0.001 -13"><span class='ocrx_word' id='word_1_272' title='bbox 1219 2031 1369 2065; x_wconf 89' lang='lat' dir='ltr'>sumitur</span> <span class='ocrx_word' id='word_1_273' title='bbox 1382 2044 1449 2078; x_wconf 89' lang='lat' dir='ltr'>pro</span> <span class='ocrx_word' id='word_1_274' title='bbox 1462 2031 1538 2078; x_wconf 87' lang='lat' dir='ltr'>ipso</span> <span class='ocrx_word' id='word_1_275' title='bbox 1554 2032 1665 2078; x_wconf 89' lang='lat' dir='ltr'>prelo.</span> <span class='ocrx_word' id='word_1_276' title='bbox 1677 2031 1801 2065; x_wconf 78' lang='lat' dir='ltr'>Baetica</span> <span class='ocrx_word' id='word_1_277' title='bbox 1818 2043 1898 2077; x_wconf 86' lang='lat' dir='ltr'>pro·</span> 
     </span>
     <span class='ocr_line' id='line_1_54' title="bbox 1218 2084 1897 2130; baseline -0.001 -12"><span class='ocrx_word' id='word_1_278' title='bbox 1218 2084 1334 2118; x_wconf 84' lang='lat' dir='ltr'>vincia</span> <span class='ocrx_word' id='word_1_279' title='bbox 1354 2084 1432 2118; x_wconf 85' lang='lat' dir='ltr'>oleo</span> <span class='ocrx_word' id='word_1_280' title='bbox 1449 2085 1672 2125; x_wconf 68' lang='lat' dir='ltr'>abundabat,</span> <span class='ocrx_word' id='word_1_281' title='bbox 1687 2096 1798 2129; x_wconf 83' lang='lat' dir='ltr'>eoque</span> <span class='ocrx_word' id='word_1_282' title='bbox 1817 2096 1897 2130; x_wconf 87' lang='lat' dir='ltr'>pre-</span> 
     </span>
     <span class='ocr_line' id='line_1_55' title="bbox 1220 2137 1897 2184; baseline -0.001 -13"><span class='ocrx_word' id='word_1_283' title='bbox 1220 2139 1322 2172; x_wconf 81' lang='lat' dir='ltr'>tioso.</span> <span class='ocrx_word' id='word_1_284' title='bbox 1338 2138 1497 2184; x_wconf 80' lang='lat' dir='ltr'>Papinio,</span> <span class='ocrx_word' id='word_1_285' title='bbox 1508 2139 1545 2171; x_wconf 87' lang='lat' dir='ltr'>in</span> <span class='ocrx_word' id='word_1_286' title='bbox 1557 2138 1619 2171; x_wconf 85' lang='lat' dir='ltr'>lib.</span> <span class='ocrx_word' id='word_1_287' title='bbox 1630 2137 1872 2183; x_wconf 78' lang='lat' dir='ltr'>II.Sylvarum</span> <span class='ocrx_word' id='word_1_288' title='bbox 1887 2162 1897 2177; x_wconf 88' lang='lat'>‚</span> 
     </span>
     <span class='ocr_line' id='line_1_56' title="bbox 1225 2190 1899 2232; baseline -0.001 -8"><span class='ocrx_word' id='word_1_289' title='bbox 1225 2209 1239 2221; x_wconf 82' lang='lat'>«</span> <span class='ocrx_word' id='word_1_290' title='bbox 1256 2191 1346 2232; x_wconf 85' lang='lat' dir='ltr'>Quae</span> <span class='ocrx_word' id='word_1_291' title='bbox 1371 2191 1558 2225; x_wconf 89' lang='lat' dir='ltr'>Tritonide</span> <span class='ocrx_word' id='word_1_292' title='bbox 1587 2191 1717 2224; x_wconf 85' lang='lat' dir='ltr'>fertiles</span> <span class='ocrx_word' id='word_1_293' title='bbox 1745 2190 1899 2224; x_wconf 82' lang='lat' dir='ltr'>Athenas</span> 
     </span>
     <span class='ocr_line' id='line_1_57' title="bbox 1220 2243 1893 2291; baseline -0.003 -13"><span class='ocrx_word' id='word_1_294' title='bbox 1220 2243 1346 2278; x_wconf 84' lang='lat' dir='ltr'>Unctis</span> <span class='ocrx_word' id='word_1_295' title='bbox 1366 2245 1494 2278; x_wconf 82' lang='lat' dir='ltr'>Baetica</span> <span class='ocrx_word' id='word_1_296' title='bbox 1515 2256 1683 2291; x_wconf 77' lang='lat' dir='ltr'>provocas</span> <span class='ocrx_word' id='word_1_297' title='bbox 1705 2243 1861 2290; x_wconf 82' lang='lat' dir='ltr'>trapetis.</span> <span class='ocrx_word' id='word_1_298' title='bbox 1880 2260 1893 2272; x_wconf 75' lang='grc' dir='ltr'>ι·</span> 
     </span>
     <span class='ocr_line' id='line_1_58' title="bbox 1224 2295 1900 2342; baseline -0.001 -12"><span class='ocrx_word' id='word_1_299' title='bbox 1224 2298 1363 2339; x_wconf 85' lang='lat' dir='ltr'>Quanta</span> <span class='ocrx_word' id='word_1_300' title='bbox 1382 2297 1488 2332; x_wconf 85' lang='lat' dir='ltr'>fuerit</span> <span class='ocrx_word' id='word_1_301' title='bbox 1498 2297 1651 2331; x_wconf 82' lang='lat' dir='ltr'>Tartessi</span> <span class='ocrx_word' id='word_1_302' title='bbox 1669 2295 1818 2342; x_wconf 75' lang='lat' dir='ltr'>dignitas</span> <span class='ocrx_word' id='word_1_303' title='bbox 1835 2308 1900 2329; x_wconf 90' lang='lat' dir='ltr'>no-</span> 
     </span>
     <span class='ocr_line' id='line_1_59' title="bbox 1223 2349 1900 2397; baseline 0 -14"><span class='ocrx_word' id='word_1_304' title='bbox 1223 2358 1305 2384; x_wconf 88' lang='lat' dir='ltr'>runt</span> <span class='ocrx_word' id='word_1_305' title='bbox 1326 2352 1388 2397; x_wconf 88' lang='lat' dir='ltr'>qui</span> <span class='ocrx_word' id='word_1_306' title='bbox 1413 2350 1458 2384; x_wconf 87' lang='lat' dir='ltr'>de</span> <span class='ocrx_word' id='word_1_307' title='bbox 1480 2350 1606 2385; x_wconf 81' lang='lat' dir='ltr'>Baetica</span> <span class='ocrx_word' id='word_1_308' title='bbox 1631 2349 1824 2396; x_wconf 85' lang='lat' dir='ltr'>quidquam</span> <span class='ocrx_word' id='word_1_309' title='bbox 1843 2350 1900 2383; x_wconf 81' lang='lat' dir='ltr'>Je-</span> 
     </span>
     <span class='ocr_line' id='line_1_60' title="bbox 1222 2404 1447 2449; baseline 0.004 -12"><span class='ocrx_word' id='word_1_310' title='bbox 1222 2412 1360 2449; x_wconf 81' lang='lat' dir='ltr'>gerunt.</span> <span class='ocrx_word' id='word_1_311' title='bbox 1377 2404 1447 2438; x_wconf 83' lang='lat' dir='ltr'>En.</span> 
     </span>
    </p>

    <p class='ocr_par' dir='ltr' id='par_1_18' title="bbox 1225 2453 1901 2714">
     <span class='ocr_line' id='line_1_61' title="bbox 1279 2453 1900 2497; baseline -0.006 -6"><span class='ocrx_word' id='word_1_312' title='bbox 1279 2461 1312 2497; x_wconf 68' lang='grc'>4.</span> <span class='ocrx_word' id='word_1_313' title='bbox 1346 2458 1434 2491; x_wconf 81' lang='lat' dir='ltr'>Dent</span> <span class='ocrx_word' id='word_1_314' title='bbox 1460 2458 1540 2490; x_wconf 78' lang='lat' dir='ltr'>bona</span> <span class='ocrx_word' id='word_1_315' title='bbox 1570 2460 1647 2489; x_wconf 53' lang='grc' dir='ltr'>ἰ-ιήα</span> <span class='ocrx_word' id='word_1_316' title='bbox 1679 2456 1764 2489; x_wconf 77' lang='lat' dir='ltr'>lacus</span> <span class='ocrx_word' id='word_1_317' title='bbox 1792 2453 1900 2488; x_wconf 69' lang='lat' dir='ltr'>codex</span> 
     </span>
     <span class='ocr_line' id='line_1_62' title="bbox 1226 2508 1901 2555; baseline 0 -13"><span class='ocrx_word' id='word_1_318' title='bbox 1226 2511 1306 2544; x_wconf 71' lang='lat' dir='ltr'>Vnt.</span> <span class='ocrx_word' id='word_1_319' title='bbox 1323 2531 1374 2537; x_wconf 92' lang='lat'>--</span> <span class='ocrx_word' id='word_1_320' title='bbox 1395 2511 1508 2544; x_wconf 80' lang='lat' dir='ltr'>Lacus.</span> <span class='ocrx_word' id='word_1_321' title='bbox 1530 2510 1640 2555; x_wconf 77' lang='lat' dir='ltr'>cupa:</span> <span class='ocrx_word' id='word_1_322' title='bbox 1658 2516 1739 2542; x_wconf 80' lang='lat' dir='ltr'>sunt</span> <span class='ocrx_word' id='word_1_323' title='bbox 1759 2508 1793 2540; x_wconf 84' lang='lat' dir='ltr'>in</span> <span class='ocrx_word' id='word_1_324' title='bbox 1814 2520 1901 2553; x_wconf 78' lang='lat' dir='ltr'>quas</span> 
     </span>
     <span class='ocr_line' id='line_1_63' title="bbox 1225 2561 1900 2610; baseline -0.006 -13"><span class='ocrx_word' id='word_1_325' title='bbox 1225 2564 1283 2597; x_wconf 89' lang='lat' dir='ltr'>vin</span> <span class='ocrx_word' id='word_1_326' title='bbox 1291 2576 1349 2597; x_wconf 86' lang='lat' dir='ltr'>um</span> <span class='ocrx_word' id='word_1_327' title='bbox 1365 2564 1471 2610; x_wconf 81' lang='lat' dir='ltr'>prelis</span> <span class='ocrx_word' id='word_1_328' title='bbox 1486 2574 1685 2609; x_wconf 78' lang='lat' dir='ltr'>expressum</span> <span class='ocrx_word' id='word_1_329' title='bbox 1700 2561 1900 2594; x_wconf 73' lang='lat' dir='ltr'>labitur.-</span> 
     </span>
     <span class='ocr_line' id='line_1_64' title="bbox 1229 2612 1901 2662; baseline -0.006 -12"><span class='ocrx_word' id='word_1_330' title='bbox 1229 2617 1389 2650; x_wconf 62' lang='lat' dir='ltr'>lmmoa&#39;ict</span> <span class='ocrx_word' id='word_1_331' title='bbox 1410 2631 1420 2650; x_wconf 90' lang='grc'>.·</span> <span class='ocrx_word' id='word_1_332' title='bbox 1449 2617 1544 2662; x_wconf 76' lang='lat' dir='ltr'>pleni</span> <span class='ocrx_word' id='word_1_333' title='bbox 1570 2623 1601 2648; x_wconf 79' lang='lat' dir='ltr'>et</span> <span class='ocrx_word' id='word_1_334' title='bbox 1628 2623 1742 2648; x_wconf 76' lang='lat' dir='ltr'>musto</span> <span class='ocrx_word' id='word_1_335' title='bbox 1770 2612 1901 2647; x_wconf 72' lang='lat' dir='ltr'>redun-</span> 
     </span>
     <span class='ocr_line' id='line_1_65' title="bbox 1227 2669 1900 2714; baseline -0.006 -13"><span class='ocrx_word' id='word_1_336' title='bbox 1227 2669 1358 2703; x_wconf 77' lang='lat' dir='ltr'>dantes.</span> <span class='ocrx_word' id='word_1_337' title='bbox 1374 2671 1450 2703; x_wconf 78' lang='lat' dir='ltr'>Lib.</span> <span class='ocrx_word' id='word_1_338' title='bbox 1465 2669 1650 2714; x_wconf 75' lang='lat' dir='ltr'>1V‚epigr.</span> <span class='ocrx_word' id='word_1_339' title='bbox 1667 2681 1748 2701; x_wconf 59' lang='grc' dir='ltr'>κων</span> <span class='ocrx_word' id='word_1_340' title='bbox 1764 2693 1772 2707; x_wconf 83' lang='grc'>,</span> <span class='ocrx_word' id='word_1_341' title='bbox 1793 2679 1840 2700; x_wconf 82' lang='lat' dir='ltr'>vs.</span> <span class='ocrx_word' id='word_1_342' title='bbox 1868 2681 1900 2697; x_wconf 65' lang='lat' dir='ltr'>a,</span> 
     </span>
    </p>
   </div>
  </div>
 </body>
</html>
