1978 3305
422 244 464 258 “”
777 248 838 288 Μ.
867 248 1007 290 VAL.
1047 247 1440 291 MARTIALIS

402 248 431 289 (⁷)
441 262 501 291 uo

471 335 528 376 Et
554 333 629 376 tibi
659 335 848 377 Maeonio
873 349 941 377 res
968 334 1160 377 carmine
1187 333 1326 394 major
1347 333 1534 378 habetur
1552 370 1562 387 ‚

543 402 732 447 Luceilei
755 403 983 448 columella
1010 404 1106 448 heic
1132 403 1228 448 situ'
1255 404 1535 466 Metrophan'
1560 415 1635 449 est.

473 474 780 534 Attonitusque
805 473 934 535 legis,
960 476 1090 518 terrai
1117 474 1339 536 frugiferai
1361 492 1373 527 ς

538 544 695 588 Accius
719 553 762 588 et
786 544 997 606 quidquid
1023 546 1322 605 Pacuviusque
1348 555 1544 589 vomunt.

470 613 548 658 Vis
572 614 715 658 imiter
738 624 932 672 veteres,
958 614 1190 660 Chrestille
1206 651 1217 670 ‚
1247 625 1433 675 tuosque
1455 625 1607 676 poetas
1630 616 1646 658 Ρ

539 685 821 745 Dispeream‚
847 686 879 729 si
907 687 988 730 scis
1004 721 1015 741 ‚
1037 684 1230 729 mentula
1253 685 1357 746 quid
1380 686 1529 747 sapiat.

455 818 487 851 3.
513 819 559 851 Et
579 819 641 852 abi.
660 819 716 852 Sic
738 819 881 853 Gruter.
914 831 956 853 ex
976 819 1074 852 MSS.

402 870 501 914 Quod
513 874 612 914 majus
627 884 692 917 pro
711 885 758 904 res
775 874 876 917 major
890 871 970 907 edd.
987 881 1074 906 vett.

400 930 434 955 et
450 924 563 957 Maitt.
579 932 612 958 et
628 925 837 958 Farn.—-Et
848 925 904 958 tibi
918 925 1072 963 Moeonio,

400 976 446 1009 Et
462 976 525 1009 tibi
544 977 650 1022 magis
665 978 777 1023 placet
791 977 917 1011 Lucilii
935 989 993 1010 seu
1014 990 1075 1010 ne-

399 1029 560 1074 gligentis
581 1030 722 1063 alterius
739 1039 773 1064 et
786 1030 951 1064 lutulenti
964 1038 1076 1075 poetae

400 1094 558 1124 carmen,
580 1095 684 1128 quam
707 1083 833 1121 altum,
853 1082 1002 1128 grande,
1021 1096 1077 1116 so·

399 1147 527 1168 norum
552 1135 708 1169 Homeri.
724 1134 817 1169 Vide
840 1135 986 1169 Cerealii
1013 1135 1076 1168 lib.

400 1188 637 1233 Anthologiae,
654 1188 764 1234 epigr.
780 1200 830 1230 11,
852 1200 927 1234 cap.
948 1191 994 1228 46
1013 1213 1022 1230 ‚
1043 1197 1077 1222 et

403 1240 576 1286 Antipatri
596 1254 651 1286 ep.
673 1253 750 1287 cap.
770 1247 826 1286 47.

459 1298 491 1333 4.
518 1295 656 1327 Lucilius
683 1293 760 1329 cod.
790 1294 926 1327 Beverl.
953 1294 1075 1328 Colum.

402 1347 507 1380 habet
527 1346 640 1381 Maitt.
665 1347 788 1380 Colum.
810 1346 869 1381 dat
890 1347 1076 1393 Metropha-

403 1413 454 1432 nes
464 1401 499 1432 'st
514 1400 612 1433 Bar-b.
625 1400 694 1433 Alii
710 1409 750 1434 ut
763 1413 846 1442 nos,
860 1401 981 1434 Lucilei
992 1400 1077 1433 colu-

402 1453 493 1485 mella
511 1453 577 1485 heic
588 1454 665 1485 situ'
676 1453 882 1499 Metroplcan'
900 1462 955 1487 est.
971 1454 1082 1487 Caete-

402 1518 478 1538 rum
503 1506 607 1539 Lucili
636 1506 758 1540 Colum.
778 1508 828 1539 lzic
851 1508 930 1540 situs
956 1507 1077 1540 Metro-

394 1560 514 1602 phanes
541 1558 623 1592 edd.
645 1567 728 1593 vett.
750 1568 784 1593 et
800 1560 951 1593 Farnab.
977 1559 1076 1593 Colu-

400 1613 492 1645 mella
525 1625 654 1646 nomen
688 1625 811 1658 propr.
853 1625 926 1646 esse
961 1622 1079 1647 censet

401 1665 606 1700 Calderinus
615 1691 624 1707 ,
637 1674 741 1711 negat
753 1666 938 1712 Georgius.
950 1687 1001 1692 —-
1014 1667 1078 1699 Lu-

401 1719 498 1753 wilei.
511 1721 562 1752 De
572 1719 706 1753 Lucilio
717 1719 884 1753 Horatius
894 1719 958 1753 lib.
968 1720 985 1751 I
993 1745 1003 1760 ‚
1014 1727 1077 1753 sat.

401 1784 438 1804 iv
452 1798 461 1813 ‚
480 1773 500 1806 8
518 1784 527 1806 :
549 1773 688 1806 «Durus
706 1784 919 1818 componere
940 1785 1075 1806 versus:

403 1826 490 1858 Nam
511 1825 579 1858 fuit
603 1825 671 1859 hoc
692 1825 857 1864 vitiosus,
886 1834 949 1859 etc.
967 1843 981 1855 ι»
1005 1827 1078 1859 Do-

403 1879 522 1912 mitius
549 1878 721 1912 existimat
743 1879 975 1912 Columellam
1002 1879 1078 1912 Me-

402 1932 610 1977 trophanem
630 1944 770 1965 servum
791 1932 919 1965 Lucilii
942 1932 1048 1965 fuisse
1070 1945 1077 1965 :

402 1984 464 2018 sed
500 1985 674 2030 Georgius
708 1993 826 2018 censet
858 1985 1078 2018 columellam

404 2051 476 2071 non
490 2051 562 2071 esse
575 2050 703 2071 nomen
717 2038 901 2083 proprium
912 2064 921 2079 ‚
932 2046 970 2071 ut
983 2037 1074 2084 apud

409 2093 548 2125 Veteres
569 2091 708 2137 majoris
733 2090 859 2124 domus
885 2103 1003 2124 servos
1024 2090 1078 2124 di-

404 2154 477 2178 ctos
498 2144 602 2178 fuisse
622 2144 842 2185 columellas,
860 2145 959 2190 quasi
982 2144 1078 2178 colu-

405 2199 510 2231 mina.
529 2196 671 2231 Judicet
694 2198 813 2231 lector.

461 2252 491 2285 5.
523 2252 769 2297 Attonitusque,
803 2260 867 2284 etc.
903 2252 975 2284 Nec
1007 2251 1080 2284 sine

404 2304 636 2338 admiratione
661 2304 744 2348 legis
772 2313 929 2337 veterum
960 2311 1080 2349 poeta-

406 2371 481 2391 rum
500 2357 643 2391 duriora
662 2358 765 2390 verba
779 2365 814 2390 et
828 2357 980 2399 hiantia,
997 2369 1080 2402 qua-

407 2412 449 2444 lia
475 2411 547 2444 liaec
575 2413 670 2443 terrai
684 2412 860 2455 frugi-'lkrai
884 2423 924 2443 ex
948 2410 1081 2444 resolu-

406 2465 500 2497 tione
522 2463 748 2510 diphthongi.
772 2485 822 2490 ——
849 2464 990 2497 Scilicet
1010 2464 1079 2496 Ro-

407 2531 514 2551 manae
543 2517 691 2550 civitatis
714 2517 929 2563 temporibus
959 2516 1082 2562 primis

409 2572 575 2605 usitatum
599 2571 663 2603 fnit
687 2583 783 2603 casus
800 2571 998 2615 generantis
1017 2579 1082 2603 ter-

411 2624 654 2664 minationem,
665 2636 743 2668 quat
759 2624 791 2656 in
805 2638 831 2655 a>
842 2622 970 2657 dehinc
985 2636 1081 2657 versa

411 2678 493 2716 suit,
516 2678 548 2710 in
578 2675 662 2710 (luas
685 2677 830 2720 syllabas·
854 2680 885 2708 as
910 2676 1080 2709 desinere.

1136 818 1191 852 Sic
1219 819 1426 860 Lucretius,
1453 819 1514 853 lib.
1540 820 1576 860 Ι,
1596 832 1644 852 vs.
1675 820 1743 861 85,
1763 832 1812 865 sq.

1141 889 1153 900 ιι
1170 871 1302 904 Triviai
1323 871 1468 917 virginis
1486 883 1579 904 aram
1599 871 1813 917 Iphianassai

1137 932 1324 969 turparunt
1342 925 1521 969 sanguine.
1539 942 1552 954 υ
1569 925 1613 958 Et
1632 924 1692 958 lib.
1711 926 1746 966 I,
1763 937 1813 958 vs.

1135 988 1224 1021 1109
1237 1002 1245 1018 ,
1264 993 1277 1006 κ
1290 977 1414 1010 ultima
1434 977 1584 1010 naturai.
1601 993 1614 1006 υ
1635 978 1724 1010 Item
1741 990 1815 1010 ver-

1137 1041 1193 1062 sus
1212 1038 1263 1063 est
1278 1029 1406 1071 Ennii,
1427 1031 1525 1075 cujus
1540 1030 1568 1063 is
1588 1030 1667 1063 finis
1689 1031 1815 1064 «terrai

1136 1081 1327 1116 frondosai.
1350 1100 1363 1112 ι»
1382 1082 1453 1116 Eos
1474 1083 1654 1116 nonsemel
1677 1091 1814 1116 secutus

1136 1135 1237 1168 Maro
1248 1161 1257 1177 ,
1268 1134 1407 1168 AEneid.
1422 1135 1484 1169 lib.
1500 1136 1555 1168 III
1567 1161 1576 1177 ,
1594 1136 1667 1176 354
1678 1162 1686 1177 ,
1703 1136 1814 1175 aulai,-

1138 1188 1203 1228 Vl,
1217 1192 1305 1233 747,
1317 1188 1517 1229 au1·ai,·VII,
1530 1191 1617 1229 464,
1630 1192 1736 1234 aquai.
1747 1189 1814 1222 El).

1191 1243 1225 1273 6.
1259 1241 1377 1275 Accius
1409 1250 1440 1274 et
1467 1242 1635 1274 Pacuvius.
1668 1241 1814 1287 Antiqui

1137 1294 1285 1328 fuerunt
1304 1302 1416 1340 poetae
1430 1320 1439 1336 ,
1461 1303 1500 1328 ut
1522 1294 1678 1328 Lucilius
1691 1321 1700 1337 ,
1721 1295 1815 1328 lutu-

1136 1347 1221 1381 lenti
1237 1356 1269 1381 ει
1289 1347 1385 1381 duri.

1192 1401 1282 1434 &Ni
1296 1400 1375 1434 cod.
1386 1401 1423 1433 in
1435 1412 1542 1446 marg.
1555 1398 1611 1434 ed.
1623 1400 1701 1434 Par.
1712 1413 1722 1433 ι
1734 1403 1812 1444 617.

1137 1454 1178 1486 Et
1197 1453 1281 1487 hinc
1297 1453 1628 1488 contrarius...—Si
1637 1457 1710 1486 scis.
1729 1453 1817 1495 Alii,

1138 1508 1170 1538 m'
1190 1509 1269 1547 scis,
1293 1507 1360 1540 hoc
1384 1518 1487 1540 sensu
1509 1519 1518 1540 :
1540 1507 1597 1539 Tu
1619 1506 1679 1552 qui
1699 1505 1818 1539 laudas

1137 1558 1266 1592 durum
1288 1572 1426 1593 carmen
1440 1585 1449 1600 ,
1471 1559 1703 1593 nihilominus
1727 1559 1816 1592 mol·

1137 1613 1217 1646 liter
1229 1612 1328 1647 vivis.
1345 1613 1411 1646 Vel
1428 1612 1476 1646 sic
1489 1613 1722 1658 interpretare
1738 1613 1816 1645 vul-

1137 1674 1251 1711 gatam
1271 1666 1460 1699 lectionem
1479 1679 1488 1698 :
1508 1667 1595 1699 Tam
1614 1664 1743 1699 bardus
1762 1677 1817 1705 es,

1138 1727 1176 1752 ut
1198 1732 1344 1752 acumen
1363 1732 1482 1753 versus
1505 1719 1616 1752 teneri
1640 1731 1711 1752 non
1737 1730 1816 1752 sen-

1140 1772 1215 1806 tias.
1231 1772 1408 1814 —Quare
1418 1773 1477 1806 hic
1495 1772 1683 1817 ἀὶληγορίαιν
1702 1780 1818 1805 tanto-

1138 1838 1221 1871 pere
1249 1834 1425 1859 sectentur
1453 1825 1583 1858 nescio.
1607 1825 1734 1858 Nonne
1762 1825 1817 1858 in—

1139 1879 1217 1912 nuit
1230 1879 1346 1924 potius
1360 1878 1568 1923 simpliciter
1584 1878 1707 1911 vitium
1721 1876 1817 1923 quod

1135 1933 1206 1976 jam
1225 1944 1314 1977 saepe
1333 1931 1541 1977 exagitavit?
1562 1932 1607 1965 Et
1621 1931 1674 1964 his
1694 1943 1817 1964 conso-

1140 1997 1224 2018 num
1243 1984 1414 2031 quiddam
1436 1985 1496 2018 lib.
1520 1985 1594 2025 IX,
1612 1984 1816 2029 epigramm.

1140 2050 1253 2071 xxviu
1274 2038 1309 2071 in
1327 2039 1513 2072 Chrestum
1532 2036 1717 2083 quemdam
1729 2062 1737 2076 ,
1755 2037 1816 2082 qui

1140 2091 1275 2124 fortean
1294 2090 1387 2124 idem
1406 2103 1444 2124 ae
1462 2100 1581 2124 noster
1598 2102 1693 2123 nunc
1711 2089 1819 2124 Chre·

1139 2144 1262 2177 stillus.
1289 2144 1391 2177 Tunc
1421 2144 1485 2176 erit
1514 2143 1593 2189 quid
1619 2146 1723 2188 sapiat
1754 2155 1817 2188 pro

1140 2210 1230 2243 quam
1254 2197 1369 2229 malum
1387 2199 1490 2242 sapia!
1505 2224 1511 2235 ,
1536 2197 1562 2229 si
1582 2199 1614 2228 ni
1630 2197 1720 2241 legas
1733 2208 1742 2238 ;
1754 2209 1818 2241 pro

1141 2264 1232 2296 quam
1251 2250 1341 2283 dulce
1360 2250 1406 2291 si,
1429 2258 1465 2283 ut
1488 2250 1597 2295 prius.
1617 2249 1657 2282 Et
1672 2249 1740 2282 hoe
1756 2261 1818 2294 ego

1141 2303 1365 2349 praetulerim.
1413 2303 1622 2348 Quanquam
1663 2315 1734 2335 non
1783 2301 1817 2334 id

1142 2357 1396 2393 necessarium,
1416 2365 1450 2389 et
1474 2368 1545 2389 non
1575 2365 1643 2389 tam
1668 2355 1700 2388 in
1736 2367 1819 2388 voce

1144 2423 1211 2443 una
1234 2409 1399 2443 duritiem
1413 2437 1420 2446 ,
1444 2422 1549 2455 quam
1571 2410 1605 2442 in
1630 2408 1819 2442 factitando

1143 2476 1243 2497 versu
1273 2463 1484 2509 imperitiam
1512 2471 1546 2495 et
1578 2461 1818 2507 inelegantiam

1143 2525 1308 2552 venatur:
1335 2515 1431 2562 qnod
1468 2516 1500 2548 in
1529 2528 1646 2548 versus
1669 2515 1819 2548 clausula

1144 2571 1220 2616 qnid
1254 2573 1356 2614 ,ιιψὶαι
1399 2570 1563 2602 occurrit.
1598 2567 1692 2609 Quid
1726 2567 1818 2601 enim

1144 2631 1361 2668 pentametro
1383 2623 1611 2667 inclcgantins
1627 2647 1634 2656 ,
1663 2622 1761 2665 enjus
1786 2621 1818 2652 in

1144 2677 1210 2709 lim—
1234 2689 1298 2709 vox
1320 2674 1551 2720 τρισΰ),λτῐίέεἶ’
1573 2675 1624 2707 En
