1978 3305
402 219 991 263 EPIGRAMMATUM
1029 220 1153 262 LIB.
1191 220 1279 262 XI.
1449 218 1534 264 581

206 310 334 352 Hunc
367 323 518 350 omnes
547 316 716 351 servate
746 307 903 352 ducem
922 342 933 357 ,
960 316 1128 350 servate
1154 316 1374 360 senatum3

274 377 476 421 Moribus
504 377 574 421 hic
600 378 719 421 vivat
742 378 951 438 principis
967 413 978 427 ,
1003 376 1073 420 ille
1100 378 1198 421 suis.

202 493 324 543 To‘v3'
350 492 506 559 Ᾱρχὸν,
533 500 599 546 καὶ
625 501 698 546 τὴν
725 501 877 546 Βουλῆν
906 495 1085 542 σώγοιτε·
1114 498 1180 542 καὶ
1203 503 1226 547 ἡ
1255 501 1324 559 μὲν

969 534 987 550 ff

275 556 416 612 ἤθεσιν
446 572 639 630 ἡγεμόνος
670 565 784 622 ζώοι,
813 573 834 612 ὁ
864 563 909 612 δὲ
937 570 1153 628 σφετέροις.

132 694 316 740 adoptatus
330 706 347 726 a
359 694 471 727 Nerva
487 694 705 739 Imperatore
715 719 724 735 ‚
737 694 812 738 ejus

130 760 258 781 nomen
286 747 446 780 retinuit.
464 745 550 779 Vid.
578 758 682 791 supra
701 740 813 779 ‘nota-

133 810 209 834 tum
233 799 277 834 ad
296 812 384 833 vers.
408 800 440 833 5.

927 695 962 727 8.
974 693 1052 734 Hic,
1065 693 1214 727 Senatus
1224 708 1232 736 3
1242 695 1313 735 Ille,
1330 696 1416 740 Imp.
1434 695 1547 728 Nerva

873 740 924 788 (i.
946 758 976 778 e.
995 746 1166 792 Trajanus
1179 745 1203 787 ).
1224 768 1275 775 —
1293 747 1375 781 Suis.
1397 747 1544 783 Sancti>-

873 811 967 832 51mls
977 810 1114 844 nempe.

810 938 874 992 v.

414 1093 466 1122 {N
509 1093 735 1122 LAUDEM
775 1092 962 1121 NERVAE
1002 1073 1275 1122 ΤΒΑΙΑΝῙ.ἧι

204 1208 380 1249 TANTA
411 1204 488 1247 tibi
514 1213 579 1248 est
605 1205 711 1248 recti
737 1205 1004 1261 reverentia,
1027 1207 1196 1260 Caesar,
1223 1216 1265 1250 et
1293 1206 1424 1266 aequi,

276 1274 456 1331 Quanta
483 1273 641 1317 Numae
668 1273 839 1318 fuerat:
866 1274 941 1318 sed
970 1275 1117 1318 Numa
1142 1292 1309 1337 pauper
1336 1286 1440 1320 erat.

201 1344 353 1389 Ardua
382 1361 450 1389 res
481 1344 574 1388 haec
603 1353 690 1399 est,
715 1344 871 1405 opibus
902 1361 991 1388 non
1018 1345 1192 1390 tradere
1223 1363 1391 1399 mores,

273 1417 331 1459 Et
359 1431 495 1476 quum
526 1424 592 1459 tot
619 1416 795 1459 Croesos
828 1416 1004 1471 viceris,
1036 1432 1127 1460 esse
1155 1418 1358 1460 Numam.

202 1487 247 1530 Si
269 1485 452 1529 redeant
476 1495 672 1540 veteres,
701 1487 891 1546 ingentia
922 1487 1123 1538 nomina,
1151 1497 1318 1547 patres,

201 1610 356 1653 Τόσσον
385 1627 467 1658 σοι,
495 1611 680 1668 Καῖσαρ,
709 1603 868 1669 θέμιδος
899 1606 1017 1659 σέὲας
1047 1609 1132 1652 ἐστὶ
1159 1605 1273 1660 δίκης
1302 1627 1368 1660 τε,

271 1670 419 1722 Ηλίκον
447 1680 530 1739 ἔσχ’
557 1683 576 1722 ὁ
603 1682 764 1738 Νομᾶς·
795 1681 883 1722 ἀλλ’
909 1684 929 1722 ὁ
956 1682 1099 1738 Νομᾶς
1125 1682 1279 1723 πένετο.

200 1736 311 1793 slew
340 1751 393 1809 μὴ
424 1752 590 1805 πλούτῳ
617 1744 818 1810 προδόμεν
846 1752 949 1810 μέγα
978 1750 1131 1807 θαῦμα,
1159 1751 1225 1793 καὶ
1251 1748 1369 1798 εἶναι,

269 1820 505 1863 Τοοσατίων
535 1820 716 1878 Κροίσων
743 1820 938 1881 κρείττον’
968 1821 1108 1872 ἐόντα,
1139 1823 1296 1881 Νομᾶν.

202 1891 250 1933 Εἰ
276 1899 419 1950 φωτῶν
445 1890 620 1934 νίσσοιτο
648 1890 881 1934 παλίσσυτοι
907 1895 1013 1951 φῦλα
1038 1895 1219 1934 παλαιῶν
1235 1927 1243 1941 ,

186 2005 200 2018 ¹
228 2007 316 2051 Traj.
343 2007 474 2040 omittit
502 2006 722 2041 Calderinus.
750 2007 809 2040 Ad

132 2059 269 2093 Nervam
296 2061 481 2104 Trajanum.
505 2058 559 2093 ed.
580 2060 680 2093 Barb.

188 2125 221 2146 ο.
243 2112 309 2146 Sed
335 2113 462 2153 Numa,
486 2121 552 2146 etc.
581 2113 663 2146 Non
690 2114 807 2158 itaque

133 2173 203 2198 tam
221 2164 380 2199 miranda
401 2174 504 2211 atque
532 2163 640 2199 ardua
659 2177 714 2199 res
734 2165 808 2199 haec

132 2218 169 2251 in
196 2227 403 2266 paupertate
431 2226 504 2253 erat
523 2219 635 2264 pietas
667 2226 701 2251 et
731 2230 808 2252 san-

132 2278 244 2306 ctxtas.

187 2323 220 2357 3.
253 2323 404 2356 Tradere.
437 2341 451 2353 ι
479 2323 707 2369 Conjeceram
732 2336 809 2368 pro-

131 2377 222 2417 dere,
243 2375 341 2422 quod
356 2388 401 2410 ne
420 2389 513 2410 nunc
528 2375 672 2422 quidem
691 2375 810 2421 displi-

133 2438 186 2463 cet
200 2429 304 2474 plane
319 2440 327 2462 :
344 2442 363 2463 a
381 2436 520 2474 recepta
538 2437 653 2463 tamen
670 2442 740 2462 non
761 2437 810 2462 te-

132 2493 227 2516 mere
261 2482 473 2516 recesserim.
500 2499 512 2510 ·
543 2483 594 2515 De
628 2482 731 2527 Rooy.
761 2504 810 2508 —

136 2535 259 2580 Opibus
270 2561 278 2575 ‚
294 2544 362 2569 etc.
377 2535 457 2568 Non
468 2535 584 2568 efferri
599 2543 633 2568 et
651 2547 810 2568 corrum-

131 2588 168 2635 pi
197 2600 214 2621 a
242 2587 384 2621 divitiis.
409 2588 490 2621 Non
523 2586 666 2621 tradunt
697 2600 812 2621 mores

133 2641 284 2686 opibus,
322 2642 380 2686 qui
415 2639 531 2687 adepti
562 2641 745 2687 imperium
779 2649 813 2673 et

866 2017 968 2053 opes,
986 2018 1056 2040 uon
1074 2007 1268 2040 abutuntur
1282 2007 1323 2040 iis
1337 2006 1380 2040 ad
1395 2007 1517 2041 fastum
1533 2036 1542 2048 ,

867 2060 1015 2093 aliorum
1035 2060 1297 2106 oppressionem
1312 2069 1346 2093 et
1358 2061 1520 2106 injuriam
1536 2088 1545 2101 ‚

868 2113 927 2158 qui
949 2112 1102 2158 denique
1119 2111 1213 2146 idem
1229 2121 1281 2146 est
1299 2112 1395 2147 dives
1407 2137 1416 2152 ,
1443 2122 1548 2160 atque

868 2178 1003 2211 pauper
1023 2172 1108 2198 erat.

926 2223 958 2258 4.
983 2218 1117 2252 Croceos
1137 2216 1217 2251 cod.
1238 2219 1372 2252 Beverl.
1394 2241 1441 2244 -——
1459 2220 1547 2253 Cra‘-

870 2284 920 2303 sos
946 2273 1071 2304 viceris.
1100 2270 1232 2304 Divites
1253 2283 1366 2316 reges,
1394 2273 1549 2306 Deceba-

869 2324 944 2356 lum
970 2324 1166 2364 Dacorum,
1195 2331 1229 2356 et
1258 2325 1431 2358 Armeniae
1465 2325 1547 2358 Par-

871 2376 1021 2421 thiaeque
1043 2388 1150 2422 reges.
1171 2376 1378 2421 Xiphilinus
1404 2378 1546 2424 inTraj.

870 2451 923 2455 —
933 2429 1012 2462 Non
1033 2428 1139 2463 credo
1153 2441 1214 2474 ego
1230 2429 1289 2463 hic
1303 2429 1404 2463 innui
1416 2443 1549 2464 coaevos

872 2494 979 2527 reges.
999 2482 1198 2515 ED.-Tot
1219 2482 1354 2516 Croesos.
1378 2483 1452 2517 Hoc
1475 2493 1527 2518 est
1541 2510 1549 2519 .

873 2543 924 2568 tot
943 2534 1078 2568 divites.
1104 2536 1244 2568 Croesus
1262 2543 1377 2569 autem
1401 2549 1459 2569 rex
1482 2536 1547 2570 fuit

872 2586 1081 2627 ditissimus,
1104 2588 1202 2632 cujus
1224 2587 1368 2622 historia
1393 2597 1485 2623 nota.

928 2642 958 2674 5.
982 2641 1105 2674 Pan-ss.
1122 2640 1292 2675 Gruterus
1316 2654 1355 2674 ex
1372 2642 1477 2675 Palae.
1501 2642 1548 2673 le-

1324 2703 1336 2725 3

1246 2711 1302 2772 37
