1978 3305
396 235 987 285 EPIGRAMMATUM
1022 234 1149 279 LIB.
1188 235 1241 277 V.

1461 235 1521 293 47

695 389 945 447 XXXI.

274 548 338 577 DE
377 547 520 577 LUDo
561 545 866 576 PUERORUM
905 543 1017 573 CUM
1055 520 1362 572 JUVENCIS.*

181 675 373 727 Asmcss,
392 685 524 731 quam
552 667 734 729 placidis
761 664 938 710 insultet
962 665 1093 709 turba
1109 664 1308 726 juvencis
1330 682 1339 707 :

251 744 310 785 Et
338 756 415 785 sua
444 755 576 800 quam
606 736 744 781 facilis
770 736 966 798 pondera
994 745 1145 780 taurus
1176 745 1304 779 amet.

182 811 403 856 Cornibus
431 810 503 854 hic
528 808 691 870 pendet
719 807 899 851 summis
921 821 1098 867 ;.vagus
1128 804 1198 849 ille
1224 822 1302 867 per
1327 821 1471 850 armos

254 881 430 936 Currit,
455 889 499 924 et
522 881 568 922 in
592 888 686 922 toto
710 876 893 921 ventilat
918 892 1040 920 arma
1067 876 1192 920 bove.

182 952 240 996 At
262 951 409 995 feritas
432 950 614 994 immota
639 949 751 1009 riget
777 964 786 991 :
812 963 901 991 non
924 957 1037 991 esset
1061 962 1195 991 arena

182 1086 329 1128 Λεῦσσ’
355 1089 406 1134 ὡς
434 1083 639 1126 ἀσπασίων
672 1082 737 1125 ἐπὶ
765 1082 922 1141 ταύρων
952 1075 1094 1131 παῖδες
1122 1080 1275 1140 ἀθύρειν

258 1157 494 1214 Τολμῶσιν,
522 1155 562 1212 χ’
588 1158 639 1203 ὡς
671 1155 764 1207 βοῦς
795 1149 950 1211 ἄσμενα
979 1156 1211 1210 νωτοφορεῖ.

183 1228 273 1268 Τῶν
301 1223 477 1285 κεράτων
507 1228 527 1267 ὁ
554 1224 624 1283 μὲν
652 1221 772 1282 ἦρται
797 1223 994 1283 (ἐπήορος,
1020 1221 1061 1272 ὃς
1089 1216 1128 1264 δ’
1154 1221 1361 1273 ἐπαληθεὶς

254 1298 345 1337 Τῶν
371 1297 532 1348 νώτων,
558 1288 612 1336 δι’
643 1296 738 1337 ὅλου
767 1292 901 1352 θηρίου
932 1296 1170 1352 ὁπλομαχεῒ.

184 1358 386 1427 Ᾱγριότης
415 1363 520 1425 ἀτὰρ
548 1365 661 1424 ἡρέμ’
687 1364 790 1423 ἔχει,
814 1364 851 1407 κ’
877 1365 921 1406 οὐ
946 1357 1123 1424 γήπεδον
1148 1364 1256 1406 οὕτω

433 1441 452 1453 ὀ

166 1500 182 1515 ⁴¹
200 1504 397 1551 Descriptio
416 1502 518 1537 valde
539 1501 678 1548 poetica
704 1514 791 1548 pue-

113 1569 237 1591 rorum
247 1557 408 1603 juvencis
419 1555 649 1590 insidentium
659 1579 668 1597 ‚
683 1563 717 1589 et
728 1566 792 1600 per

115 1612 234 1644 omnia
261 1611 391 1644 horum
420 1609 577 1643 membra
605 1617 736 1642 temere
757 1615 792 1641 et

114 1662 292 1709 impavide
305 1662 577 1697 discurrentium
590 1687 599 1704 ,
612 1661 718 1707 paulo
734 1674 793 1694 an-

114 1724 150 1750 te
169 1724 344 1751 certamen
364 1715 579 1749 animalium.
598 1715 667 1748 ED.

167 1791 219 1796 --
237 1769 401 1802 Parabola
429 1771 514 1801 tauri
534 1768 662 1801 lemma
683 1774 735 1801 est
753 1766 790 1800 in

114 1821 196 1857 cod.
214 1822 367 1856 Florent.

173 1886 187 1908 1
197 1900 206 1909 .
218 1874 360 1908 Placidis
373 1901 382 1916 ‚
403 1881 470 1908 etc.
487 1873 601 1915 Quam
616 1871 792 1919 intrepide

115 1928 152 1962 in
189 1927 392 1974 spectaculis
412 1951 423 1967 ‚
461 1927 563 1972 pueri
602 1924 793 1960 desultoria

114 1980 264 2027 quadam
297 1989 370 2014 arte
403 1979 602 2013 discurrant
634 1979 793 2012 inambu-

114 2034 257 2080 lentque
275 2046 340 2080 per
360 2041 456 2079 terga
473 2033 582 2066 boum
601 2030 794 2066 ludibundi

115 2095 150 2121 et
164 2088 442 2121 velitantes.Vox
448 2085 584 2131 placidis
597 2098 670 2119 non
679 2092 794 2131 potest

87 2175 95 2180 ,
111 2140 181 2174 nisi
212 2139 256 2174 ad
286 2148 404 2174 tauros
430 2139 567 2173 referri.
591 2159 645 2167 —-
668 2139 701 2172 T
699 2138 789 2171 urba.

115 2193 324 2227 Puerorum.

172 2259 204 2279 2.
218 2247 268 2279 Et
281 2259 351 2280 sua.
370 2246 415 2279 Et
432 2244 519 2278 hinc
536 2251 635 2290 patet
654 2244 791 2278 cicura-

115 2306 169 2332 tos
205 2299 322 2332 fuisse.
357 2320 410 2325 —
439 2298 589 2331 Pondera
604 2324 613 2338 ‚
649 2305 715 2330 etc.
746 2297 792 2331 Et

116 2363 220 2397 quam
238 2351 411 2397 patienter
429 2351 636 2384 submittant
654 2362 690 2383 se
710 2362 791 2395 per-

115 2405 336 2438 currentibus
355 2403 475 2450 pueris
494 2404 612 2436 boves.
629 2403 789 2436 Pondera.

116 2458 327 2491 Puerorum.

171 2513 205 2550 4.
234 2511 283 2543 Et
303 2512 335 2542 in
364 2516 439 2542 toto.
470 2508 546 2542 Hoc
575 2515 625 2542 est
637 2531 646 2547 ‚
678 2508 792 2541 vibrat

115 2563 183 2597 tela
194 2576 235 2596 ex
247 2562 414 2596 omnibus
427 2569 611 2595 taurorum
621 2561 792 2606 partibus.

117 2638 170 2643 —
199 2616 352 2649 Ventilat.
379 2614 561 2648 Ventilare
586 2613 793 2648 dicebantur

118 2668 326 2714 gladiatores
342 2694 351 2710 ‚
382 2680 490 2714 quum
529 2676 606 2701 ante
643 2679 794 2712 pugnam

851 1514 931 1535 suos
949 1502 1158 1547 quassabant
1177 1500 1309 1547 gladios
1322 1526 1333 1543 ‚
1353 1509 1387 1536 et
1402 1502 1529 1548 praelu-

851 1554 981 1589 debant
1002 1555 1195 1589 certamini.
1222 1556 1289 1589 En.

907 1608 940 1642 5.
958 1608 1137 1652 Alcferc'tas
1152 1608 1189 1641 in
1207 1606 1429 1654 quibusdam.
1447 1609 1528 1643 Ant.

850 1660 889 1693 de
908 1662 1001 1707 Rooy
1017 1662 1109 1706 conj.
1138 1661 1183 1694 Ut
1198 1663 1316 1705 feritas
1335 1664 1462 1695 immota
1484 1665 1528 1696 ri-

848 1722 904 1758 get
919 1719 931 1747 !
964 1726 1046 1747 cum
1077 1713 1318 1748 admirationis
1348 1723 1432 1748 nota
1445 1742 1455 1756 ,
1488 1723 1530 1749 ut

851 1765 946 1813 apud
983 1767 1127 1801 Terent.
1157 1768 1249 1801 Eun.
1281 1768 1316 1801 ΙΙ
1332 1793 1341 1807 ,
1378 1780 1395 1801 2
1414 1794 1423 1810 ‚
1456 1767 1501 1809 43
1517 1780 1526 1802 :

853 1834 866 1847 n
880 1819 930 1853 Ut
948 1819 1052 1854 falsus
1069 1820 1178 1854 animi
1195 1828 1245 1855 est
1260 1821 1268 1854 1
1290 1838 1304 1851 »
1325 1820 1426 1854 Adde
1439 1821 1527 1855 Hor.

852 1872 909 1914 II,
928 1872 998 1906 Sat.
1023 1885 1116 1913 vm,
1145 1876 1190 1908 62
1209 1887 1219 1916 ;
1241 1873 1341 1919 Virg.
1362 1876 1445 1908 AEn.
1466 1875 1501 1907 II
1516 1900 1527 1917 ,

856 1927 953 1967 282;
980 1934 1015 1959 et
1038 1926 1159 1961 Nostr.
1191 1927 1253 1960 lib.
1283 1928 1384 1968 XIV,
1414 1927 1526 1973 epigr.

851 1991 922 2012 cu.
945 1977 1013 2012 Sed
1031 1979 1239 2024 particulam
1255 1988 1290 2012 at
1310 1979 1404 2013 haud
1419 1980 1527 2014 inele-

852 2039 974 2077 ganter
991 2045 1249 2078 nonnunquam
1272 2033 1308 2066 in
1329 2032 1528 2067 admiratIO-

851 2097 896 2118 ne
912 2084 1105 2119 adhibitam
1119 2085 1290 2120 videmus.
1310 2085 1415 2120 Ovid.
1435 2087 1526 2121 Fast.

851 2138 888 2171 II
899 2162 909 2179 ‚
929 2137 1000 2182 395
1015 2164 1024 2179 ‚
1038 2146 1072 2172 et
1085 2139 1205 2172 Heins.
1222 2138 1320 2173 Idem
1333 2141 1416 2173 Ant.
1433 2141 1524 2185 conj.

851 2190 954 2224 etiam
968 2216 976 2230 ‚
996 2192 1048 2224 At
1065 2194 1168 2225 cervia:
1188 2194 1316 2225 immota
1334 2194 1415 2237 riget
1430 2219 1438 2232 ,
1456 2193 1525 2227 hoc

851 2252 920 2286 est,
947 2244 1102 2283 intenta,
1135 2253 1251 2278 erecta
1276 2253 1366 2286 stat,
1388 2258 1433 2279 ne
1463 2245 1526 2280 de·

849 2297 1037 2330 volvantur
1059 2298 1280 2331 inhaerentes.
1310 2297 1414 2331 Ovid.
1438 2299 1524 2334 Met.

851 2351 941 2383 VIII
957 2377 967 2391 ,
991 2351 1086 2391 2843
1103 2351 1182 2384 Sen.
1206 2351 1348 2384 Hercul.
1371 2352 1439 2386 fur.
1461 2353 1523 2397 73.

816 2448 819 2451 y
850 2402 1033 2449 Denique,
1052 2403 1107 2437 his
1128 2416 1200 2436 non
1221 2413 1422 2445 contentus,
1440 2418 1525 2450 pro-

850 2456 990 2501 posuit:
1010 2456 1060 2490 At
1076 2458 1179 2490 cervia:
1199 2458 1324 2490 immota
1346 2460 1443 2492 timet.
1467 2459 1523 2493 Cf.

850 2508 911 2541 lib.
931 2509 969 2549 I,
991 2509 1100 2555 epigr.
1122 2522 1197 2550 vu,
1224 2510 1268 2544 23
1285 2536 1294 2552 ‚
1317 2519 1350 2544 et
1376 2512 1440 2545 105
1460 2524 1469 2553 ;
1492 2521 1526 2546 et

853 2560 958 2595 Ovid.
978 2562 1063 2596 Met.
1087 2564 1104 2596 I
1120 2589 1129 2604 ,
1155 2562 1201 2597 65
1211 2576 1241 2597 2.
1260 2585 1313 2590 ——-
1334 2565 1387 2598 At
1397 2565 1527 2607 feritas.

854 2614 909 2647 Illi
929 2616 1060 2661 quippe
1083 2617 1174 2650 tauri
1202 2617 1255 2650 vel
1280 2625 1374 2651 certe
1401 2616 1526 2652 defati-

856 2668 922 2712 gati
937 2693 947 2709 ‚
968 2669 1020 2703 vel
1048 2670 1163 2715 potius
1191 2679 1288 2704 erant
1310 2670 1455 2705 cicures.
1475 2691 1527 2696 —
