1978 3305
382 245 966 289 EPIGRAMMATUM
1004 245 1127 287 LIB.
1166 245 1251 286 IX.

1417 242 1512 302 [⁸27

741 394 895 450 LVI.

615 552 684 580 An
723 531 1021 580 FLACCUM.*

186 677 313 719 LUCE
339 674 707 735 propinquorum,
727 688 813 732 qua
835 671 1022 732 plurima
1043 672 1229 715 mittitur
1249 670 1336 715 ales
1349 706 1359 723 ‚

255 746 375 788 Dum
403 742 545 787 Stellae
567 741 719 787 turdos
734 777 746 798 ‚
771 741 876 785 dum
898 742 997 796 tibi,
1018 740 1194 797 Flacce,
1219 757 1350 802 paro,

187 815 409 858 Succurrit
430 813 555 857 nohis
577 814 729 874 ingens
749 828 1020 873 onerosaque
1046 812 1198 866 turba,

254 886 308 928 In
336 900 420 945 qua
447 900 491 928 se
519 884 709 944 primum
738 884 920 944 quisque
947 899 1180 943 meumque
1208 891 1348 943 putat.

186 956 463 999 Demeruisse
488 954 618 1009 duos,
639 963 791 998 votum
819 963 883 997 est
904 970 912 996 :
937 953 1161 997 offendere
1187 952 1356 1013 plures,

256 1025 342 1069 Vix
371 1034 513 1069 tutum
537 1041 546 1067 ε
570 1023 717 1069 multis
743 1025 916 1068 mittere
941 1023 1079 1080 dona,
1107 1040 1240 1083 grave
1265 1033 1341 1067 est.

186 1096 285 1153 Qua
309 1112 486 1156 possum
509 1094 599 1139 sola
620 1096 791 1139 veniam
817 1095 985 1138 ratione
1009 1094 1233 1149 merebor3

256 1166 349 1210 Nec
374 1165 516 1210 Stellae
540 1165 691 1210 turdos
707 1201 717 1221 ‚
743 1182 823 1210 nec
852 1165 931 1209 tibi
946 1200 957 1220 ,
979 1164 1155 1221 Flacce,
1175 1164 1301 1208 dabo.

171 1291 185 1304 ¹
218 1292 348 1325 Omnes
383 1292 595 1325 membranae
639 1300 673 1325 et
709 1292 791 1325 libri

119 1345 210 1392 typis
229 1344 405 1390 impressi,
424 1345 496 1378 sive
513 1345 628 1378 excusi
646 1372 655 1386 ‚
669 1345 705 1377 in
722 1345 790 1378 hoc

117 1398 319 1445 epigramm.
337 1397 535 1430 exhibendo
555 1399 793 1433 consentiunt.

117 1473 169 1478 —-
184 1451 334 1483 Veniam
364 1450 451 1495 petit
484 1450 579 1496 quod
610 1451 645 1483 in
679 1451 792 1483 chari-

118 1504 209 1544 stiis‚
224 1504 319 1536 nulla
334 1504 456 1537 Flacco
471 1512 528 1536 aut
542 1504 655 1537 Stellae
679 1503 793 1537 mittat

118 1569 284 1597 munera;
303 1569 456 1590 caussam
473 1556 600 1597 adfert,
620 1569 664 1589 ne
679 1557 793 1590 offen-

118 1609 176 1643 dat
186 1610 303 1655 plures
312 1635 320 1649 ,
331 1608 414 1642 dum
425 1610 543 1654 paucis
553 1618 685 1642 tantum
697 1618 795 1655 parat

119 1675 273 1695 munera.
290 1662 400 1707 Igitur
416 1663 520 1702 nulli,
539 1663 671 1708 inquit,
682 1662 772 1695 dabo
784 1688 793 1703 ‚

119 1724 158 1748 ut
171 1715 289 1748 nullus
305 1727 392 1760 aegre
409 1716 516 1756 ferat;
533 1714 637 1749 credo
652 1715 794 1748 Poetam

118 1768 215 1801 nulla
225 1768 399 1809 habuisse,
410 1768 456 1800 im
463 1781 520 1800 mo
530 1767 740 1802 desiderasse
750 1769 793 1802 ab

119 1820 355 1854 aliis-Num
364 1821 422 1854 hic
435 1822 615 1854 Valerium
633 1822 795 1854 Flaccum

119 1874 279 1907 Setinum
314 1874 461 1906 Balbum
492 1873 710 1921 alloquitur?
735 1874 795 1920 qui

120 1939 265 1971 poeseos
284 1925 386 1959 laude
406 1927 605 1960 Flaviorum
628 1927 796 1973 tempori·

120 1980 185 2013 bus
208 1979 373 2013 inclaruit
388 2004 398 2021 ‚
421 1989 454 2013 et
483 1988 563 2013 octo
591 1980 690 2013 libris
709 1993 796 2014 non-

120 2031 205 2065 dum
216 2033 414 2066 absolutum
429 2045 552 2078 poema
565 2033 720 2078 reliquit,
738 2034 795 2067 cui

121 2086 243 2118 titulus
261 2086 508 2130 Argonautica.
521 2087 584 2120 Ille
602 2095 693 2120 certe
705 2087 796 2119 Mar-

120 2138 193 2171 tiali
212 2137 454 2172 amicissimus.
467 2140 511 2172 Et
529 2151 739 2185 quamquam
753 2138 796 2172 de

122 2203 163 2224 eo
182 2191 238 2224 hic
254 2191 307 2236 agi
320 2191 407 2224 nihil
427 2191 643 2226 demonstret
655 2219 665 2234 ‚
678 2193 733 2225 vel
755 2204 797 2225 ex

121 2243 189 2277 hoc
216 2243 425 2277 crediderim
452 2244 547 2290 quod
577 2245 691 2278 Stellae
717 2257 796 2278 eum

119 2296 252 2342 jungit,
283 2297 343 2341 qui
365 2305 399 2330 et
426 2298 499 2342 ipse
518 2297 613 2331 haud
632 2298 796 2343 ignobilis

122 2357 236 2394 poeta.
256 2349 325 2382 ED.

181 2415 194 2435 1
206 2429 213 2435 .
231 2402 313 2434 Luce
327 2404 582 2448 propinquorum.
598 2402 691 2436 Vide
709 2415 797 2448 prae-

122 2453 248 2487 cedens
281 2454 502 2500 epigramma.
537 2456 589 2488 De
626 2456 799 2489 charistiis

123 2507 228 2540 ovid.
247 2508 308 2540 lib.
327 2508 362 2540 Π
377 2534 386 2548 ,
406 2508 494 2541 Fast.
516 2511 610 2552 617;
628 2521 731 2552 quem
751 2509 800 2541 lo·

123 2573 202 2593 cum
218 2562 289 2605 jam
312 2560 495 2594 retulimus
511 2573 589 2606 pag.
608 2562 693 2601 425.
713 2562 778 2594 En.

180 2626 211 2645 2.
233 2614 318 2646 Dum
349 2613 467 2647 Stellae.
498 2614 603 2647 Poeta
626 2613 721 2648 haud
749 2615 798 2647 vi-

850 1291 949 1324 lioris
976 1300 1088 1332 notae,
1108 1290 1152 1324 de
1182 1304 1251 1337 quo
1273 1291 1334 1324 lib.
1358 1293 1396 1332 I,
1419 1292 1528 1337 epigr.

850 1345 1130 1378 vnn—Flam.
1148 1344 1241 1378 Vide
1260 1357 1377 1389 supra.

907 1397 940 1430 3.
963 1397 1127 1430 Succurrit
1145 1410 1211 1443 pro
1231 1399 1398 1436 Occurrit,
1424 1397 1528 1430 offert

851 1462 923 1483 sese
935 1450 1022 1483 mihi
1033 1450 1411 1496 obvia.——Onerosaque
1425 1449 1526 1482 turba.

852 1504 1056 1536 Amicorum
1076 1504 1201 1544 turha,
1220 1504 1348 1549 quibus
1367 1503 1530 1536 omnibus

851 1569 996 1589 munera
1033 1557 1061 1589 si
1088 1557 1215 1589 vellem
1248 1557 1412 1598 mit‘tere,
1441 1556 1529 1589 mihi

854 1609 943 1643 soret
971 1622 1171 1642 onerosum.

909 1667 942 1703 4.
963 1663 1002 1695 In
1029 1675 1090 1710 qua
1112 1676 1145 1695 se
1170 1664 1324 1707 primum,
1360 1671 1424 1696 etc.
1455 1662 1530 1695 Hoc

853 1723 923 1756 est,
942 1716 1044 1761 cujus
1058 1727 1186 1760 nempe
1203 1715 1270 1748 sibi
1286 1714 1427 1749 videtur
1445 1715 1530 1747 ami-

853 1768 933 1801 citia
955 1781 1028 1801 mea
1044 1795 1053 1810 ,
1075 1768 1129 1801 his
1155 1769 1371 1802 munusculis
1391 1768 1530 1814 potissi-

854 1833 951 1854 mum
981 1820 1118 1867 dignus.
1149 1821 1256 1854 ,Μειιιη
1282 1834 1349 1855 vox
1380 1830 1430 1854 est
1463 1834 1531 1866 qua

855 1875 978 1908 caritas
1000 1882 1034 1907 et
1059 1887 1158 1908 amor
1185 1875 1315 1908 multus
1343 1873 1531 1908 indicatur.

911 1928 944 1961 5.
981 1928 1176 1961 Demeruisse
1208 1928 1297 1961 duos.
1336 1928 1533 1960 Demeruisse

855 1979 947 2013 idem
964 1989 1066 2014 sonat
1082 1992 1120 2014 ac
1136 1983 1293 2014 meruisse.
1307 1981 1340 2014 Is
1358 1993 1440 2025 ergo
1457 1993 1533 2013 sen-

854 2046 911 2066 sus
937 2041 1010 2066 est:
1034 2033 1209 2067 Beneficio
1234 2033 1322 2066 mihi
1347 2033 1532 2066 conciliare

854 2093 888 2119 te
909 2095 943 2119 et
966 2086 1106 2120 Stellam
1130 2087 1304 2120 volebam.
1326 2085 1394 2119 Sed
1426 2086 1531 2118 timeo

855 2147 889 2172 et
903 2151 1062 2184 neque03
1080 2152 1161 2172 nam
1181 2140 1209 2173 si
1222 2138 1360 2173 duobus
1378 2139 1505 2171 misero
1523 2165 1532 2180 ,

856 2192 938 2225 alios
960 2191 1158 2234 offendam,
1179 2191 1278 2238 quod
1300 2192 1447 2224 maxime
1472 2204 1531 2224 ve-

855 2257 955 2287 reor3
977 2246 1006 2278 si
1027 2245 1211 2286 omnibus,
1230 2257 1305 2278 rem
1327 2245 1534 2278 familiarem

857 2298 1092 2331 conturbabo.

911 2363 944 2395 7.
974 2350 1130 2384 Merebor.
1163 2350 1317 2395 Respicit
1350 2349 1394 2383 ad
1434 2349 1530 2395 quod

858 2403 956 2448 prius
974 2403 1109 2437 dixerat
1129 2404 1339 2437 Demeruisse.

914 2457 945 2489 8.
977 2456 1045 2489 Nec
1072 2456 1193 2489 Stella».
1221 2457 1271 2490 Ut
1296 2469 1336 2489 cx
1355 2456 1428 2490 aliis
1448 2456 1534 2489 mihi

859 2509 979 2542 amicis
996 2521 1101 2542 nemo
1114 2518 1354 2554 conqueratur
1367 2518 1400 2543 et
1417 2522 1471 2542 me
1487 2509 1536 2542 in-

858 2562 946 2607 grati
975 2562 1081 2595 animi
1109 2562 1287 2596 insimulet
1310 2575 1317 2595 :
1340 2563 1389 2596 sic
1412 2563 1533 2596 festive

859 2628 894 2648 se
913 2623 1053 2649 excusat
1075 2616 1190 2649 Poeta.
