1978 3305
303 216 883 262 EPIGRAMMATUM
921 216 1047 258 LIB.
1076 215 1194 256 VII.

1351 211 1449 273 269

584 355 919 411 LXXXII.

517 512 583 539 DE
631 509 983 538 MENOPHILO.

123 633 397 676 Mmopmm
428 647 582 692 penem
613 640 703 673 tam
735 628 909 690 grandis
939 627 1070 671 fibula
1101 630 1248 681 vestit,

196 703 258 746 Ut
289 702 344 745 sit
373 700 582 745 comoedis
611 699 814 743 omnibus
840 713 926 742 una
957 698 1071 741 satis.

126 774 253 816 Hunc
279 788 359 832 ego
389 770 656 815 credideram
684 765 802 826 (nam
832 767 1165 829 saepelavamur
1194 768 1235 810 in
1265 766 1419 823 unum)

195 840 435 885 Sollicitum
465 841 563 884 voci
591 855 791 901 parcere,
814 838 989 893 Flacce,
1012 854 1098 882 suae
1121 854 1128 880 :

127 913 246 956 Dum
273 911 381 955 ludit
410 910 578 965 media,
608 908 770 971 populo
795 918 1041 970 spectante,
1068 907 1286 969 palaestra‚

194 972 384 1043 Delapsa
415 991 480 1026 est
509 982 667 1025 misero
697 979 853 1034 fibula3
881 995 1039 1040 verpus
1067 988 1171 1022 erat.

115 1108 145 1130 1.
160 1096 333 1143 ,Menophili
345 1110 474 1142 pennem
489 1097 526 1130 in
543 1095 625 1129 edd.
643 1104 726 1129 vett.

57 1147 136 1182 Ald.
170 1150 269 1183 Junt.
305 1150 422 1184 Colin.
456 1157 490 1183 et
517 1149 656 1195 Gryph.
676 1170 729 1174 —-

58 1202 237 1247 Menophili
259 1215 367 1247 penem
399 1212 460 1235 tam
484 1202 636 1247 grandis,
663 1209 728 1234 etc.

58 1254 138 1295 Quo
166 1255 242 1288 loco
275 1264 397 1288 notant
426 1256 632 1301 interpretes
658 1253 729 1287 duo

59 1306 246 1341 fibularum
278 1320 403 1353 genera
437 1307 574 1341 fuisse:
608 1319 655 1340 sc.
676 1307 730 1339 in-

58 1358 264 1394 dumentum
283 1386 293 1402 ,
315 1373 385 1406 quo
407 1360 731 1407 comprimebantur

59 1413 161 1446 simul
188 1422 222 1447 et
243 1414 448 1459 tegebantur
467 1412 641 1454 verenda3
657 1421 731 1446 turn

59 1465 158 1498 filum
187 1478 321 1500 aeneum
350 1474 623 1512 argenteumque
647 1477 734 1511 prae-

59 1519 161 1564 pntio
177 1520 369 1565 trajectum.
382 1520 582 1565 Utrumque
597 1519 732 1552 falsum.

61 1571 150 1604 Nam
171 1585 284 1617 neque
302 1572 398 1605 filum
422 1573 525 1606 fuisse
545 1572 664 1606 Celsus
683 1572 735 1604 in-

60 1623 177 1666 dicat,
208 1626 267 1671 qui
300 1637 319 1658 a
350 1625 410 1658 filo
431 1625 578 1658 fibulam
609 1624 735 1658 distin-

59 1677 157 1724 guit,
184 1686 218 1711 et
241 1678 302 1711 filo
327 1686 488 1724 exempto
509 1677 655 1711 fibulam
679 1677 734 1710 in-

61 1729 170 1765 ditam
189 1729 292 1765 docet
315 1742 322 1764 :
348 1743 463 1777 neque
486 1731 736 1764 vestimentum

62 1783 138 1817 fuit.
156 1784 319 1818 Annulus
335 1784 427 1817 enim
438 1783 506 1817 fuit
518 1784 735 1830 promiscuus

63 1847 104 1869 ex
130 1849 221 1878 aere,
246 1837 283 1870 in
309 1835 519 1882 paedagogiis
549 1836 592 1870 ad
616 1837 736 1869 luxum

63 1897 271 1934 argenteus;
297 1889 412 1935 isque,
438 1902 484 1923 ne
518 1889 616 1923 facile
650 1889 737 1923 solvi

63 1950 196 1987 posset,
216 1955 234 1976 a
253 1943 352 1976 fabro
370 1943 449 1988 igne
472 1942 713 1988 glutinabatur
726 1967 736 1982 ‚

64 2002 99 2028 et
117 1995 160 2028 ab
180 1994 323 2036 eodem,
338 2008 446 2042 quum
461 2008 549 2041 opus
569 2004 669 2031 esset,
688 2007 740 2028 re-

65 2046 298 2090 fibulabatur,
323 2049 394 2082 sive
412 2048 619 2082 solvebatur.
643 2047 739 2090 Quid

67 2112 149 2146 ergo
166 2101 265 2135 theca
291 2102 349 2135 illa
373 2110 407 2136 et
429 2101 544 2143 aluta,
562 2101 739 2147 fibulaque

67 2165 194 2198 penem
228 2155 377 2188 vestiens
410 2153 505 2200 apud
540 2155 739 2188 Martialem

66 2205 164 2239 fuit?
183 2207 317 2253 Nempe
339 2207 593 2253 subligaculum
620 2216 654 2241 et
679 2220 740 2242 va·

67 2258 146 2304 gina
165 2259 341 2305 quaedam,
366 2262 464 2305 cujus
484 2273 566 2294 usus
594 2273 666 2294 non
697 2259 741 2294 ad

68 2311 331 2346 custodiendam
367 2325 515 2355 vocem;
549 2315 611 2358 qui
645 2313 741 2346 enim

68 2364 144 2397 fieri
163 2373 316 2411 poterat,
341 2365 369 2399 si
399 2374 470 2398 tam
499 2366 599 2400 facile
629 2378 742 2399 remo-

68 2417 233 2458 vebatur,
261 2427 295 2452 et
325 2426 449 2463 sponte
476 2417 651 2452 cadebat?
673 2418 742 2453 Sed

786 1095 977 1128 honestatis
991 1106 1093 1127 causa
1107 1092 1337 1127 adhibebatur
1347 1117 1355 1129 ‚
1371 1105 1460 1139 prae-

788 1148 892 1193 cipue
915 1160 933 1180 a
954 1146 1084 1181 Judaeis
1104 1145 1148 1179 ad
1169 1145 1350 1180 celandam
1372 1159 1460 1191 prae-

788 1201 978 1239 cisionem,
1006 1200 1066 1245 qui
1093 1207 1209 1232 tamen
1230 1212 1302 1232 non
1329 1199 1462 1232 infibu-

788 1253 860 1294 lati,
874 1266 938 1286 nec
963 1253 1056 1285 enirn
1075 1260 1250 1298 poterant,
1265 1264 1375 1297 quum
1393 1252 1464 1297 pel-

786 1306 896 1339 licula
915 1314 1088 1342 carerent,
1110 1318 1187 1351 quae
1204 1305 1462 1349 trajiciebatur3

788 1358 884 1404 quod
906 1358 1062 1404 Josepho
1087 1358 1262 1403 Scaligero
1284 1357 1465 1402 negotium

789 1412 976 1445 facessebat
999 1425 1005 1444 :
1031 1410 1091 1444 sed
1126 1411 1209 1457 quia
1245 1411 1376 1453 ferme,
1405 1411 1463 1456 qui

791 1465 963 1498 infibulati
983 1472 1099 1506 erant,
1123 1464 1225 1497 etiam
1244 1463 1382 1497 thecam
1395 1463 1464 1496 hu-

788 1517 962 1564 jusmodi,
978 1526 1013 1550 et
1034 1517 1162 1550 alutam
1181 1517 1376 1562 gestabant;
1393 1517 1466 1550 sive

793 1580 832 1604 ut
867 1571 1032 1611 laterent,
1067 1570 1138 1603 sive
1164 1582 1208 1603 ne
1232 1569 1342 1602 nimio
1363 1577 1465 1603 motu

793 1632 895 1669 atque
925 1624 1065 1657 incussu
1093 1623 1244 1656 annulus
1275 1631 1390 1656 cutem
1412 1622 1469 1655 lae-

794 1676 894 1710 deret
906 1702 915 1718 ‚
937 1676 1008 1710 sive
1030 1676 1131 1709 aliam
1154 1677 1199 1709 ob
1216 1687 1363 1709 causam.
1380 1675 1466 1708 Pro-

792 1738 910 1776 pterea
950 1729 1144 1775 improprie
1183 1741 1259 1762 eam
1298 1727 1468 1761 Martialis

793 1783 935 1816 fibulam
957 1782 1142 1828 appellavit
1153 1807 1162 1822 ‚
1178 1794 1254 1827 quae
1267 1781 1377 1815 fibula
1394 1793 1467 1814 non

795 1844 868 1869 erat
882 1861 891 1877 ,
911 1834 969 1869 sed
990 1835 1106 1881 potius
1123 1834 1239 1868 fibulae
1257 1834 1365 1880 ipsius
1382 1842 1470 1867 tuta-

795 1901 897 1930 men;
923 1901 1032 1934 quum
1053 1896 1222 1933 praeterea
1237 1887 1356 1921 Celsus
1377 1886 1470 1919 fibu-

794 1943 865 1975 lam
886 1941 1067 1975 meliorem
1092 1940 1219 1974 dixerit
1242 1953 1312 1986 quo
1337 1940 1469 1973 levior:

797 2003 831 2028 at
845 1995 920 2028 haec
943 2007 1023 2040 quae
1043 1993 1087 2027 ad
1106 1992 1292 2027 celandum
1308 1993 1448 2026 inventa
1463 2017 1472 2032 ‚

797 2046 883 2082 adeo
919 2047 1031 2093 gravis
1053 2072 1063 2087 ‚
1099 2055 1138 2080 ut
1163 2047 1309 2080 Judaeum
1347 2046 1471 2090 pondus

797 2101 966 2134 Martialis
984 2099 1128 2141 dixerit,
1149 2113 1219 2146 quo
1238 2098 1471 2132 recutitorum

798 2154 944 2199 inguina
964 2153 1204 2186 trahebantur.
1225 2152 1402 2185 Ferrarius.

854 2210 887 2241 6.
915 2207 1037 2251 Ver-pus
1059 2214 1140 2239 erut.
1162 2204 1325 2244 Judaeus,
1346 2204 1401 2236 vel
1419 2216 1474 2237 re-

800 2260 930 2294 cutitus
945 2271 953 2293 :
968 2259 1130 2292 utebatur
1143 2267 1256 2291 autem
1270 2257 1377 2289 fibula
1393 2253 1475 2294 (illa

799 2313 918 2359 priore
943 2311 1054 2345 modo
1083 2305 1200 2353 dicta)
1229 2308 1274 2344 ad
1295 2307 1477 2342 velandam

800 2366 995 2411 περιτομὴν,
1013 2365 1068 2397 vel
1084 2376 1128 2397 ne
1146 2371 1328 2409 cogeretur
1344 2360 1479 2396 solvere

802 2419 975 2452 tributum
991 2443 999 2458 ,
1025 2416 1069 2450 de
1098 2429 1169 2461 quo
1194 2428 1299 2461 supra
1316 2442 1325 2456 ‚
1345 2416 1422 2456 LV,
1444 2417 1477 2449 8.
