1978 3305
456 215 549 262 136

448 301 658 348 desperatis,
680 302 776 337 Otho
799 302 900 337 salvis
918 304 989 349 jam
1011 311 1045 336 et
1065 303 1121 336 in-

451 355 581 400 tegris;
611 355 670 389 ille
692 354 819 394 taedio,
843 355 901 389 hic
929 354 1011 389 odio
1039 355 1124 390 belli

449 408 561 442 civilis
585 420 622 442 se
641 407 826 442 interfecit.
839 407 959 441 Vitam
980 409 1124 442 mollem

448 461 533 495 forti
552 469 664 494 morte
685 460 934 495 cohonestavit.
956 461 1030 494 Alii
1047 455 1124 505 (in-

450 513 526 558 quit
550 511 714 552 Tacitus)
741 513 859 547 diutius
887 515 1048 559 imperium
1077 521 1124 546 te-

451 573 602 606 nuerunt,
631 577 718 599 nemo
746 574 810 598 tam
827 566 959 608 fortiter
986 567 1121 612 reliquit.

820 217 883 261 M.
910 219 1050 262 VAL.
1089 217 1485 263 MARTIALIS

1182 303 1249 337 Dio
1270 317 1277 336 :
1312 321 1326 334 ι
1340 303 1509 350 Regnavit
1529 303 1626 337 Otho
1649 301 1723 336 dies
1748 315 1860 336 nona-

1182 356 1301 402 ginta,
1325 369 1504 402 quumque
1528 356 1677 403 pessime
1699 355 1860 389 omnium

1182 409 1339 448 vixisset,
1356 417 1516 443 mortuus
1532 417 1583 443 est
1599 408 1859 449 honestissime,

1183 468 1220 495 et
1251 461 1440 507 imperium
1454 487 1464 504 ‚
1493 460 1589 507 quod
1619 473 1700 495 cum
1733 472 1860 506 magno

1182 514 1312 548 scelere
1326 515 1516 556 invaserat,
1531 526 1613 548 cum
1628 514 1776 548 maxima
1792 513 1862 547 vir·

1182 575 1257 601 tute
1272 566 1448 613 deposuit.
1464 585 1478 597 ι
1502 567 1620 600 Rader.

987 707 1310 764 XXXIII.

931 863 989 891 IN
1035 843 1383 892 SABELLUM.*

521 972 614 1015 Nu
641 970 948 1026 miserabilius,
973 971 1130 1015 Matho
1144 1006 1156 1027 ,

1181 971 1403 1032 paedicone
1430 969 1601 1015 Sabello

593 1040 776 1095 Vidisti,
802 1058 888 1102 quo
911 1040 971 1085 nil
994 1040 1131 1086 laetius
1155 1051 1255 1085 ante
1283 1041 1378 1086 fuit.

521 1113 677 1167 Furta,
704 1111 843 1172 fugae,
865 1121 1029 1156 mortes
1057 1128 1310 1168 servorum,
1335 1112 1558 1167 incendia,
1583 1111 1726 1156 luctus

588 1181 803 1242 Affligunt
831 1182 1053 1226 hominem
1077 1201 1086 1225 ε
1114 1192 1203 1227 tam
1232 1184 1384 1239 miser,
1412 1192 1455 1226 et
1483 1179 1642 1227 futuit!

505 1317 520 1331 '¹
533 1321 594 1356 Ad
610 1321 794 1355 Mathonem
811 1321 937 1355 lemma
957 1330 1007 1355 est
1024 1321 1129 1368 hujus

450 1374 706 1421 epigrammatis
728 1374 766 1407 in
786 1373 909 1408 codice
924 1374 1127 1408 Pulmanni.

510 1441 541 1462 1.
563 1427 701 1462 Sabello.
725 1428 778 1460 De
799 1439 870 1474 quo
889 1427 952 1460 lib.
975 1427 1050 1470 III,
1072 1440 1127 1473 ep.

452 1492 578 1514 xcvnt.
593 1479 687 1513 Vide
712 1488 747 1513 et
769 1480 832 1514 lib.
857 1480 914 1523 II,
940 1480 1050 1526 epigr.
1075 1492 1127 1514 n.

454 1533 583 1567 Misere
606 1532 790 1579 deperibat
806 1545 933 1577 pueros
953 1533 1130 1575 Sabellus,

452 1585 514 1620 sed
535 1585 728 1632 dilapidato
753 1586 968 1632 patrimonio
993 1595 1131 1620 coactus

453 1647 505 1672 est
527 1651 642 1673 amare
660 1639 842 1682 mulieres3
873 1651 940 1685 qua
960 1638 1004 1672 de
1030 1651 1132 1673 causa

454 1691 505 1726 nil
531 1692 668 1727 Sabello
697 1692 929 1726 miserabilius
951 1705 1023 1726 esse
1043 1691 1132 1726 dicit

455 1745 576 1780 Poeta:
588 1758 696 1791 quum
708 1747 743 1779 τὸ
755 1746 961 1779 miserabilius
971 1744 1133 1780 videatur

1187 1322 1309 1355 referri
1321 1320 1364 1355 ad
1374 1321 1550 1355 honorum
1558 1323 1728 1367 jacturam
1740 1347 1749 1363 ‚
1761 1333 1865 1366 quain

1187 1386 1305 1420 passus
1329 1383 1402 1408 erat
1427 1383 1610 1420 premente
1639 1374 1779 1407 miseria
1803 1373 1865 1406 Sa·

1189 1427 1312 1461 bellus.

1244 1485 1277 1521 4.
1294 1481 1462 1526 Affligunt
1479 1480 1629 1512 hominem
1643 1507 1652 1519 ,
1669 1487 1732 1512 tam
1751 1481 1866 1511 miser?

1189 1532 1225 1566 in
1236 1531 1668 1567 edd.vett.VideTurneb.
1678 1532 1739 1565 lib.
1750 1532 1866 1573 XXV,

1189 1598 1266 1632 cap.
1298 1599 1357 1631 27.
1384 1607 1437 1612 -—
1458 1587 1538 1619 Tam
1566 1588 1673 1626 miser,
1701 1593 1732 1617 ee
1743 1585 1866 1628 futuit!

1190 1638 1235 1672 Et
1269 1638 1409 1673 miseria
1442 1638 1659 1672 miseriarum
1689 1638 1764 1671 haec
1796 1645 1846 1671 est
1857 1663 1866 1679 ‚

1191 1691 1287 1738 quod
1303 1691 1434 1726 amissis
1451 1692 1533 1737 fuga
1551 1700 1586 1725 et
1601 1699 1714 1725 morte
1728 1690 1864 1737 pueris,

1192 1744 1355 1779 detrusus
1377 1754 1427 1779 est
1446 1744 1489 1778 ad
1506 1745 1681 1778 mulieres.
1692 1744 1865 1789 Scoptice.

1014 1885 1298 1941 XXXIV.

888 2043 959 2070 AD
1012 2042 1427 2071 DlADUMENUM.

524 2172 666 2213 BASIA
697 2168 752 2212 da
778 2168 926 2222 nobis,
950 2167 1246 2221 Diadumene,
1274 2183 1422 2228 pressa
1446 2184 1454 2209 :
1486 2169 1630 2225 Quot,
1663 2165 1834 2228 inquis?

591 2239 757 2284 Oceani
783 2239 941 2284 fluctus
966 2255 1035 2282 me
1058 2254 1290 2282 numerare
1311 2238 1461 2298 jubes3

509 2390 539 2412 1.
559 2378 647 2423 Quot
669 2380 797 2424 iuquit?
817 2376 969 2422 Langius
990 2375 1128 2422 aliique.

451 2451 503 2458 -—
523 2431 623 2464 Basia
651 2431 694 2463 da
717 2430 817 2464 nobis.
838 2431 889 2463 De
911 2428 1128 2462 Diadumeno

444 2487 519 2530 jam
542 2491 656 2517 actum
677 2483 738 2516 lib.
760 2485 835 2524 111,
854 2483 964 2528 epigr.
985 2489 1128 2524 inv‚et

448 2538 511 2571 lib.
526 2537 576 2579 V,
590 2537 699 2582 epigr.
719 2549 831 2570 van.

505 2603 538 2623 ².
562 2590 827 2635 Oceanislttctm.
842 2587 927 2622 Vid.
943 2588 1124 2622 Theocrit.

447 2644 593 2687 χαρίσινς
610 2642 764 2688 Philipp.
783 2641 1125 2688 Epigrammatarius.

1189 2375 1356 2421 Eupolis:
1378 2376 1516 2421 ἀριθμεῖν
1543 2377 1662 2414 θεατὰς
1688 2375 1865 2420 ψαμμακο-

1189 2430 1285 2468 σίους.
1316 2428 1398 2461 Haec
1435 2427 1629 2462 similitudo
1667 2429 1867 2474 frequenter

1188 2482 1353 2515 occurrit.
1373 2481 1530 2516 Fortasse
1549 2490 1664 2515 autem
1683 2481 1756 2514 haec
1772 2481 1868 2514 Mar-

1187 2535 1278 2568 tialis
1307 2535 1411 2568 verba
1441 2536 1484 2568 ab
1511 2535 1568 2567 illa
1593 2534 1866 2581 superstitione,

1186 2600 1254 2634 qua
1291 2600 1477 2621 numerum
1509 2587 1639 2621 fascino
1666 2587 1865 2621 obnoxium

1187 2641 1439 2675 existimarunt.
1459 2641 1592 2674 Hemld.
