1978 3305
444 220 507 265 80

814 222 876 265 M.
899 222 1039 265 VAL.
1079 221 1470 268 MARTIALIS

583 308 694 365 Qui,
716 308 937 363 Mariane,
957 306 1070 352 tuae?
1092 306 1306 368 crispulus
1336 310 1416 354 iste
1440 312 1536 372 quis
1562 311 1653 355 est?
1674 305 1676 307 ’

512 378 670 423 Nescio
693 377 799 438 quid
823 377 1011 421 dominae
1031 387 1226 421 teneram
1248 380 1322 439 qui
1341 381 1477 439 garrit
1497 382 1540 424 in
1561 397 1709 426 aurem
1724 417 1735 436 ,

578 450 636 492 Et
658 447 806 492 sellam
829 447 978 492 cubito
1003 446 1248 492 dexteriore
1271 449 1458 509 premit?

509 519 592 562 Per
616 518 737 578 cujus
764 517 922 578 digitos
946 518 1083 562 currit
1102 517 1208 562 levis
1228 518 1416 564 annulus
1440 536 1614 576 omnes3
1832 542 1846 565 5

579 590 720 632 Crura
745 588 855 648 gerit
876 586 996 632 nullo
1017 589 1092 649 qui
1111 587 1271 632 violata
1289 588 1406 650 pilo?

509 657 581 702 Nil
609 658 716 701 mihi
740 657 1005 719 respondes?
1029 659 1174 703 uxoris
1198 675 1265 703 res
1293 661 1404 721 agit,
1427 661 1592 721 inquis,

577 730 666 772 Iste
694 744 800 772 meae
821 746 830 772 ε
853 745 955 773 sane
981 738 1126 773 certus
1149 738 1193 773 et
1217 745 1344 791 asper
1367 730 1502 774 homo
1528 740 1617 786 est,

508 800 840 843 Procuratorem
864 798 990 843 vultu
1010 799 1084 860 qui
1109 799 1313 860 praeferat
1336 801 1456 861 ipso;

578 870 732 914 Acrior
760 869 847 914 hoc
874 870 1010 914 Chius
1038 886 1128 913 non
1156 879 1249 913 erat
1278 870 1488 915 Aufidius.
1818 902 1848 917 ,ο

507 942 548 985 O
577 955 707 1001 quam
733 939 891 1002 dignus
918 956 1013 984 eras
1036 939 1193 1001 alapis,
1216 941 1441 996 Mariane,
1469 938 1633 985 Latini!

575 1013 636 1054 Te
664 1027 966 1055 successurum
992 1009 1124 1054 credo
1150 1026 1232 1070 ego
1257 1009 1508 1056 Panniculo.

495 1179 526 1200 2.
558 1165 732 1212 Crispulus.
758 1165 864 1198 Poeta
890 1163 1014 1198 irridet
1037 1165 1112 1198 Ma·

436 1219 574 1253 rianum
589 1219 652 1264 qui
670 1219 789 1264 inepte
802 1216 979 1259 crederet,
994 1229 1113 1262 quem-

436 1272 516 1306 ‹lam
534 1271 729 1317 crispulum
743 1296 753 1313 ‚
778 1270 847 1304 hoc
873 1277 946 1312 est,
969 1270 1112 1303 mollem

436 1333 470 1359 et
495 1325 628 1370 capillis
649 1324 771 1370 crispis
789 1325 974 1368 juvenem,
995 1322 1119 1356 uxoris

435 1390 504 1412 suae
518 1390 591 1411 esse
609 1385 889 1423 procuratorem.

492 1435 524 1471 4.
539 1430 656 1464 Sellanz
677 1430 780 1462 cubito
796 1456 805 1470 ,
828 1437 894 1463 etc.
916 1427 1111 1471 Incumbit,

436 1484 599 1518 innititur
613 1483 705 1517 sellae
724 1482 843 1517 uxoris
863 1490 940 1515 tuae.

491 1537 525 1571 5.
545 1537 611 1569 Per
628 1537 715 1581 cujus
742 1536 881 1580 digitos,
912 1542 978 1568 etc.
1000 1534 1111 1580 Cujus

435 1590 677 1636 unusquisque
716 1587 846 1637 digitus
879 1587 1011 1621 annulo
1047 1600 1110 1620 suo

434 1643 533 1677 nitet.
556 1644 624 1676 En.

489 1699 524 1730 6.
556 1695 658 1729 Crura
681 1697 765 1740 get-it
779 1721 788 1735 ‚
817 1702 883 1727 etc.
914 1694 981 1728 Cui
1008 1706 1110 1727 crura

435 1747 598 1794 depilata.
612 1748 691 1781 Lib.
706 1749 743 1780 II
756 1773 765 1789 ‚
785 1747 894 1792 epigr.
910 1759 1010 1787 xxu,
1024 1759 1058 1780 v.
1074 1759 1108 1791 7.

490 1814 524 1847 7.
550 1801 665 1834 Uxores
681 1827 691 1842 ‚
712 1808 777 1834 etc.
800 1801 862 1833 Est
880 1807 1110 1845 procurator,

434 1855 494 1900 qui
514 1854 636 1888 uxoris
656 1853 793 1898 negotia
816 1852 903 1886 obit.

486 1908 520 1941 8.
541 1907 625 1941 Sane
637 1920 736 1939 corcus
745 1904 954 1939 Beverlandi
970 1905 1045 1938 MS.
1058 1926 1110 1931 —

432 1961 517 1994 Sane
533 1968 652 2001 certus,
672 1967 737 1993 etc.
755 1958 925 1992 Martialis
942 1957 1106 2003 respond.

432 2015 466 2047 Is
495 2013 559 2047 tibi
586 2025 670 2047 sane
697 2019 843 2058 propter
867 2010 1083 2057 diligentiam
1098 2036 1108 2052 ,

431 2066 675 2108 attentionem,
691 2066 838 2099 formam
852 2073 886 2098 et
901 2064 1042 2097 vultum
1057 2064 1108 2097 vi-

431 2119 535 2154 detur
552 2132 624 2153 esse
637 2126 846 2165 procurator
856 2130 950 2159 acer;
968 2129 1031 2162 ego
1046 2130 1107 2151 au·

433 2181 503 2206 tem
522 2172 696 2219 perspicio
710 2171 810 2205 illum
828 2183 900 2205 esse
917 2171 1088 2204 moechum
1100 2196 1110 2212 ‚

433 2239 503 2271 quo
519 2239 591 2259 non
605 2224 769 2259 Aufidius
780 2224 966 2271 insignior:
979 2222 1022 2257 de
1039 2237 1109 2269 quo

435 2279 518 2312 Auf.
538 2280 666 2312 Juvcn.
690 2278 762 2312 Sat.
783 2290 840 2319 lx,
861 2290 912 2311 vs.
941 2277 1001 2310 25.
1025 2277 1108 2311 Pos-

433 2339 515 2365 sunt
544 2340 577 2364 et
606 2332 681 2365 haec
706 2331 866 2365 Mariano
892 2328 1107 2364 collaudanti

433 2385 626 2430 crispulum
640 2385 735 2418 hunc
749 2410 757 2425 ‚
774 2392 807 2417 et
822 2383 1019 2430 praeferenti
1036 2384 1108 2428 ejus

433 2437 648 2483 diligentiam
671 2438 855 2471 attentioni
882 2435 1014 2470 Aufidii
1037 2437 1108 2470 Lu-

434 2491 480 2524 sci
494 2517 503 2532 ,
517 2491 577 2536 qui
596 2503 613 2523 e
630 2490 771 2524 decuria
785 2491 977 2524 scribarum
999 2490 1108 2523 factus

435 2552 485 2578 cst
506 2552 660 2589 praetor,
690 2543 800 2576 tribui
824 2552 858 2576 et
887 2543 1108 2584 continuari,

436 2609 544 2642 usque
559 2596 601 2630 ad
616 2597 688 2631 haee
708 2597 810 2629 verba
821 2623 829 2636 ,
847 2598 878 2627 ()
889 2610 979 2640 quam
996 2596 1106 2640 dignm

432 2663 518 2689 vras,
543 2658 605 2682 etc.

1227 1178 1261 1210 9.
1302 1182 1316 1194 u
1335 1163 1568 1198 scribendum
1596 1174 1648 1199 est
1678 1177 1719 1200 ex
1743 1165 1847 1200 codd.

1173 1219 1226 1263 qui
1239 1218 1395 1262 proeftrat
1413 1231 1513 1264 aequo.
1535 1217 1669 1263 Vulgo,
1691 1221 1745 1265 qui
1760 1232 1848 1264 μνω-

1166 1271 1255 1313 set-at
1271 1272 1337 1315 ipso
1354 1283 1366 1303 .·
1388 1269 1484 1316 quod
1498 1270 1755 1306 substituerunt
1775 1272 1848 1314 illi,

1171 1322 1232 1368 qui
1251 1335 1323 1356 nou
1347 1331 1418 1356 tam
1436 1323 1637 1368 aequitatem
1662 1325 1698 1357 in
1720 1337 1848 1370 procu-

1171 1383 1287 1409 ratore
1305 1376 1437 1421 requiri
1461 1377 1653 1422 putabant,
1678 1389 1784 1422 quam
1808 1386 1849 1412 ut

1171 1428 1296 1462 acriter
1313 1428 1448 1463 nitatur
1463 1441 1528 1474 pro
1546 1442 1588 1463 eo
1600 1455 1609 1471 ,
1623 1431 1724 1475 cujus
1741 1443 1846 1476 nego-

1170 1481 1260 1515 tium
1282 1483 1384 1527 gerit.
1410 1480 1479 1514 Sed
1501 1483 1593 1515 vultu
1612 1496 1702 1528 aequo
1721 1491 1772 1517 est
1792 1496 1846 1518 re-

1170 1533 1383 1580 spondenti,
1414 1535 1603 1576 referenti,
1632 1536 1768 1581 aequali.
1791 1536 1846 1571 Sic

1169 1587 1368 1633 aequitatem
1403 1588 1642 1621 membrorum
1676 1589 1842 1634 Augusti,

1169 1653 1235 1685 pro
1252 1640 1448 1686 aequalitate
1462 1652 1523 1674 seu
1536 1641 1738 1687 symmetria
1751 1667 1760 1683 ,
1776 1642 1847 1676 lau-

1168 1692 1228 1726 dat
1244 1693 1443 1727 Suetonius.
1461 1710 1474 1723 »ι
1498 1694 1551 1727 Ita
1572 1694 1692 1728 scribit
1709 1694 1847 1729 Grono-

1168 1746 1245 1780 vius
1259 1745 1302 1779 ad
1322 1745 1409 1780 Stat.
1426 1759 1461 1792 p.
1482 1747 1569 1791 397.

1227 1812 1281 1833 ιο.
1296 1799 1371 1833 Νοη
1387 1801 1446 1832 eric
1466 1798 1628 1845 Atfidhcs.
1645 1799 1726 1834 ΑΜ.
1745 1801 1766 1834 J
1769 1809 1844 1835 unt.

1169 1852 1284 1886 Colin.
1310 1873 1362 1879 --
1378 1853 1453 1886 Non
1479 1861 1549 1885 erat
1569 1852 1733 1898 Aufidius.
1761 1854 1847 1888 Μω-

1168 1905 1254 1938 chus
1271 1905 1471 1939 notissimus
1490 1917 1529 1939 ex
1549 1906 1675 1939 Juven.
1692 1906 1762 1940 Sat.
1787 1919 1845 1948 1x,

1173 1958 1229 1992 25.
1246 1958 1371 1992 Sensus
1385 1967 1433 1991 est
1448 1969 1456 1991 :
1473 1957 1634 1993 Aufidius
1645 1959 1755 1993 Chius
1770 1972 1843 1993 non

1167 2020 1254 2045 esset
1265 2020 1472 2057 procurator
1487 2012 1625 2057 gravior
1638 2024 1703 2046 uec
1715 2013 1844 2047 certior

1167 2065 1234 2098 hoc
1250 2065 1416 2110 crispulo.

1226 2131 1238 2151 1
1254 2130 1282 2151 1.
1302 2118 1334 2151 O
1347 2130 1439 2163 quam
1455 2118 1570 2161 dignas
1582 2143 1590 2159 ,
1608 2125 1672 2151 etc.
1691 2117 1722 2151 O
1739 2116 1843 2163 digne

1168 2171 1228 2216 qui
1258 2171 1293 2203 in
1318 2170 1522 2216 spectaculis
1545 2170 1771 2204 theatralibus
1795 2171 1841 2204 ri—

1167 2236 1246 2257 sum
1268 2236 1406 2257 moveas
1422 2223 1601 2268 alaparum
1621 2224 1843 2259 contumeliis

1168 2285 1331 2322 exceptus
1349 2303 1358 2317 ‚
1374 2289 1446 2309 non
1460 2288 1556 2310 secus
1576 2289 1614 2310 ac
1631 2276 1843 2311 Panniculus

1168 2330 1294 2363 minius
1316 2342 1332 2362 a
1351 2330 1474 2363 Latino
1486 2355 1495 2370 ‚
1513 2329 1639 2363 moechi
1662 2330 1713 2363 sui
1730 2338 1843 2376 partes

1168 2392 1287 2428 agente
1300 2409 1307 2423 ,
1331 2394 1459 2423 caesus3
1481 2381 1561 2415 vide
1575 2383 1637 2416 lib.
1656 2383 1710 2423 ΙΙ,
1735 2382 1843 2428 epigr.

1169 2448 1278 2470 Lxxii.
1297 2456 1349 2461 —-
1366 2437 1492 2481 Alapis.
1511 2437 1562 2468 De
1577 2436 1682 2481 alapis
1698 2448 1736 2469 ac
1757 2436 1843 2469 sala-

1167 2489 1264 2534 pinis
1283 2516 1291 2530 ,
1312 2489 1441 2534 quibus
1460 2487 1590 2534 stupidi
1610 2497 1643 2521 et
1663 2487 1708 2521 de
1725 2489 1843 2522 uxori-

1168 2543 1232 2575 bus
1262 2542 1332 2574 suis
1364 2555 1486 2587 parum
1514 2541 1650 2575 solliciti
1681 2542 1842 2587 objurga·

1169 2596 1298 2628 bantur
1326 2595 1359 2628 in
1387 2595 1521 2638 mimis,
1545 2593 1625 2627 vido
1653 2593 1841 2628 Heralduni

1173 2647 1212 2681 nd
1238 2649 1367 2681 Ariwl».
1389 2648 1447 2681 lib.
1474 2648 1552 2679 Vll.
