1978 3305
461 251 556 297 518

830 253 891 296 M.
919 254 1058 297 VAL.
1097 254 1490 298 MARTIALIS

595 341 637 384 Si
662 340 765 400 quid
797 340 1086 385 honorificum
1113 342 1271 402 pagina
1299 340 1457 385 blanda
1482 352 1630 397 sonat3

526 412 622 453 Hoc
645 420 692 453 tu
716 411 877 471 pingue
899 420 1048 472 putas,
1070 421 1114 456 et
1133 421 1298 456 costam
1320 411 1474 456 rodere
1495 413 1653 467 mavis,

595 479 675 523 Ilia
705 481 936 526 Laurentis
963 498 1099 542 quum
1125 481 1204 527 tibi
1231 482 1384 526 demus
1415 483 1521 543 apri.

529 551 740 594 Vaticana
768 551 916 608 bibas,
946 553 980 596 si
1009 551 1236 597 delectaris
1260 562 1406 608 acet03

594 621 696 664 Non
723 620 826 666 facit
852 621 908 666 ad
933 623 1208 667 stomachum
1232 633 1381 667 nostra
1403 621 1556 684 lagena
1581 632 1721 668 tuum.

455 741 543 773 dulce
565 740 674 774 libelli.
694 742 914 776 Amatorium
928 767 938 785 ‚
956 742 1130 789 nuptiale,

455 793 697 827 salutatorium
709 820 718 836 ,
732 795 886 830 etc.Vid.
896 804 969 830 not.
981 795 1130 841 praeced.

510 860 542 879 2.
564 847 783 893 Honorficum
802 875 811 889 ‚
847 857 913 883 etc.
945 849 1130 882 Encomia-

457 907 595 932 sticum.

511 952 544 985 3.
567 953 640 985 Hoc
666 952 814 997 languere
834 952 916 987 cod.
942 954 1126 988 Pulinann.

457 1012 489 1037 et
507 1012 620 1037 tostam
638 1017 705 1050 pro
724 1014 851 1039 costam.
863 1028 914 1032 --
933 1006 1061 1039 Costam
1078 1020 1129 1040 ro-

456 1057 538 1091 dere.
559 1058 766 1103 Metaphora
787 1067 855 1100 est,
880 1060 980 1104 cujus
1004 1069 1055 1093 est
1072 1060 1130 1093 hic

456 1123 604 1144 sensus:
634 1111 782 1144 Carmen
817 1111 1028 1146 maledicum
1066 1113 1132 1146 tibi

1189 743 1307 790 potius
1328 744 1503 789 placeret,
1520 755 1626 789 quam
1648 752 1809 792 tenerum
1833 752 1866 776 et

1190 795 1370 830 blandum.

1247 850 1281 883 5.
1299 849 1470 882 Vaticana.
1490 850 1583 882 Vina
1601 848 1731 882 scilicet
1750 849 1864 882 acerbi

1189 902 1321 948 saporis
1343 914 1351 935 :
1371 903 1432 935 lib.
1454 903 1490 942 Ι,
1512 902 1622 948 epigr.
1643 914 1723 943 xix,
1745 914 1793 935 vs.
1821 914 1837 934 2
1858 928 1867 942 ‚

1189 955 1298 988 etlib.
1317 955 1388 996 VI,
1401 955 1510 1000 epigr.
1530 967 1616 988 xcn.

1244 1009 1277 1040 6.
1294 1008 1415 1042 Nostra
1431 1008 1555 1052 lagena.
1573 1011 1647 1041 Hoc
1666 1015 1740 1048 est,
1759 1008 1866 1040 nostri

1190 1072 1308 1094 versus
1338 1058 1484 1100 (lenes,
1514 1059 1652 1102 dulces,
1680 1059 1840 1093 amatorii
1861 1086 1868 1100 ‚

1191 1111 1272 1154 etc.)
1291 1113 1355 1147 tibi
1373 1125 1449 1147 non
1469 1113 1701 1147 conveniunt.

1052 1234 1223 1292 XLV
1238 1236 1282 1293 I.

902 1389 911 1397 .
944 1372 1000 1401 IN
1039 1351 1390 1401 ΜΑΤΗΟΝΕΜΪι

529 1486 697 1526 (mmm
728 1482 792 1525 vis
821 1479 955 1537 belle,
979 1479 1160 1533 Matho,
1185 1479 1330 1524 dicere
1357 1497 1365 1523 :
1397 1479 1466 1524 dic
1492 1477 1726 1540 aliquando

598 1554 656 1596 Et
681 1552 791 1596 bene
814 1569 823 1595 :
849 1551 918 1596 dic
941 1561 1146 1595 neutrum
1171 1568 1180 1594 :
1202 1550 1272 1595 dic
1296 1549 1530 1612 aliquando
1556 1549 1682 1594 male.

514 1668 526 1683 '¹
558 1673 735 1706 Mathonis
770 1671 954 1706 caussidici
982 1671 1135 1706 studium

460 1726 599 1759 dicendi
623 1725 766 1759 videtur
787 1737 928 1772 carpere
944 1753 953 1767 ,
978 1724 1074 1771 quod
1095 1737 1136 1758 eo

461 1780 582 1813 Matho
600 1780 772 1812 referebat
784 1804 794 1820 ‚
807 1792 878 1813 non
893 1787 932 1812 ut
950 1779 1057 1819 bene,
1075 1777 1136 1812 sed

463 1841 502 1866 ut
521 1833 612 1866 belle
631 1831 774 1865 diceret.

518 1897 530 1917 1
541 1912 548 1918 .
560 1886 649 1918 Belle
660 1912 669 1925 ‚
684 1885 798 1917 Matho
807 1912 816 1925 ,
833 1885 944 1918 dicere.
954 1885 1137 1918 Placenter

460 1947 494 1972 et
513 1938 555 1972 ad
577 1939 792 1983 voluptatem
819 1937 1036 1971 audientium
1051 1963 1060 1978 ,
1082 1938 1136 1970 vel

459 2004 500 2025 ex
511 1991 640 2037 regulis
649 1991 840 2024 rhetorices
853 1999 886 2024 et
896 1991 1136 2036 grammatices

459 2053 493 2078 et
506 2044 588 2077 artis
600 2044 794 2077 lenociniis.
806 2044 888 2077 Erat
901 2044 1023 2077 Matho
1040 2042 1134 2089 quod

458 2110 521 2131 nos
549 2109 711 2130 vocamus
740 2110 781 2129 tm
807 2100 938 2143 puriste.
968 2096 1024 2130 Sic
1053 2097 1134 2130 Per-

459 2151 528 2184 sius
542 2158 605 2184 sat.
617 2151 633 2182 Ι
646 2177 655 2192 ,
665 2163 714 2183 vs.
734 2149 980 2184 86.—Matho.
999 2150 1051 2183 De
1064 2162 1134 2195 quo

459 2204 520 2237 lib.
538 2204 604 2244 IV,
625 2203 736 2248 epigr.
755 2216 856 2236 ωαχ.

516 2270 549 2289 2.
566 2257 612 2289 El
629 2257 715 2289 bene.
728 2255 803 2289 Hoc
820 2264 892 2296 est,
909 2254 952 2288 ad
969 2266 1044 2288 rem
1059 2267 1137 2300 pro·

458 2310 622 2354 positam.
643 2330 695 2336 —
717 2309 903 2355 Aliquando
929 2308 1021 2342 male.
1059 2309 1134 2341 Hoc

459 2371 509 2395 est
525 2388 534 2403 ‚
568 2362 712 2407 Neglige
740 2360 916 2395 interdum
951 2361 1135 2395 rhetoricae

458 2424 629 2460 praecepta
642 2439 649 2451 ‚
670 2423 704 2448 et
722 2413 856 2448 nudam
876 2415 1056 2448 veritatem
1080 2427 1136 2448 ex-

456 2480 574 2512 pone:
598 2468 676 2508 vel,
699 2477 738 2501 ut
762 2468 808 2501 ait
836 2468 1027 2502 Farnabius
1047 2480 1054 2501 t
1078 2468 1134 2500 In·

458 2520 611 2560 tei-dum,
633 2521 685 2553 vel
704 2521 947 2567 potentissimo
968 2521 1049 2554 vitia
1072 2533 1133 2554 ex-

458 2574 608 2617 probra,
636 2587 698 2607 uec
726 2587 866 2620 semper
889 2573 983 2608 dicas
1016 2575 1130 2607 onmia

1058 2650 1060 2652 -
1083 2628 1131 2661 lta

461 2692 580 2713 omnes
599 2681 686 2721 fone,
703 2693 788 2725 qnos
809 2679 951 2726 quidem
973 2682 1037 2726 logi
1050 2707 1058 2720 ‚
1076 2694 1131 2713 ex-

457 2626 499 2659 ad
529 2627 793 2660 assentationem
825 2627 986 2661 divitum.

1194 1670 1338 1716 plicant.
1363 1670 1485 1704 Malim
1512 1679 1626 1705 tamen
1655 1671 1704 1705 sic
1724 1671 1869 1718 intelligi

1195 1727 1293 1770 quasi
1325 1724 1452 1758 Noster
1471 1724 1612 1766 innuat,
1631 1725 1679 1758 nil
1706 1724 1773 1758 sibi
1793 1737 1869 1770 gra-

1195 1777 1272 1810 vius
1294 1789 1397 1823 quam
1415 1776 1540 1823 putida
1556 1777 1630 1811 haec
1652 1777 1741 1811 bella
1763 1779 1869 1812 verba

1195 1830 1430 1864 affectantium
1467 1838 1502 1864 et
1525 1831 1729 1864 venantium
1753 1831 1870 1865 elocu-

1194 1883 1265 1925 tio;
1295 1884 1356 1930 qui
1388 1884 1416 1917 si
1443 1883 1549 1929 quid,
1579 1884 1688 1916 immo
1711 1884 1739 1917 si
1761 1884 1869 1917 multa

1194 1937 1370 1983 eleganter
1389 1944 1423 1969 et
1444 1936 1562 1982 lepide
1584 1936 1749 1979 efferant,
1769 1938 1816 1970 ob
1834 1936 1870 1970 id

1195 1997 1311 2023 tamen
1329 1990 1443 2023 minus
1461 1990 1619 2035 placent,
1633 1990 1716 2035 quia
1733 1990 1870 2035 elegan-

1194 2043 1251 2076 tiae
1269 2041 1410 2077 laudem
1432 2042 1599 2088 aucupari
1621 2041 1814 2081 videantur,
1836 2052 1871 2076 et

1194 2095 1367 2141 quidquid
1392 2096 1543 2128 locuturi
1563 2104 1647 2128 sunt
1673 2094 1735 2129 diu
1759 2095 1869 2129 medi-

1194 2157 1326 2182 tentur.
1345 2149 1436 2193 Ergo
1451 2174 1461 2190 ,
1476 2149 1522 2182 ait
1544 2149 1668 2188 Poeta,
1686 2161 1759 2181 non
1777 2149 1871 2194 opti-

1193 2215 1249 2235 me
1263 2202 1379 2235 onmia
1392 2201 1462 2241 dic,
1477 2200 1536 2235 sed
1546 2202 1647 2242 bene,
1665 2200 1700 2234 id
1711 2202 1791 2235 satis
1801 2210 1851 2235 est
1866 2216 1876 2244 ;

1193 2254 1302 2287 immo
1316 2263 1349 2288 et
1366 2255 1463 2289 male.
1476 2255 1520 2287 Et
1531 2253 1573 2288 ad
1587 2253 1622 2287 id
1634 2254 1780 2296 faciunt,
1792 2267 1871 2300 quae

1195 2320 1304 2353 supi-a
1325 2308 1426 2341 toties
1455 2307 1591 2341 iteravit
1612 2307 1793 2353 paululum
1812 2320 1869 2341 va-

1192 2361 1298 2394 riata:
1326 2378 1340 2391 «
1357 2361 1448 2394 Sunt
1474 2362 1581 2401 bona,
1609 2369 1689 2394 sunt
1709 2360 1867 2406 quasdam

1193 2413 1401 2455 mediocria,
1424 2422 1503 2447 sunt
1526 2414 1614 2446 mala
1637 2414 1767 2454 multa,
1783 2415 1870 2455 Quae

1193 2468 1276 2513 legis
1293 2468 1349 2500 hic
1371 2479 1377 2500 :
1397 2468 1495 2500 aliter
1514 2479 1585 2499 non
1603 2465 1662 2508 fit,
1684 2466 1785 2499 Avito
1798 2491 1807 2505 ,
1828 2467 1869 2499 li-

1194 2522 1263 2554 ber.
1275 2521 1337 2553 ·=Et
1348 2521 1441 2553 libX
1453 2521 1497 2558 11.
1509 2532 1624 2559 Lxxu,
1639 2519 1680 2553 ad
1698 2520 1869 2553 Lausum:

1198 2592 1209 2603 ιι
1232 2574 1388 2619 Triginta
1406 2581 1479 2607 toto
1498 2574 1583 2606 mala
1601 2581 1678 2605 sunt
1699 2573 1869 2618 epigram-

1195 2635 1281 2660 mata
1301 2628 1391 2660 libro
1407 2640 1416 2666 ;
1434 2627 1467 2660 Si
1486 2625 1629 2659 totidem
1651 2626 1742 2658 bona
1766 2634 1868 2666 sunt,

1201 2681 1309 2714 Lauso
1323 2705 1332 2715 ,
1362 2680 1447 2712 liber
1471 2681 1580 2712 bonus
1598 2687 1656 2711 est.
1675 2697 1686 2707 ι·
1710 2679 1772 2711 len.
