1978 3305
417 200 476 243 28

787 205 848 247 M.
873 206 1012 249 VAL.
1053 207 1442 250 MARTIALIS

553 290 609 332 Et
639 300 767 334 acuta
797 292 971 338 senibus
1002 303 1109 338 testa
1141 310 1239 338 cum
1268 294 1558 348 damascenis,

552 360 712 403 Praeter
741 360 908 406 libellos
938 363 1140 408 vernulas
1168 363 1275 407 nihil
1305 365 1426 420 misi;

552 430 751 475 Fortasse
774 447 930 476 avarus
954 433 1122 489 videar,
1144 443 1219 477 aut
1249 433 1525 485 inhumanus.

552 499 638 542 Odi
662 499 835 545 dolosas
862 519 1094 547 munerum
1118 513 1160 548 et
1183 502 1318 548 malas
1343 513 1468 549 artes.

551 569 784 614 Imitantur
808 571 961 616 hamos
986 573 1100 618 dona
1123 592 1131 617 :
1158 590 1346 635 namque
1370 574 1466 635 quis
1492 575 1651 629 nescit,

550 639 739 684 Avidum
765 652 917 686 vorata
940 643 1081 706 decipi
1105 660 1278 689 scarum
1306 643 1489 689 musca?

552 709 735 766 Quoties
760 713 902 757 amico
924 713 1048 758 diviti
1072 714 1180 759 nihil
1202 714 1359 770 donat,

549 779 591 822 O
619 780 855 838 Quintiane
874 819 886 839 ‚
915 783 1102 829 liberalis
1129 795 1193 829 est
1221 801 1399 846 pauper.

466 900 499 934 3.
523 900 572 933 Et
591 910 696 936 acuta.
724 904 794 938 Vas
819 913 1005 939 testaceum
1031 906 1084 938 in-

411 951 540 998 tellige,
549 953 698 1000 plenum
710 957 834 1002 prunis
850 958 1084 1000 Damascenis,

408 1017 560 1049 quorum
583 1008 796 1043 mentionem
822 1010 905 1044 facit
932 1011 1082 1053 Plinius,

410 1057 472 1091 lib.
496 1059 606 1103 XIII,
629 1074 704 1107 cap.
733 1063 769 1097 5.
794 1065 982 1098 Damascus
998 1087 1008 1102 ,
1031 1064 1084 1097 vel

412 1111 622 1147 Damascum
636 1141 645 1157 ,
664 1115 794 1149 nobilis
813 1115 920 1161 Syriae
937 1117 1058 1151 civitas
1075 1129 1083 1149 :

412 1164 493 1205 alii,
523 1166 663 1208 Sclmm,·
693 1167 773 1210 alii,
801 1169 888 1203 Siam
914 1183 932 1203 a
961 1170 1085 1203 Turcis

413 1218 529 1252 vocari
552 1219 736 1254 affirmant.
767 1221 859 1256 Vide
884 1223 944 1256 lib.
972 1223 1085 1263 XIII,

412 1270 522 1315 epigr.
543 1285 639 1306 xxxx.
666 1294 716 1298 ——
741 1274 846 1308 Testa.
867 1276 957 1308 Vase
984 1283 1086 1309 testa-

414 1334 476 1356 ceo
505 1333 606 1359 metae
623 1352 632 1367 ,
665 1338 727 1359 seu
757 1328 906 1361 turbinis
938 1329 1086 1362 formam

413 1375 578 1416 habente,
601 1396 614 1408 α
633 1380 819 1424 Nunquam
842 1381 984 1414 turbine
1003 1393 1088 1415 con-

414 1426 507 1463 ditus
536 1432 652 1464 ruenti
673 1432 874 1466 Prunorum
901 1434 1049 1479 globus;
1070 1451 1082 1463 n

414 1480 522 1528 Papin
529 1509 536 1516 .
544 1506 597 1510 -—
606 1484 737 1518 Senibus
750 1485 953 1520 damascenis.
964 1487 1088 1520 Prunis

413 1536 569 1580 rugosis,
585 1538 764 1572 exsiccatis
781 1539 886 1572 furno
898 1565 907 1580 ‚
926 1540 998 1573 sole
1009 1566 1018 1581 ‚
1035 1541 1088 1573 fu·

415 1599 472 1621 mo
492 1586 557 1628 (ut
577 1590 637 1623 lib.
656 1592 761 1633 XIII,
786 1592 897 1638 epigr.
922 1591 1026 1633 xxu)
1039 1619 1048 1635 ‚
1070 1606 1088 1627 a

414 1642 582 1676 Damasco
598 1643 706 1690 Syriae
726 1645 826 1678 urbe.

469 1700 502 1735 ti·
525 1697 700 1738 Vernulas,
720 1706 784 1731 etc.
808 1699 911 1732 Domi
927 1711 1010 1732 meae
1027 1711 1087 1732 na-

415 1756 487 1789 tos,
507 1749 558 1782 vel
579 1762 759 1795 procaces,
777 1749 932 1792 dicaces,
950 1753 1088 1798 jocosos

413 1813 510 1846 aeque
525 1814 564 1835 ae
582 1815 716 1838 vernas.
734 1803 820 1838 Vid.
843 1805 903 1838 lib.
922 1806 955 1847 I,
976 1805 1086 1851 epigr.

412 1867 488 1888 xm1
500 1881 509 1898 ‚
527 1867 576 1889 vs.
599 1869 630 1889 2.

468 1908 500 1941 5.
518 1909 614 1942 Forte
627 1923 740 1942 avarus
758 1911 868 1943 videor
880 1911 1000 1956 legunt
1012 1911 1084 1950 alii,

1145 906 1315 951 probante
1336 905 1519 939 Farnabio.
1540 926 1590 931 —
1616 905 1819 939 Inhumanus.

1146 958 1187 992 Id
1207 967 1280 1000 est,
1309 958 1511 992 humaniori
1540 958 1617 991 vitae
1643 959 1820 992 consortio

1146 1011 1295 1051 alienus,
1316 1010 1416 1044 rudis
1436 1019 1471 1044 et
1489 1010 1688 1057 impolitus.
1706 1011 1772 1045 En.

1201 1066 1234 1097 6.
1256 1064 1325 1098 Odi
1344 1064 1469 1096 dolosas
1487 1076 1644 1096 munerum
1648 1089 1707 1097 .....
1724 1071 1819 1097 artes.

1146 1117 1316 1151 Astutiam
1330 1117 1471 1150 illorum
1483 1116 1543 1162 qui
1556 1115 1722 1150 divitibus
1735 1128 1821 1162 pau-

1145 1170 1223 1203 cula
1236 1170 1380 1203 mittunt
1391 1196 1399 1209 ,
1414 1177 1451 1203 ut
1466 1169 1617 1203 vicissim
1632 1169 1821 1214 majoribus

1146 1223 1350 1256 muneribus
1369 1221 1557 1256 donentur.
1579 1223 1646 1255 En.

1202 1277 1235 1310 8.
1253 1275 1420 1309 Brodaeus
1449 1274 1634 1320 legendum
1671 1282 1790 1308 censet
1810 1287 1817 1306 :

1149 1329 1287 1362 Avidum
1305 1337 1420 1361 vor-ato
1440 1329 1542 1373 decipi
1558 1341 1680 1360 scarum
1699 1340 1820 1360 musco:

1148 1380 1185 1414 id
1205 1390 1272 1423 est,
1303 1382 1376 1427 alga
1395 1393 1402 1414 :
1431 1394 1511 1414 nam
1534 1380 1741 1421 Athenaeus,
1760 1380 1819 1413 lib.

1150 1435 1354 1480 Vlltyptipet
1368 1432 1404 1467 δὲ
1423 1439 1485 1467 τῶν
1507 1434 1620 1478 φυκίων
1638 1437 1755 1478 τροφῇ·
1769 1429 1820 1466 διὸ

1149 1488 1202 1521 καὶ
1220 1489 1341 1525 τῡὺτεις
1362 1488 1544 1532 θηρεύεται·
1559 1503 1572 1515 «ι
1586 1485 1724 1519 Gaudet
1737 1485 1822 1531 algis

1150 1542 1239 1574 vesci
1254 1565 1262 1580 ,
1279 1552 1386 1586 quare
1404 1540 1472 1572 illis
1488 1538 1635 1584 capitur.
1652 1555 1665 1568 ι
1681 1559 1732 1565 -
1743 1538 1821 1572 Sca-

1149 1606 1227 1627 rum.
1245 1593 1390 1627 Piscem.
1408 1591 1492 1625 Vid.
1511 1590 1553 1625 ad
1564 1592 1625 1625 lib.
1637 1592 1702 1633 IV,
1712 1591 1819 1636 epigr.

1148 1659 1226 1688 Lxx,
1245 1646 1330 1679 huic
1345 1645 1468 1679 simile.

1206 1711 1261 1733 10.
1279 1698 1435 1732 Liberalis
1447 1707 1493 1731 est
1499 1710 1631 1743 pauper.
1648 1695 1822 1730 Donando

1148 1752 1242 1785 enim
1271 1752 1350 1798 plus
1379 1760 1497 1797 petere
1528 1749 1666 1784 videtur
1682 1775 1692 1791 ‚
1718 1761 1822 1795 quam

1147 1804 1284 1839 donum
1305 1805 1439 1846 valeat3
1464 1803 1560 1837 unde
1584 1802 1726 1837 avaritia
1751 1810 1822 1842 est,

1147 1857 1277 1892 nedum
1308 1857 1506 1891 liberalitas
1538 1855 1631 1889 Vide
1664 1855 1824 1890 Isocratis

1149 1911 1354 1945 Orationem
1375 1909 1417 1944 ad
1439 1910 1630 1944 Nicoclem.

1028 2035 1209 2091 XIX.

707 2174 777 2202 AD
815 2174 1075 2219 CAESAREM
1116 2172 1492 2203 DOMITIANUM.
1510 2151 1527 2168 ζ

484 2282 531 2324 81
559 2297 643 2341 qua
671 2280 775 2325 fides
801 2281 920 2335 veri,
948 2281 1163 2342 praeferri,
1189 2281 1376 2324 maxime
1400 2280 1563 2333 Caesar,

552 2352 841 2411 Temporibus
872 2361 1054 2413 possunt
1084 2349 1237 2396 saecula
1269 2349 1386 2394 nulla
1417 2350 1513 2394 tuis.

468 2462 480 2472 '
491 2465 665 2497 Κολακικόν
679 2474 729 2497 cst
745 2477 751 2497 :
768 2466 898 2510 mulget
909 2464 1087 2499 laudando

414 2518 558 2551 Caesaris
574 2518 788 2563 marsupium
803 2531 811 2559 ;
837 2527 871 2552 et
887 2518 1089 2563 quiritando

415 2571 550 2604 occulte
579 2570 684 2615 petit,
713 2579 749 2604 ut
771 2569 867 2616 quod
895 2572 994 2605 amici
1018 2585 1087 2605 non

418 2632 596 2669 praestaut,
622 2632 755 2667 prxusttw
782 2625 852 2668 ipsc
872 2624 997 2659 Cxusar.

1209 2477 1235 2497 1.
1265 2464 1301 2497 Si
1330 2477 1390 2510 qua
1409 2463 1492 2509 fides
1525 2465 1598 2495 veris
1621 2460 1825 2496 Beverlandi

1150 2519 1224 2552 MS.
1243 2539 1294 2545 -
1313 2517 1350 2551 Si
1366 2517 1520 2564 quusiclcs
1547 2518 1618 2548 veri.
1640 2516 1753 2547 Immo
1766 2541 1774 2553 ,
1798 2516 1822 2546 si

1152 2584 1218 2616 qua
1242 2570 1327 2604 fides
1357 2569 1566 2604 adulationis
1590 2577 1621 2601 ct
1653 2567 1823 2601 mendacii

1155 2634 1344 2669 turpissnni
