1978 3305
195 215 255 258 M.
270 215 405 258 VAL.
428 215 751 258 MARTIALIS
775 215 1113 258 EPIGRAMM.
1139 217 1245 259 LIB.
1267 218 1345 260 XI.

1401 219 1492 281 5377

299 301 468 358 Vadas,
495 311 537 345 et
563 301 714 345 redeas
736 300 998 345 inevolutus.

264 391 267 393 >
299 371 455 416 Libros
477 389 565 416 non
591 370 693 433 legit
713 370 806 427 ille,
827 372 901 416 sed
927 370 1114 429 libellos3

296 443 389 486 Nec
419 443 557 487 Musis
582 451 732 497 vacat,
752 452 827 486 aut
850 443 938 486 suis
964 454 1150 487 vacaret.

301 512 471 573 Ecquid
495 522 538 556 te
564 514 664 557 satis
691 513 876 556 aestimas
901 512 1098 568 beatum,

298 583 574 643 Contingunt
602 582 678 626 tibi
702 583 735 625 si
763 598 917 625 manus
946 583 1165 626 minores?

300 653 442 696 Vicini
464 662 563 713 pete
586 653 803 713 porticum
825 652 1020 709 Quirini3

298 722 491 766 Turbam
516 738 604 766 non
632 721 764 765 habet
788 722 1039 766 otiosiorem

298 793 555 853 Pompeius,
575 791 644 835 vel
667 794 880 852 Agenoris
903 791 1068 852 puella,

298 862 380 906 vel
411 864 563 923 primae
584 863 788 906 dominus
811 862 916 906 levis
937 863 1106 907 carinae.

299 933 410 976 Sunt
438 932 523 977 illic
554 933 665 988 duo,
691 943 856 986 tresve,
878 934 952 993 qui
982 932 1209 977 revolvant

297 1004 560 1047 Nostrarum
592 1004 729 1047 tineas
760 1003 1044 1064 ineptiarum3

296 1074 380 1116 Sed
410 1090 544 1134 quum
576 1075 774 1134 sponsio,
802 1073 1043 1133 fabulaeque
1069 1072 1187 1117 lassae

87 1224 169 1245 nem
188 1220 391 1257 temporum
411 1213 447 1245 in
464 1213 766 1258 Epigrammatum

88 1264 188 1298 libris
207 1276 225 1298 a
243 1265 350 1298 Poeta
370 1265 475 1298 fuisse
497 1266 703 1310 neglectam.

143 1321 175 1357 4.
203 1317 327 1350 Vadas.
358 1317 415 1351 Sic
448 1317 527 1351 cod.
556 1318 766 1360 Pulmanni;

87 1382 165 1415 quae
184 1382 289 1416 pura,
311 1370 360 1403 ait
382 1370 460 1412 ille,
478 1371 583 1405 lectio
601 1379 663 1404 est.
682 1372 767 1404 Irre-

90 1423 210 1456 volutus
230 1423 267 1456 in
283 1421 364 1456 edd.
379 1432 463 1457 vett.
485 1433 518 1457 et
534 1424 610 1457 MS.
629 1424 764 1458 Beverl.

89 1497 141 1502 ——-
155 1476 346 1509 Inevolutus.
364 1476 440 1510 Hoc
460 1485 528 1518 est,
548 1489 620 1510 non
644 1477 765 1510 lectus.

91 1528 223 1562 Contra
241 1529 351 1575 legem
364 1529 539 1563 carminis.
554 1530 768 1575 —Nugatur

89 1581 283 1627 interpres3
303 1594 385 1615 nam
406 1583 480 1616 haec
500 1595 568 1616 vox
588 1595 607 1615 e
626 1583 767 1627 syllabis

90 1633 133 1668 ad
153 1635 343 1680 phaleucos
366 1635 454 1681 aptis
477 1643 622 1669 constat.
645 1636 713 1669 En.

146 1687 179 1721 5.
209 1688 358 1721 Libellos.
388 1688 599 1734 Supplicum
628 1688 766 1721 libellos

89 1752 177 1785 quos
186 1741 396 1787 Imperatori
406 1753 423 1774 a
435 1741 602 1775 cubiculis
612 1741 765 1774 exhibet.

146 1795 179 1827 6.
202 1794 271 1827 Nec
299 1794 401 1827 Musis
418 1802 535 1834 vacat,
565 1802 630 1827 etc.
659 1793 764 1835 Quod

90 1847 118 1879 si
141 1855 281 1881 vacaret
300 1847 530 1885 carminibus,
554 1855 646 1880 certe
667 1859 766 1881 vaca-

91 1906 145 1932 ret
156 1899 226 1933 suis
241 1899 451 1945 pangendis,
473 1912 628 1945 namque
644 1907 678 1933 et
693 1900 766 1945 ipse

92 1950 217 1986 doctus
239 1961 273 1985 et
293 1961 413 1998 poeta;
438 1961 476 1985 ut
501 1952 561 1985 lib.
588 1954 633 1993 V,
653 1953 764 1998 epigr.

92 2017 148 2043 vr,
171 2018 221 2039 vs.
244 2018 284 2046 2,
306 2014 339 2039 et
358 2005 420 2038 lib.
444 2006 534 2044 XII,
556 2006 667 2051 epigr.
692 2017 737 2038 11.

145 2058 180 2091 8.
209 2058 326 2092 Manus
361 2061 502 2091 minores.
522 2058 630 2102 Vulgi
668 2059 767 2091 nimi-

92 2122 190 2152 rum,
206 2123 278 2144 non
296 2111 500 2146 aulicorum.

147 2176 181 2207 9.
202 2164 400 2209 Vicinipete.
419 2166 470 2198 De
480 2165 613 2210 templo
623 2164 766 2206 Quirini

93 2215 226 2249 dictum
242 2217 303 2249 lib.
321 2218 364 2250 X.
381 2218 490 2262 epigr.
509 2229 616 2257 Lvnr,
629 2230 678 2250 vs.
702 2229 766 2258 103

94 2268 153 2302 ubi
174 2280 300 2315 nempe
318 2277 391 2303 erat
404 2271 558 2315 porticus
570 2295 579 2311 ,
598 2269 641 2303 ad
660 2282 765 2315 quam

93 2322 194 2355 multi
213 2322 471 2356 conveniebant
494 2322 764 2356 confabulaturi.

152 2387 164 2407 1
179 2387 191 2408 1
203 2399 210 2407 .
235 2376 413 2421 Pompeius.
434 2375 509 2408 Hoc
525 2382 595 2415 est,
611 2375 768 2420 porticus

94 2427 328 2472 Pompeiana,
352 2427 397 2462 de
415 2440 483 2473 qua
500 2427 564 2461 lib.
584 2428 635 2466 ΙΙ,
657 2428 766 2473 epigr.

94 2492 167 2522 xlv,
196 2480 257 2513 ubi
288 2488 321 2513 et
349 2478 392 2514 de
418 2481 557 2526 porticu
586 2481 766 2526 Europes,

94 2545 170 2578 quae
193 2532 264 2566 filia
285 2532 354 2566 fuit
374 2534 551 2579 Agenoris.

153 2597 207 2618 12.
233 2586 418 2631 Velprc'mae
433 2586 587 2619 dominus.
604 2586 624 2618 J
628 2598 767 2619 asonem

97 2639 274 2683 intelligit,
295 2651 399 2684 quem
419 2639 524 2673 sumit
544 2651 610 2684 pro
629 2639 767 2684 porticu

170 2712 229 2752 Il.

828 1214 1104 1257 Argonautarum
1116 1239 1124 1254 ,
1138 1213 1199 1246 lib.
1214 1214 1262 1255 II,
1280 1215 1391 1260 epigr.
1408 1216 1500 1251 citat.

827 1274 861 1298 et
877 1266 938 1299 lib.
953 1266 1026 1303 ΙΙΙ,
1052 1278 1107 1311 ep.
1129 1279 1184 1299 xx.
1203 1267 1309 1300 Jason
1330 1281 1414 1302 vero
1427 1282 1503 1303 om-

826 1319 923 1351 nium
957 1319 1091 1363 primus
1125 1319 1300 1364 navigasse
1338 1321 1450 1355 fertur
1486 1336 1502 1355 a

826 1371 950 1415 poetis,
969 1392 1020 1398 ——-
1037 1372 1142 1405 Levis.
1173 1372 1228 1405 Ad
1257 1385 1381 1406 navem
1409 1376 1502 1420 Argo

826 1424 983 1457 referunt
999 1423 1127 1470 aliqui,
1147 1437 1222 1470 quae
1239 1426 1324 1458 levis
1342 1426 1435 1461 dicta
1453 1437 1504 1462 est

827 1490 845 1510 a
862 1475 1040 1510 celeritate
1056 1491 1062 1509 ι
1078 1477 1173 1521 ἀργὸς
1193 1476 1288 1511 'enim
1315 1479 1422 1514 latine
1445 1494 1503 1514 ve-

826 1529 883 1562 lox
910 1528 1043 1562 dieitur
1064 1529 1147 1563 :sed
1172 1530 1215 1563 ad
1237 1532 1400 1565 Jasonem
1429 1546 1502 1567 me-

826 1582 892 1615 lius
906 1583 1033 1616 referas
1045 1609 1054 1622 ‚
1074 1583 1134 1628 qui
1150 1581 1307 1618 desultor
1319 1597 1481 1619 amorum
1493 1614 1502 1627 ‚

827 1636 868 1668 ab
886 1635 1083 1681 Hypsipyla
1106 1636 1240 1669 transiit
1258 1636 1303 1670 ad
1325 1637 1483 1672 Medeam
1495 1666 1503 1680 ‚

827 1689 868 1720 ab
888 1688 952 1721 hac
970 1687 1013 1721 ad
1035 1688 1221 1730 Creusam,
1239 1702 1256 1722 a
1278 1691 1408 1724 Creusa
1428 1705 1503 1725 rur-

826 1754 883 1774 sus
915 1739 958 1773 ad
990 1740 1163 1774 Medeam.
1183 1742 1314 1776 Statius
1328 1770 1336 1783 ‚
1354 1744 1414 1777 lib.
1436 1746 1499 1777 VI.

827 1794 939 1827 Theb.
959 1805 965 1826 :
988 1810 1001 1822 a
1015 1796 1058 1826 At
1075 1794 1160 1828 levis
1178 1803 1211 1827 et
1231 1795 1390 1829 nondum
1403 1798 1506 1831 mise-

829 1859 874 1879 rae
897 1846 982 1880 mihi
1001 1855 1106 1880 notus
1126 1849 1238 1882 Iason.
1255 1866 1267 1876 n
1293 1849 1482 1883 Gronovius.

885 1904 942 1939 14.
967 1900 1174 1939 Nostrarum,
1209 1909 1274 1934 etc.
1301 1902 1417 1947 Nugas
1441 1903 1501 1936 has

827 1965 941 1992 meas,
968 1952 1121 1986 carmina
1147 1954 1219 1987 haec
1248 1967 1321 1987 mea
1348 1967 1426 2000 quae
1457 1956 1500 1989 ti-

827 2005 902 2038 neis
929 2014 963 2038 et
998 2005 1116 2039 blattis
1151 2019 1227 2039 esca
1257 2007 1501 2053 relinquenda.

827 2057 967 2091 Scilicet
981 2058 1258 2103 permodestiam
1275 2059 1431 2094 fictitiam
1442 2074 1501 2094 sua

827 2119 1002 2144 extenuat.

886 2164 942 2197 15.
964 2164 1030 2197 Sed
1052 2177 1143 2209 quum
1173 2168 1316 2208 sponsio,
1339 2174 1405 2200 etc.
1430 2168 1501 2201 Nec

827 2226 941 2250 tamen
981 2217 1098 2261 legent
1140 2217 1212 2250 haec
1250 2219 1316 2251 nisi
1358 2232 1374 2252 a
1407 2220 1500 2253 Circi

827 2270 1032 2314 spectaculis
1055 2269 1157 2302 otiosi
1177 2279 1210 2303 et
1232 2271 1327 2311 lassi,
1349 2272 1409 2305 ubi
1431 2284 1499 2305 ces-

827 2322 935 2354 sarint
965 2322 1169 2367 sponsiones
1199 2330 1232 2356 et
1258 2337 1434 2359 sermones
1455 2325 1499 2359 de

828 2374 1034 2408 factionibus
1057 2384 1090 2407 et
1113 2375 1250 2420 aurigis.
1269 2377 1386 2418 Quum
1416 2390 1499 2424 ergo

827 2426 911 2460 dicit
923 2431 1115 2472 sponsionem
1124 2429 1237 2473 populi
1247 2456 1253 2467 ‚
1269 2429 1435 2475 depositis
1449 2431 1502 2475 pi-

827 2480 996 2525 gnoribus
1022 2488 1079 2514 aut
1103 2482 1271 2526 pecunia,
1294 2481 1338 2516 de
1356 2483 1500 2528 alicujus

828 2533 1003 2578 agitatoris
1019 2534 1162 2567 victoria
1180 2535 1302 2568 factam
1324 2536 1497 2581 intelligit.

828 2586 959 2620 Gallice
972 2599 1068 2620 nunc
1085 2587 1276 2621 vocitamus
1287 2590 1418 2633 ιιιιμανὶ.
1433 2589 1499 2622 En.

829 2660 878 2664 -—
898 2639 1088 2687 Fabuloeque
1105 2641 1206 2673 lassae.
1232 2640 1361 2674 Fabula
1392 2650 1426 2674 et
1456 2641 1502 2673 sa-

1199 2711 1258 2772 37
