1978 3305
392 197 960 242 EPlGRAMMATUM
1001 200 1123 242 ΜΒ.
1162 169 1216 243 Χ.

1403 200 1493 265 56]

707 345 898 402 XCV.

621 501 688 529 AD
727 483 990 530 GALLAM.*

176 616 422 658 ἸΝι-ἈΝΤΕΜ
452 613 527 657 tibi
550 614 637 666 vir,
668 613 761 666 tibi,
792 614 938 666 Galla,
970 616 1134 658 remisit
1158 615 1337 660 adulter.

245 684 318 736 Hi,
345 692 471 744 puto,
497 700 584 727 non
611 683 740 727 dubie
766 700 810 727 se
837 683 1014 727 futuisse
1043 695 1214 745 negant.

161 811 294 848 'Gallae
313 815 433 859 objicit
450 814 727 860 impudicitiam,
747 824 781 848 at
834 828 927 848 suam
950 828 1020 849 esse
1043 817 1197 861 prolem,
1218 820 1374 863 quamvis
1393 827 1505 853 tecum

110 867 236 900 marito
255 875 289 900 et
309 868 436 901 amanti
454 867 610 901 vitiosius
629 875 688 901 aut
707 876 779 902 tur-

110 919 188 964 pius
204 918 384 965 quiddam.

833 881 906 901 rem
941 869 1135 903 habuerint.
1159 871 1274 912 Quam
1297 883 1370 904 rem
1397 872 1505 917 ergo?

834 920 926 953 Vide
944 921 1004 954 lib.
1025 922 1076 955 IX
1091 948 1099 963 ‚
1119 924 1228 969 epigr.
1246 936 1280 964 v,
1300 932 1332 957 et
1353 925 1412 957 lib.
1430 925 1504 965 111,

161 984 189 1006 1.
207 973 379 1015 Infantem
397 981 458 1007 etc.
478 973 609 1006 Neuter
625 974 778 1018 agnoscit
836 974 942 1019 epigr.
961 986 1052 1007 xcvt.

686 1110 918 1168 XCVL

629 1266 695 1294 AD
734 1248 984 1296 AVITUM.⁴

177 1378 303 1421 SAEPE
334 1376 486 1436 loquar
512 1377 693 1421 nimium
720 1388 868 1439 gentes
894 1379 1035 1439 quod,
1062 1381 1188 1424 Avite
1206 1415 1216 1434 ‚
1245 1392 1430 1426 remotas
1447 1419 1457 1434 ,

246 1448 442 1503 Miraris,
470 1449 593 1491 Latia
624 1448 762 1493 factus
788 1449 831 1492 in
860 1449 968 1492 urbe
999 1466 1153 1504 senex,

176 1514 510 1579 Auriferumque
534 1520 700 1579 Tagum
730 1521 895 1573 sitiam,
920 1521 1194 1581 patriumque
1219 1521 1446 1575 Salonem,

244 1589 302 1631 Et
328 1598 522 1649 repetam
547 1598 702 1633 saturae
730 1589 901 1634 sordida
927 1606 1027 1633 rura
1053 1607 1174 1635 casae.

175 1657 255 1701 Illa
282 1657 425 1719 placet
451 1658 598 1713 tellus,
629 1661 672 1702 in
701 1677 784 1720 qua
810 1676 876 1704 res
898 1676 1033 1721 parva
1055 1661 1229 1706 beatum
1497 1684 1509 1705 s

246 1729 319 1772 Me
341 1729 464 1784 facit,
484 1739 527 1773 et
548 1739 699 1774 tenues
721 1730 994 1774 luxuriantur
1014 1748 1130 1792 opes.

177 1799 370 1843 Pascitur
392 1800 484 1855 hie,
506 1800 564 1844 ibi
585 1802 721 1861 pascit
742 1817 845 1862 ager
867 1818 875 1844 :
895 1811 1013 1862 tepet
1033 1803 1132 1862 igne
1151 1802 1339 1862 maligno

164 1910 178 1924 *
199 1914 343 1947 caussas
374 1914 431 1948 hie
468 1914 603 1955 reddit,
631 1928 693 1948 cur
716 1929 776 1962 pa-

107 1967 208 1999 triam
230 1967 376 2011 cogitet;
397 1976 431 2001 et
449 1968 560 2000 solum
583 1967 775 2013 Hispanum

108 2032 189 2053 cnm
210 2020 367 2053 Romano
389 2021 538 2054 confert·

166 2085 194 2105 1.
219 2073 373 2105 Remotas.
403 2073 594 2119 Hispanas,
627 2072 668 2106 ad
695 2087 777 2120 quas

108 2124 268 2158 anhelare
290 2125 431 2167 videor,
457 2138 566 2171 quum
587 2139 642 2160 eas
666 2139 776 2172 usque

109 2178 251 2222 loquar,
273 2186 306 2211 et
331 2187 445 2211 tamen
469 2180 588 2213 Romae
610 2192 776 2213 consene-

108 2242 210 2263 scam.
235 2231 353 2263 Romae
379 2231 472 2264 enim
501 2244 607 2278 supra
627 2241 776 2278 quatuor

109 2291 142 2316 et
161 2282 301 2328 triginta
323 2295 434 2317 annos
452 2284 592 2317 vixerat.

165 2337 196 2368 3.
217 2337 459 2381 Auriferumque
472 2363 481 2376 ,
506 2345 569 2370 etc.
585 2337 705 2370 Patriae
721 2350 777 2382 ap-

110 2396 224 2432 petam
241 2387 366 2421 fluvios
383 2397 416 2421 et
433 2401 542 2434 agros.
559 2388 657 2422 Idem
671 2390 730 2422 lib.
748 2390 774 2421 I.

110 2441 218 2485 epigr.
239 2454 271 2474 L.
290 2454 337 2474 vs.
365 2453 405 2474 12
433 2450 465 2474 et
489 2454 501 2474 1
514 2443 544 2474 5.
563 2464 611 2467 —
629 2443 776 2474 Portum-

110 2507 167 2538 (μω
187 2493 331 2526 Salonem
348 2492 458 2526 codex
473 2494 620 2539 scriptus
642 2495 775 2527 Beverl.

111 2567 160 2571 —-
177 2546 331 2580 Salonem.
353 2547 403 2579 De
425 2559 495 2591 qno
516 2546 622 2580 fluvio
645 2547 775 2581 dictum

111 2610 248 2645 quoquc
268 2600 326 2633 lib.
346 2600 362 2631 1
376 2625 383 2639 ,
406 2600 515 2644 epigr.
538 2613 567 2632 i..

891 1921 923 1957 4.
948 1916 1074 1949 Saturae
1095 1930 1168 1949 rura
1191 1931 1284 1949 σασα».
1308 1935 1319 1945 u
1338 1918 1385 1949 Ut
1408 1917 1504 1962 quod

836 1969 947 2002 sentio
967 1968 1077 2002 dicam
1089 1995 1097 2009 ‚
1114 1982 1185 2002 non
1204 1970 1316 2015 placet
1338 1970 1371 2002 τὸ
1391 1978 1506 2002 saturae

836 2035 926 2054 cusan
939 2021 1034 2063 Quid
1045 2023 1071 2054 si
1084 2023 1120 2054 H
1121 2024 1238 2067 ispunw
1249 2036 1275 2054 s.
1290 2036 1315 2054 r.
1324 2023 1452 2066 plagae?
1463 2023 1503 2055 Iu

837 2075 971 2120 AngliC.
994 2074 1202 2119 cod.patrioe
1218 2075 1284 2119 legi
1304 2087 1368 2120 pro
1391 2083 1508 2107 saturae

836 2135 955 2160 monet
986 2127 1156 2160 Gruterus
1177 2139 1184 2160 :
1206 2126 1303 2172 quod
1326 2128 1507 2161 confestim

836 2180 1044 2225 arriperem,
1072 2180 1135 2212 nisi
1167 2181 1239 2224 jam
1270 2192 1318 2213 vs.
1345 2180 1506 2225 proximo

836 2231 986 2266 dedisset
1019 2232 1085 2265 hoc
1121 2232 1311 2277 epitheton.
1335 2235 1379 2266 At
1401 2227 1507 2278 (quid

837 2285 927 2318 enim
957 2283 1171 2318 dissimulem
1188 2284 1220 2324 ?)
1253 2297 1324 2317 non
1358 2287 1507 2319 multum

837 2339 930 2370 abest
944 2338 1028 2383 quin
1045 2337 1094 2370 ibi
1109 2337 1262 2382 gelidum,
1283 2338 1417 2382 rigidum
1428 2365 1436 2378 ,
1454 2339 1507 2372 vel

836 2390 947 2422 simile
969 2389 1161 2435 reponend.
1183 2398 1216 2424 et
1235 2390 1303 2423 huc
1322 2393 1356 2424 τὸ
1368 2394 1502 2435 putrioe,

837 2452 999 2487 tanquam
1016 2443 1050 2475 in
1066 2455 1160 2475 suani
1175 2442 1305 2484 sedem,
1317 2443 1506 2477 reducend.

838 2508 908 2529 esse
926 2494 1074 2528 credam.
1097 2513 1109 2525 n
1129 2497 1179 2528 De
1197 2497 1293 2540 Roqr.
1316 2498 1381 2531 Dat
1392 2500 1508 2541 putria·

840 2547 949 2581 codex
972 2548 1170 2581 Pulmanni.

895 2614 926 2644 7.
950 2602 1097 2634 lumina·
1116 2602 1174 2634 hic.
1197 2602 1246 2634 Ita
1271 2602 1380 2646 epigr.
1396 2613 1484 2634 Lvui
1500 2627 1507 2639 ‚

1210 2673 1270 2717 556
1289 2665 1301 2692 ⁴
