1978 3305
473 249 568 311 374

852 252 913 294 M.
940 250 1079 295 VAL.
1119 250 1509 296 MARTIALIS

1126 402 1202 457 ΙΙ.

737 558 800 586 DE
839 558 1068 586 TEMPLO
1107 557 1319 586 FLAVIAE
1359 536 1620 586 GENTIS.⁴

615 684 733 727 DUM
753 683 888 726 Janus
912 682 1116 743 hyemes,
1140 681 1417 725 Domitianus
1443 689 1697 733 autumnos,
1732 722 1739 728 .

614 754 836 813 Augustus
861 753 984 797 annis
1009 751 1306 796 commodabit
1329 760 1519 807 aestates;

611 825 730 867 Dum
756 823 920 884 grande
943 821 1094 867 famuli
1118 838 1280 866 nomen
1305 831 1468 866 asseret
1492 822 1636 866 Rheni

613 893 974 938 Germanicarum
1007 908 1164 953 magna
1193 891 1266 936 lux
1293 892 1618 946 Kalendarum3

609 965 793 1025 Tarpeia
822 964 979 1008 summi
1005 978 1106 1007 saxa
1132 962 1239 1006 dum
1267 963 1400 1023 patris
1425 962 1628 1018 stabunt3

611 1036 729 1078 Dum
756 1050 866 1078 voce
888 1033 1097 1094 supplex,
1122 1033 1315 1093 dumque
1340 1032 1470 1076 thure
1494 1032 1684 1094 placabit

613 1106 820 1148 Matrona
850 1104 972 1148 dives
1000 1102 1127 1147 dulce
1155 1101 1278 1146 Juliae
1303 1119 1496 1146 numen:

612 1175 814 1219 Manebit
838 1173 974 1217 altum
999 1173 1155 1218 Flaviae
1182 1173 1315 1217 decus
1341 1174 1505 1234 gentis,

525 1300 538 1313 ⁸
551 1302 677 1336 Fiaviae
688 1302 781 1346 genti
794 1300 924 1346 positas
940 1299 1030 1333 aedes
1042 1299 1145 1333 canit.

473 1356 602 1397 (Flavii
617 1362 732 1388 autem
747 1354 846 1386 fuere
862 1361 896 1386 et
914 1352 1147 1398 Vespasianus

474 1418 508 1444 et
525 1409 586 1456 qui
603 1415 684 1454 post
705 1420 783 1440 eum
805 1406 1068 1452 imperaverunt
1085 1405 1150 1438 filii

473 1463 545 1497 duo
578 1462 679 1495 Titus
717 1468 751 1493 et
788 1458 1019 1492 Domitianus.
1057 1455 1150 1497 En.)

473 1518 646 1551 Caeterum
661 1526 745 1559 quas
756 1512 883 1546 Flaviis
900 1510 989 1545 aedes
1002 1510 1151 1544 Romani

475 1581 642 1616 posuere,
660 1566 705 1600 de
721 1566 762 1599 iis
780 1565 941 1598 meminit
957 1564 1100 1597 Sueton.
1115 1563 1151 1596 in

476 1622 607 1657 Domit.
626 1621 698 1653 vita
712 1646 722 1662 ,
742 1631 820 1664 cap.
843 1630 857 1651 1
875 1644 884 1658 ‚
905 1617 925 1651 5
951 1626 985 1651 et
1006 1629 1063 1662 17.
1084 1617 1150 1650 En.

532 1689 563 1709 1.
584 1676 670 1707 Dum
688 1673 791 1705 Janus
810 1672 942 1718 liremes.
961 1671 1071 1704 Janus
1089 1682 1152 1703 no-

474 1741 554 1762 men
575 1726 674 1761 dedit
694 1725 881 1764 Januario‚
902 1724 964 1770 qui
984 1736 1049 1769 pro
1067 1723 1153 1769 hye-

475 1794 552 1821 me;
577 1779 797 1813 Domitianus
818 1776 983 1817 Octobri,
1006 1776 1068 1821 qui
1088 1789 1153 1822 pro

476 1843 666 1875 autumn03
682 1833 856 1877 Augustus
868 1831 1039 1875 Augusto,
1054 1838 1155 1863 antea

476 1887 619 1928 Sextili,
634 1885 692 1931 qui
704 1897 769 1931 pro
781 1892 895 1918 aestate
908 1882 1070 1916 sumitur.
1081 1878 1155 1925 (Sic

477 1941 570 1975 enim
594 1937 843 1984 imperantium
864 1935 1007 1969 nomina
1026 1935 1155 1969 mensi-

476 1995 542 2028 bus
583 1991 813 2038 imponebant
848 1987 1043 2022 assentandi
1075 1988 1155 2021 libi-

476 2046 579 2087 dine;
608 2043 707 2090 quod
733 2052 767 2076 et
791 2043 864 2089 ipse
885 2041 1064 2086 increpuit
1094 2041 1155 2074 Ti-

476 2100 597 2133 berius
615 2098 723 2131 facete
738 2095 840 2137 satis,
853 2094 908 2127 his
930 2094 1002 2128 fere
1020 2101 1155 2127 senato-

477 2166 532 2188 res
546 2152 746 2196 alloquens:
766 2146 885 2190 «Quid
903 2147 1061 2193 satagetis
1074 2159 1156 2192 ergo

477 2207 539 2240 ubi
555 2203 721 2238 tredecim
736 2201 834 2235 vobis
847 2201 996 2234 Caesares
1006 2200 1150 2233 eruntPn

480 2256 564 2298 En.)
575 2257 700 2291 Sensus
711 2267 792 2300 ergo
800 2262 863 2295 est,
874 2252 1041 2299 quamdiu
1054 2261 1157 2286 erunt

479 2313 548 2346 illae
564 2310 647 2344 anni
661 2315 900 2354 tempestateS,
921 2305 1054 2339 tamdiu
1073 2318 1155 2351 gen-

481 2368 523 2400 tis
540 2363 666 2398 Flaviae
682 2361 852 2407 templum
871 2358 1024 2392 durabit.

533 2433 565 2452 2.
580 2414 817 2451 Commendavie
832 2420 955 2446 oestates
968 2411 1046 2445 cod.
1062 2411 1155 2445 Flor.

538 2473 570 2505 3.
595 2471 679 2502 Dum
697 2467 818 2513 grande
840 2467 871 2499 F
870 2468 945 2498 αιιηὶ
966 2477 1074 2497 nomen
1096 2465 1155 2497 ad-

482 2533 585 2558 ,erunt
603 2523 636 2555 in
655 2520 850 2555 codd.Vat.
868 2526 902 2552 et
921 2518 1074 2552 Fini-ent.

538 2584 569 2618 4,
596 2577 866 2609 (iernmnicm-um.
892 2571 969 2604 Hoc
990 2580 1061 2611 est,
1084 2571 1155 2616 pri-

484 2644 558 2664 mus
575 2629 648 2661 dies
662 2626 874 2672 Septembris
886 2650 895 2665 ,
909 2637 1012 2670 quem
1033 2632 1069 2657 ut
1084 2625 1154 2666 jam

482 2684 526 2718 de
549 2682 703 2717 octobre
734 2679 904 2717 diximus,
935 2690 972 2711 ex
1003 2677 1155 2722 appella-

1207 1299 1365 1332 tionibus
1391 1299 1461 1332 suis
1492 1298 1785 1332 transnominavit
1815 1301 1887 1333 Do-

1207 1352 1384 1385 mitianus.
1400 1351 1630 1385 Germanicus
1640 1350 1754 1385 dictus
1772 1352 1858 1393 fnit,
1869 1365 1888 1385 e

1208 1403 1354 1438 sueton.
1379 1415 1456 1449 cap.
1476 1400 1518 1438 13
1531 1429 1541 1445 ,
1560 1403 1598 1437 in
1618 1405 1834 1438 Domitiano.

1265 1459 1297 1490 5.
1322 1458 1458 1502 Tarpeia
1476 1470 1595 1490 summo
1613 1470 1692 1490 saxa
1710 1457 1784 1490 dum
1799 1460 1890 1503 patri

1210 1508 1321 1543 codex
1342 1510 1542 1544 Pulmanni.
1565 1530 1614 1536 —-
1639 1511 1788 1555 Tarpeia.
1809 1510 1888 1544 Hoc

1210 1571 1261 1596 est
1274 1574 1283 1595 ε
1299 1563 1396 1596 Dum
1409 1562 1549 1597 durabit
1564 1561 1777 1608 Capitolium
1787 1564 1890 1605 ‚Tar-

1210 1615 1289 1662 peia
1307 1615 1344 1649 in
1364 1628 1453 1661 rupe
1470 1616 1589 1650 situm.

1265 1682 1298 1714 7.
1321 1669 1473 1702 Matrona
1488 1669 1572 1702 dives
1585 1669 1676 1702 dulce
1690 1669 1813 1702 Iulium
1830 1681 1890 1702 nu-

1212 1735 1279 1755 men
1290 1721 1367 1755 Ald.
1383 1723 1483 1756 Junt.
1502 1722 1616 1756 Colin.
1628 1721 1766 1768 Gryph.
1780 1722 1887 1767 Lang.

1212 1783 1315 1821 atque
1333 1774 1413 1809 edd.
1431 1775 1509 1821 Bip.
1527 1775 1681 1808 Matrona
1699 1775 1780 1808 divae
1800 1775 1891 1808 dulce

1211 1828 1309 1861 Juliae
1321 1841 1433 1861 numen
1445 1827 1631 1862 codd.Vat.
1651 1835 1686 1861 et
1697 1828 1788 1861 Flor.
1805 1840 1889 1861 cum

1213 1880 1294 1914 edd.
1319 1881 1432 1914 Plant.
1457 1881 1601 1914 Junian.
1630 1881 1757 1927 Delph.
1786 1881 1889 1915 Grut.

1213 1933 1324 1968 Scriv.
1341 1934 1489 1968 Farnab.
1508 1934 1682 1968 Schrevel.
1698 1943 1731 1968 et
1747 1933 1890 1967 Barhou.

1212 1987 1257 2021 Et
1270 1987 1324 2021 his
1341 1988 1552 2033 suffragatur
1563 1986 1674 2021 codex
1688 1987 1889 2021 Pulmanni.

1213 2039 1320 2073 Unde
1341 2040 1527 2074 lectionem
1551 2048 1706 2074 nostram
1732 2051 1891 2085 sumpse-

1212 2093 1284 2126 rint
1303 2092 1382 2127 edd.
1407 2106 1509 2139 supra
1531 2093 1635 2135 dicti,
1662 2105 1735 2127 non
1762 2092 1888 2139 reperi.

1212 2146 1288 2180 Hoc
1309 2153 1444 2179 certum
1458 2172 1466 2186 ,
1495 2146 1626 2180 caeteris
1646 2146 1810 2179 omnibus
1830 2158 1891 2179 an·

1213 2197 1392 2232 teferenda
1411 2207 1472 2232 est.
1497 2221 1550 2226 —
1571 2199 1669 2232 Jaliae
1690 2212 1811 2232 numen.
1832 2199 1893 2232 Ju-

1213 2252 1314 2290 liam,
1342 2251 1414 2285 Titi
1445 2264 1571 2298 nempe
1597 2252 1726 2294 filiam,
1757 2250 1892 2298 perdite

1213 2305 1341 2337 amavit
1360 2305 1603 2346 Domitianus,
1625 2313 1711 2339 teste
1724 2304 1892 2339 Suetonio

1212 2357 1248 2390 in
1266 2357 1487 2400 Domitiano,
1506 2371 1580 2404 cap.
1602 2371 1618 2391 2
1629 2371 1644 2391 π
1657 2383 1666 2399 ,
1681 2370 1786 2404 quam
1801 2370 1891 2392 mor·

1214 2419 1310 2443 tuam
1334 2419 1373 2445 ut
1393 2409 1493 2444 deam
1513 2411 1580 2444 coli
1600 2411 1715 2455 jussit.
1729 2411 1892 2444 ——Dulce

1214 2477 1334 2497 numen.
1361 2463 1399 2497 Id
1426 2473 1495 2504 est,
1521 2476 1642 2497 carum
1666 2463 1890 2503 Domitiano,

1214 2525 1275 2550 aut
1303 2518 1467 2550 Romanis
1499 2517 1582 2563 ipsis
1617 2525 1752 2562 gratum
1787 2525 1890 2561 atque

1214 2569 1378 2616 optabile.

1269 2626 1303 2657 8.
1324 2624 1436 2656 Altum
1457 2623 1559 2655 dcem.
1583 2622 1657 2656 Hoc
1677 2631 1725 2655 est
1739 2647 1748 2663 ,
1768 2635 1889 2666 super·

1216 2677 1296 2709 bum
1319 2675 1403 2708 iuud
1425 2675 1610 2719 templum.
