1978 3305
388 183 954 227 EPIGRAMMATUM
993 185 1113 226 LIB.
1153 184 1236 225 XI.
1416 181 1514 226 663

755 331 877 388 CV.

587 485 659 512 AD
699 464 1054 514 mammonin*

189 608 423 650 ΜιΤΤΕΒΑε
446 604 600 648 libram
621 621 629 647 :
651 604 959 665 quadrantem,
985 607 1187 661 Garrice,
1213 606 1357 650 mittis.

261 674 420 720 Saltem
444 675 683 730 semissem,
705 676 907 730 Garrice‚
937 674 1055 719 solve
1077 675 1196 719 mihi.

174 808 190 822 *
207 812 302 846 Nihil
320 812 454 846 variant
472 813 509 845 in
525 813 592 846 hoc
609 813 717 858 epigr.
734 821 791 846 aut
850 814 988 846 inissem
998 825 1058 846 seu
1068 813 1227 846 selibram
1238 811 1447 847 descendere
1463 812 1523 846 de-

123 866 333 898 membranae
354 873 414 899 aut
433 865 514 898 libri
535 865 662 899 excusi.
850 864 1504 911 hebasadquadrante1n.Vid.lib.VIII
1517 891 1525 906 ,

179 931 212 951 2.
231 917 349 952 Saltem
368 920 531 950 semissem.
548 918 639 950 Nam
655 930 719 963 per
738 930 790 951 se·
852 918 960 963 epigr.
986 930 1077 951 Lxxl.

748 1053 907 1110 CVI.

496 1208 566 1235 AD
607 1206 827 1236 ALBIUM
866 1206 1166 1236 MAXIMUM.

270 1333 380 1375 ALm
409 1332 626 1385 Maxime,
657 1332 690 1374 si
720 1331 892 1374 vacabit
922 1331 1052 1384 hora,

270 1403 366 1445 Hoc
389 1410 560 1444 tantum
591 1399 684 1461 lege
710 1418 718 1444 ε
740 1417 927 1461 namque
956 1410 999 1444 et
1030 1411 1266 1462 occupatus
1284 1437 1295 1456 ,

270 1473 326 1515 Et
354 1487 442 1514 non
471 1487 515 1516 es
546 1471 727 1514 nimium
758 1470 1010 1514 laboriosus.

270 1542 445 1584 Transis
470 1541 550 1584 hos
577 1556 750 1601 quoque
774 1539 992 1600 quatuor?
1022 1542 1180 1601 sapisti.

192 1691 222 1712 1.
241 1678 278 1713 Si
293 1677 421 1711 vacabit
442 1676 530 1711 hora.
548 1677 683 1722 Optimi
699 1675 802 1710 codd.
862 1678 895 1711 J.
911 1677 1076 1718 Vossius,
1107 1677 1167 1723 qui
1196 1687 1270 1711 rem
1299 1689 1365 1711 acu
1395 1677 1509 1722 tetigit
1525 1691 1531 1711 :

136 1735 163 1765 si
175 1744 272 1764 vacas
287 1731 417 1771 habere,
437 1730 547 1775 proba
561 1729 683 1763 lectio:
695 1730 806 1762 habere
863 1742 944 1763 nam
957 1730 1020 1764 iste
1036 1730 1159 1764 Albius
1172 1729 1343 1764 Maximus
1356 1730 1537 1775 proefectus

136 1784 230 1818 enim
256 1791 355 1817 notat
382 1783 624 1828 aver-emitque
650 1783 678 1816 si
707 1791 805 1828 potes
865 1791 937 1816 erat
952 1782 1076 1816 aerarii.
1093 1800 1107 1813 ι
1129 1783 1253 1816 Beverl.

138 1837 245 1876 ferre,
269 1845 308 1870 ut
323 1843 356 1869 te
371 1836 463 1869 inter
478 1843 601 1881 postve
617 1835 700 1869 alios
714 1836 805 1869 salu·
920 1840 954 1876 4.
977 1835 1108 1881 Sapisti.
1130 1836 1203 1869 Hos
1225 1835 1320 1869 enim
1338 1835 1365 1868 si
1383 1836 1511 1880 legeres
1527 1860 1536 1875 ‚

139 1899 220 1923 tem.
240 1888 296 1923 Sic
313 1889 373 1922 lib.
394 1890 426 1924 Ι,
446 1888 553 1934 epigr.
578 1901 632 1922 ΙΝ.
653 1888 693 1922 Sc
709 1888 804 1934 quid,
865 1896 1020 1922 notatam
1037 1896 1132 1923 tuam
1148 1888 1308 1922 inertiam
1325 1886 1542 1921 animadver-

141 1943 370 1983 Fusce‚2·acas
385 1941 487 1974 adhuc
502 1943 613 1974 amari.
623 1940 806 1974 Gruterus.
867 1950 968 1975 teres.
988 1962 1039 1967 —
1061 1940 1178 1975 Credo
1211 1953 1275 1986 ego
1304 1941 1378 1974 haec
1406 1940 1540 1973 subira-

146 2013 158 2024 α
174 1995 248 2040 Ego
261 2006 345 2027 vero
357 2006 480 2028 censeo
496 1992 739 2036 scribendum,
751 1995 807 2026 ka-
868 2001 1020 2028 scentem
1044 1997 1210 2028 Nosuum
1236 1993 1415 2039 proferre3
1444 1992 1541 2038 quasi

141 2048 217 2081 beri.
234 2046 390 2080 Habetur
405 2045 463 2092 qui
484 2046 525 2079 ab
541 2046 658 2092 aliquo
674 2045 809 2080 detine·
869 2046 999 2081 diceret
1011 2058 1019 2079 :
1029 2047 1098 2086 Te,
1113 2047 1211 2088 Albi,
1222 2058 1345 2092 precor
1360 2054 1398 2078 ut
1412 2045 1544 2078 amicus

142 2109 201 2134 tur
212 2126 222 2142 ‚
238 2099 298 2145 qui
315 2099 417 2133 alicui
433 2099 492 2133 dat
510 2112 663 2145 operam.
681 2098 737 2133 Sic
746 2100 811 2133 Te·
870 2108 903 2133 et
918 2099 1027 2133 facilis
1042 2098 1128 2132 mihi
1143 2099 1216 2133 haec
1228 2099 1331 2144 legas.
1351 2098 1384 2131 N
1386 2111 1432 2131 on
1446 2097 1544 2143 legis,

143 2152 289 2187 rentius:
305 2153 385 2197 Quis
397 2153 462 2185 heri
471 2153 578 2185 habuit
591 2152 782 2199 Chrysidem.
793 2170 806 2182 u
870 2164 1002 2186 caussas
1013 2152 1130 2185 futiles
1142 2160 1334 2197 praetexens
1346 2163 1354 2184 :
1368 2150 1457 2196 sapis
1470 2149 1545 2196 qui-

144 2205 301 2240 Gronov.
321 2227 364 2232 —
384 2205 421 2237 V
417 2219 489 2238 acas
508 2205 618 2237 habere
637 2204 692 2239 ed.
711 2205 810 2238 Barb.
871 2204 969 2246 dem;
995 2204 1056 2238 sed
1079 2216 1142 2238 nec
1172 2204 1279 2238 facilis
1309 2203 1396 2237 mihi
1420 2216 1455 2237 es
1481 2214 1545 2235 nec

150 2276 164 2288 ι
180 2258 286 2291 Vacas
305 2271 397 2291 avere
417 2258 558 2292 Salmas.
575 2258 680 2290 Vacas
697 2257 736 2290 ab
753 2271 814 2291 oere
873 2256 1074 2291 amicus.Sic
1091 2257 1161 2291 fere
1174 2257 1236 2291 lib.
1250 2258 1282 2297 1,
1298 2256 1406 2302 epigr.
1418 2267 1546 2289 cxvul.
