1978 3305
373 224 951 267 EPIGRAMMATUM
991 225 1114 268 LIB.
1154 226 1241 268 XI.

1407 226 1506 286 609

630 369 982 430 XXXVII,

639 527 692 559 115
730 506 985 556 ZOILUM*

179 652 345 705 Zonn,
366 649 469 710 quid
493 659 583 693 tota
605 665 821 710 gemmam
845 649 1109 710 praecingere
1133 649 1240 694 libra

249 722 308 763 Te
327 720 477 780 juvat,
502 729 546 763 et
572 720 777 762 miserum
805 719 987 779 perdere
1015 719 1315 781 sardonycha?

181 789 377 834 Annulus
406 791 483 833 iste
509 790 592 833 tuis
621 789 761 832 fuerat
785 788 916 833 modo
947 789 1146 834 cruribus
1171 801 1320 852 aptus;

249 862 350 906 Non
377 859 527 904 eadem
555 859 697 920 digitis
726 858 920 920 pondera
945 860 1222 905 conveniunt.

166 998 180 1011 *
195 999 333 1032 Zoilum
347 1011 365 1031 e
376 1010 476 1031 servo
491 997 641 1043 equitem
658 999 785 1032 factum

112 1052 278 1097 exagitat3
296 1053 440 1097 ejusque
458 1051 656 1096 superbiam
676 1059 709 1084 et
724 1052 788 1084 hu·

113 1105 295 1138 militatem
316 1103 491 1149 exprimit.

171 1170 184 1190 1
194 1184 200 1190 .
217 1157 306 1201 Quid
317 1164 382 1189 tota
400 1169 564 1200 gemmam.
586 1157 711 1189 Juven.
725 1165 787 1190 sat.

114 1210 148 1252 I,
169 1211 214 1243 28
228 1235 237 1251 ,
254 1210 302 1242 sic
315 1209 493 1242 invehitur
511 1209 547 1241 in
568 1209 787 1254 Crispinum:

119 1262 298 1295 «Ventilet
316 1261 473 1296 aestivum
493 1261 610 1306 digitis
632 1260 788 1294 sudanti·

113 1316 179 1348 bus
192 1327 315 1348 aurum
329 1340 338 1355 ‚
354 1314 426 1347 Nec
440 1314 588 1347 sufferre
602 1322 705 1359 queat
720 1326 788 1346 ma-

113 1367 199 1413 joris
219 1366 376 1413 pondera
397 1379 553 1412 gemmae.
568 1383 582 1396 n

172 1433 203 1454 2.
225 1421 274 1453 Et
295 1422 446 1453 miserum.
472 1419 551 1453 Hoc
576 1427 645 1458 est,
674 1418 789 1452 occul-

116 1481 188 1506 tare
209 1472 320 1506 nimio
343 1485 440 1506 auro.

170 1526 204 1559 3.
229 1526 314 1559 Tuus
330 1525 404 1559 MS.
422 1525 555 1558 Beverl.
572 1546 625 1550 -—-
642 1524 791 1557 Annulus

116 1582 184 1611 me.
201 1578 409 1624 Imprudens
433 1589 563 1622 nempe
585 1577 702 1610 Zoilus
726 1575 788 1610 de-

117 1631 223 1664 clarat
239 1643 316 1676 quae
333 1630 400 1665 sibi
417 1629 574 1664 conditio
593 1630 672 1663 vitae
685 1655 694 1671 ‚
713 1629 791 1675 quis

846 1006 952 1031 status
977 1007 1055 1031 ante
1080 996 1197 1032 datam
1219 1000 1344 1046 equitis
1369 1000 1517 1048 dignita-

847 1060 937 1092 tem,
966 1050 1050 1084 dum
1073 1053 1220 1085 annulos
1250 1053 1296 1087 ita
1327 1067 1519 1100 praegraves

847 1113 882 1137 et
899 1102 1120 1149 praegrandes
1142 1104 1260 1150 digitis
1280 1106 1413 1141 inserit.
1430 1108 1519 1141 Nam

850 1157 969 1189 annuli
988 1157 1090 1189 ferrei
1106 1158 1337 1192 servientibus
1351 1159 1387 1192 in
1398 1173 1521 1201 crure,

849 1207 1066 1254 quigrandes
1082 1217 1116 1242 et
1128 1222 1268 1254 graves3
1285 1210 1413 1257 digitos
1429 1213 1522 1247 leves

849 1269 883 1294 et
917 1261 1034 1306 exigui
1069 1259 1207 1296 decent.
1222 1263 1316 1296 Vide
1351 1264 1411 1298 lib.
1449 1266 1524 1308 III,

848 1314 957 1359 epigr.
988 1326 1072 1348 xnx
1099 1325 1106 1347 t
1141 1333 1153 1344 α
1169 1315 1238 1349 Has
1268 1328 1348 1349 cum
1385 1319 1524 1362 gemina

848 1379 924 1400 com
933 1365 1018 1412 pede
1030 1365 1169 1401 dedicat
1187 1376 1322 1402 catenas
1334 1394 1343 1411 ‚
1358 1369 1507 1404 Saturne
1516 1397 1525 1413 ‚

849 1419 913 1452 tibi
932 1419 1071 1460 Zoilus,
1091 1421 1236 1454 annulos
1252 1421 1400 1466 priores.
1417 1439 1431 1452 ι»
1457 1424 1524 1456 ED.

849 1472 967 1505 Zoilus
993 1479 1129 1513 autem,
1152 1481 1190 1507 ut
1217 1482 1329 1518 patet,
1354 1487 1395 1508 ex
1425 1488 1526 1509 servo

851 1524 960 1558 factus
979 1531 1049 1557 erat
1065 1524 1172 1559 modo
1193 1538 1295 1571 eques
1307 1552 1315 1567 ,
1336 1535 1370 1561 et
1390 1527 1438 1562 sic
1452 1530 1526 1574 ejus

851 1577 1011 1610 cruribus
1039 1577 1146 1623 magis
1168 1590 1271 1623 quam
1297 1578 1413 1625 digitis
1441 1594 1527 1615 con-

851 1629 1037 1664 veniebant
1052 1630 1185 1663 annuli.

635 1763 1008 1819 XXXVIII.

532 1919 597 1946 DE

637 1918 882 1947 MULIONE
921 1918 1111 1949 SURDO.

192 2047 355 2089 MULIO
384 2042 537 2104 viginti
566 2042 684 2085 venit
714 2041 845 2085 modo
870 2041 1081 2098 millibus,
1106 2042 1227 2088 Aule.

261 2114 436 2157 Miraris
461 2113 648 2173 pretium
672 2121 760 2155 tam
790 2111 950 2172 grave?
973 2112 1128 2156 surdus
1156 2123 1262 2157 erat.

183 2265 212 2286 1.
231 2254 334 2286 Aucte
356 2251 412 2284 ed.
432 2251 532 2284 Barb.
553 2258 587 2283 et
608 2250 656 2283 sic
675 2249 732 2282 alii
750 2250 799 2282 le-

124 2314 232 2352 gunt,
262 2312 406 2337 notante
437 2303 584 2336 Farnab.
600 2322 652 2328 —
672 2302 801 2345 Viginti

126 2359 272 2392 millibus.
309 2357 444 2401 Nempe
480 2354 686 2388 sestertium.
716 2353 798 2386 Vid.

126 2412 234 2445 tabul.
257 2417 389 2443 monet.
408 2409 444 2441 in
468 2408 600 2440 volum.
620 2406 747 2451 primo.

183 2476 216 2496 2.
231 2462 352 2496 Surdus
371 2469 450 2494 erat.
468 2462 580 2506 Atque
602 2458 648 2492 ita
668 2457 802 2491 delator

127 2528 199 2549 esse
218 2515 406 2560 nequibat,
428 2513 456 2546 si
478 2512 570 2546 forte
593 2512 666 2557 ejus
688 2510 801 2544 domi-

127 2581 192 2601 nus
215 2567 357 2601 liberius
383 2565 470 2611 quid
493 2564 656 2605 dixisset;
675 2576 738 2596 nec
758 2562 802 2596 de

129 2620 339 2654 criminibus
359 2619 410 2652 sui
433 2617 567 2651 domini
589 2629 605 2649 a
626 2628 802 2661 quoquam

200 2699 262 2740 II.

859 2249 1125 2295 interrogandus
1157 2260 1240 2284 erat.
1277 2274 1327 2279 —-
1358 2255 1533 2291 Difficilli-

860 2314 955 2334 mum
993 2314 1075 2335 vero
1112 2303 1333 2349 locupletiori
1369 2319 1534 2343 arcanum

862 2354 979 2393 factis,
1007 2366 1169 2388 arcanum
1203 2355 1304 2390 dictis
1339 2359 1534 2396 circumde-

861 2405 951 2439 disse
968 2418 999 2439 t«
1013 2407 1043 2439 Ο
1064 2407 1249 2453 Corydon,
1273 2410 1463 2457 Corydon,
1483 2427 1535 2448 se-

862 2467 994 2492 cretum
1021 2458 1140 2493 divitis
1165 2461 1278 2494 ullum
1307 2463 1390 2497 Esse
1411 2468 1535 2510 putas?

862 2512 952 2544 servi
962 2520 998 2544 ut
1009 2520 1154 2551 taceant,
1164 2514 1538 2562 jumentaloquuntur,

864 2564 906 2597 Et
932 2565 1045 2605 canis,
1063 2573 1095 2598 et
1123 2574 1257 2610 postes,
1282 2576 1315 2600 et
1339 2572 1534 2604 marmora!

863 2624 927 2649 etc.
945 2635 957 2646 ›-
985 2618 1110 2651 Juven.
1128 2626 1188 2652 sat.
1206 2620 1276 2660 IX,
1299 2632 1379 2654 102.
1399 2622 1462 2654 En.

1263 2694 1326 2756 39
