1978 3305
387 219 486 272 646

769 223 829 264 M.
848 223 989 264 VAL.
1027 223 1413 266 MARTIALIS

527 310 675 365 Quum
703 308 808 353 furit
828 309 883 352 ad
905 309 1118 371 Phrygios
1141 311 1298 354 enthea
1323 312 1449 355 turba
1477 310 1639 355 modos.

456 379 608 422 Mitior
633 378 861 440 implicitas
885 379 1024 425 Alcon
1050 390 1166 425 secat
1191 379 1483 437 enterocelas,

524 450 765 510 Fractaque
792 450 931 494 fabrili
956 451 1130 495 dedolat
1154 467 1249 495 ossa
1272 467 1418 495 manu.

457 519 654 563 Tondeat
676 520 748 564 hic
771 520 922 581 inopes
945 523 1133 582 Cynicos
1147 557 1159 578 ,
1184 531 1225 564 et
1249 523 1394 566 Stoica
1416 532 1560 566 menta
1576 521 1592 577 ‚⁴

530 588 738 650 Collaque
760 590 967 651 pulverea
991 592 1126 635 nudet
1152 593 1308 652 equina
1330 592 1446 651 juba.

461 660 542 703 Hic
568 660 774 704 miserum
797 662 997 722 Scythica
1025 662 1105 706 sub
1135 679 1243 723 rupe
1268 661 1525 706 Promethea
1551 662 1699 718 radat,

531 730 795 775 Carnificem
821 732 940 776 nudo
963 742 1140 793 pectore
1166 742 1317 794 poscet
1342 749 1481 776 avem.

460 799 528 843 Ad
551 810 734 844 matrem
758 801 895 863 fugiet
918 803 1135 847 Pentheus
1149 839 1160 859 ‚
1186 803 1240 846 ad
1262 803 1485 847 Maenadas
1508 803 1740 863 Orpheus3

534 871 738 915 Antiochi
765 882 934 917 tantuin
960 873 1147 917 barbara
1172 873 1255 917 tela
1279 883 1446 917 sonent.

466 941 567 984 Haec
591 958 876 1002 quaecumque
899 960 996 987 meo
1021 945 1258 987 numeratis
1284 945 1486 1004 stigmata
1513 953 1659 987 mento
1679 979 1688 997 ,

399 1061 594 1095 albentibus
606 1088 615 1104 ,
635 1072 674 1096 ut
689 1064 842 1097 ostentui
859 1072 945 1098 esset
956 1090 965 1105 ,
982 1065 1071 1097 mul-

401 1121 474 1145 tum
499 1114 612 1148 vitalis
639 1117 780 1160 spiritus
802 1125 968 1162 egestum.
984 1118 1071 1150 »ED.

455 1170 489 1206 4.
508 1167 568 1199 Ad
583 1168 743 1214 Phrygios
765 1170 882 1203 modos.
903 1170 980 1203 Hoc
1001 1178 1070 1209 est,

403 1217 445 1250 ad
481 1221 667 1264 strepitum
700 1230 970 1267 tympanorum3
1006 1223 1077 1268 pri·

405 1283 498 1304 inum
520 1285 602 1305 vero
623 1274 659 1306 in
681 1274 833 1320 Phrygia
855 1275 1003 1322 Cyheles
1024 1288 1076 1308 sa-

404 1336 459 1356 cra
477 1337 495 1357 a
512 1324 772 1370 Corybantibus
790 1329 961 1361 celebrata
983 1337 1076 1362 sunt.

403 1398 455 1403 -
482 1378 620 1412 Entlzea.
659 1379 735 1413 Hoc
765 1389 815 1414 est
834 1407 843 1422 ‚
874 1382 978 1427 plena
1008 1382 1077 1425 spi-

406 1438 503 1463 rante
524 1429 604 1472 dea,
624 1433 885 1475 ἑνθουσιάζουσα;
901 1435 943 1466 ab
957 1436 985 1467 ἐν
996 1459 1006 1475 v
1022 1435 1056 1468 in
1068 1459 1076 1470 ‚

406 1490 438 1515 et
460 1485 547 1524 θεός,
567 1485 670 1518 Deus.

462 1536 494 1569 5.
510 1537 625 1570 Alcon.
643 1538 837 1584 Chirurgus
852 1538 993 1584 quidam
1011 1551 1017 1572 t
1035 1542 1080 1573 ἐν-

407 1592 556 1634 repon-hm
575 1590 706 1623 herniae
725 1604 834 1636 genus
854 1600 925 1625 est:
947 1593 1007 1625 lib.
1025 1593 1076 1633 Χ,

407 1642 517 1687 epigr.
536 1655 593 1675 Lv1
606 1669 615 1684 ‚
629 1656 678 1677 vs.
697 1656 716 1688 7
737 1657 745 1677 1
768 1645 1079 1679 «Enterocelarum

409 1693 521 1727 fertur
542 1695 736 1729 Podalirius
758 1698 913 1731 Hermes.
936 1716 948 1728 »

462 1750 497 1781 6.
515 1749 601 1780 Dum
616 1749 705 1781 dolat
720 1751 800 1783 Vat.
818 1772 869 1776 —
884 1752 1011 1784 Fabrili
1025 1753 1079 1784 de-

409 1800 515 1837 dolat,
549 1809 612 1834 etc.
642 1803 736 1835 Dura
766 1813 801 1837 et
828 1805 944 1849 gravi,
973 1805 1081 1838 instar

410 1853 518 1895 fabri,
538 1867 609 1887 non
628 1856 725 1887 molli
744 1865 777 1889 et
800 1858 963 1890 tonsoria.

463 1919 496 1951 7.
514 1906 544 1939 C
537 1909 661 1952 3⁷1in
679 1909 786 1942 Stoica
800 1918 912 1943 menta.
927 1911 1081 1944 Philoso-

409 1959 470 2003 phi
489 1960 674 2005 promissas
692 1962 828 1995 alebant
850 1964 984 2004 barbas,
1005 1977 1080 2008 gra-

409 2023 467 2045 ves
482 2022 515 2046 et
533 2013 744 2047 venerandas
756 2041 764 2055 ‚
779 2028 863 2061 quas
880 2029 968 2061 saepe
984 2017 1082 2050 vellit

411 2065 604 2103 Inicianus,
628 2076 660 2100 et
683 2068 812 2113 pluries
836 2070 979 2109 Noster,
1003 2083 1081 2103 cuin

410 2119 554 2153 satiricis
572 2119 839 2167 dramaticisque
855 2123 1082 2165 munibus-‚ab

415 2172 644 2218 Aristophane
660 2173 702 2207 ad
726 2174 788 2207 aevi
807 2175 915 2208 nostri
933 2188 1080 2209 scurras.

463 2226 495 2258 8.
522 2226 692 2273 Collaque,
724 2236 788 2261 etc.
817 2227 1082 2274 Detondeatque

409 2290 576 2323 equorum
606 2280 720 2325 jubas.
753 2303 803 2307 —-
832 2282 928 2315 Juba.
960 2283 1083 2316 Crines

409 2340 489 2364 sunt
523 2345 562 2365 ex
598 2345 768 2379 equorum
804 2343 907 2379 atque
938 2336 1081 2368 aliarum

410 2385 594 2418 bestiarum
612 2387 703 2419 collo
719 2387 923 2431 pendentes.
940 2411 991 2415 —
1006 2389 1084 2421 Pal-

412 2451 509 2475 verea.
524 2448 587 2472 etc.
601 2440 691 2481 Quia
708 2449 887 2474 currentes
901 2442 1083 2487 pulvereos

410 2491 531 2533 globos·
551 2494 682 2526 circuni
703 2493 815 2527 attolli
836 2494 976 2532 faciant,
996 2508 1081 2540 quo·

411 2555 486 2575 rum
518 2557 625 2590 usquc
654 2547 775 2581 volant
804 2549 838 2580 in
869 2549 1082 2582 currentium

411 2597 524 2637 jubam
544 2600 733 2642 particulae.

465 2666 497 2693 g).
517 2652 630 2697 §imm
653 2652 686 2685 in
708 2652 830 2687 codice
842 2654 1019 2687 Vaticano.

1131 1064 1292 1110 Scythica,
1309 1072 1372 1097 etc.
1388 1063 1496 1105 Quod
1511 1065 1582 1109 jam
1602 1064 1802 1110 explicitum

1131 1117 1192 1150 lib.
1211 1117 1326 1162 Spect.
1345 1117 1453 1162 epigr.
1470 1129 1523 1149 vn
1535 1143 1544 1157 ‚
1564 1130 1612 1150 vs.
1637 1130 1649 1150 1
1665 1144 1674 1159 ‚
1692 1127 1726 1151 et
1743 1118 1801 1151 lib.

1132 1170 1201 1209 IX,
1222 1170 1334 1215 epigr.
1352 1181 1447 1203 va1.

1192 1235 1205 1255 1
1215 1235 1248 1256 o.
1262 1223 1354 1255 Dur-o
1363 1221 1437 1255 MS.
1450 1223 1585 1255 Beverl.
1598 1223 1716 1255 Pascat
1724 1222 1803 1256 edd.

1135 1276 1212 1308 Par.
1239 1278 1347 1320 1617.
1369 1274 1483 1308 Maitt.
1503 1275 1604 1308 Barh.
1624 1297 1676 1302 —
1695 1277 1807 1308 Post-et

1135 1341 1232 1361 avem.
1250 1328 1478 1361 Prometheus
1496 1328 1674 1361 libentiori
1691 1329 1807 1361 animo

1136 1381 1304 1426 praebebit
1322 1383 1419 1425 jecur
1440 1380 1642 1414 laniandum
1665 1382 1788 1427 aquilae
1801 1408 1809 1420 ‚

1136 1446 1237 1478 quarn
1249 1443 1405 1467 mentum
1416 1433 1608 1467 radendum
1620 1434 1805 1468 Antiocho.

1138 1482 1380 1533 Ῡπερὲολικῶς,
1402 1495 1436 1519 at
1462 1485 1589 1532 lepide.

1192 1552 1232 1573 11.
1244 1541 1412 1573 Pentheus.
1429 1540 1609 1579 Echionis,
1622 1540 1712 1586 regis
1721 1540 1810 1573 The-

1138 1594 1262 1626 barum
1275 1619 1284 1634 ,
1297 1601 1399 1638 atque
1413 1594 1546 1638 Agaves
1561 1593 1672 1634 filius,
1685 1605 1789 1638 quem
1802 1619 1810 1634 ‚

1138 1646 1266 1679 Bacchi
1281 1658 1375 1679 sacra
1391 1653 1669 1679 contemnentem
1681 1671 1690 1687 ,
1700 1655 1811 1679 mater

1139 1698 1210 1744 ipsa
1234 1706 1436 1744 eaeteraeque
1454 1698 1629 1732 Maenades
1647 1711 1734 1732 saeve
1756 1699 1810 1732 in-

1139 1751 1424 1785 terfecerunt.—
1435 1752 1495 1785 Ad
1509 1760 1655 1791 mall-em,
1672 1760 1738 1785 etc.
1757 1753 1810 1784 Ab

1138 1804 1206 1837 hoc
1216 1805 1324 1850 fugiet
1335 1805 1388 1838 vel
1398 1803 1440 1838 ad
1454 1813 1600 1837 matrem
1613 1817 1712 1837 suam
1726 1805 1812 1849 Aga-

1139 1870 1206 1890 ven
1220 1858 1412 1897 Pentheus,
1430 1870 1448 1891 a
1462 1870 1530 1903 qua
1546 1857 1733 1890 dilaniatus
1743 1867 1810 1891 est:

1139 1911 1181 1943 ab
1200 1910 1268 1944 hoc
1285 1911 1392 1956 fugiet
1408 1910 1573 1956 Orpheus
1594 1909 1637 1943 ad
1659 1911 1813 1943 furentes

1140 1964 1290 1997 Bacchas
1303 1990 1312 2004 ‚
1334 1976 1352 1996 a
1372 1963 1498 2009 quibus
1517 1963 1711 2008 discerptus
1731 1971 1793 1996 est.

1199 2017 1420 2050 12.Antiocl1i
1445 2017 1578 2049 barbara
1603 2018 1665 2049 tela
1687 2025 1806 2048 sonem.

1141 2070 1273 2104 Sonum
1308 2069 1457 2103 edebant
1493 2082 1629 2115 semper
1644 2070 1811 2102 Veterum

1141 2124 1318 2156 novaculae
1334 2123 1472 2169 quoties
1487 2123 1512 2155 ii
1531 2122 1740 2155 raderentur
1753 2137 1760 2162 ;
1774 2131 1811 2154 ut

1140 2175 1180 2208 fit
1199 2184 1315 2208 tamen
1330 2175 1471 2220 optimis
1485 2202 1493 2216 ,
1507 2176 1534 2208 si
1553 2188 1629 2221 quae
1643 2174 1748 2208 hodie
1766 2175 1813 2207 fa-

1140 2229 1330 2266 bricantur,
1352 2229 1541 2261 novaculis.
1557 2228 1662 2262 Unde
1677 2227 1714 2261 id
1734 2229 1813 2261 Juv.

1143 2284 1173 2320 l,
1194 2282 1237 2315 25
1254 2294 1260 2314 :
1276 2300 1288 2311 n
1314 2283 1398 2323 Quo
1420 2281 1604 2320 tondente,
1628 2282 1740 2327 gravis
1759 2284 1812 2327 ju-

1144 2335 1221 2368 veni
1243 2335 1329 2367 mihi
1351 2335 1455 2367 barba
1478 2335 1634 2368 sonabat.
1653 2352 1665 2363 »
1690 2335 1753 2367 En.

1202 2401 1214 2421 1
1225 2388 1256 2420 3.
1288 2388 1323 2422 Ν
1322 2391 1471 2420 muer-aris
1510 2389 1589 2421 Vat.
1637 2388 1815 2420 Numerum.»

1144 2440 1224 2474 edd.
1242 2449 1325 2475 vett.
1343 2449 1375 2474 et
1390 2441 1502 2474 Maitt.
1517 2440 1744 2485 -Sligmatm
1766 2439 1815 2472 Ad

1144 2495 1216 2527 hrec
1241 2495 1453 2527 Farnahius:
1474 2512 1486 2523 ι·
1502 2495 1607 2527 Notas
1637 2494 1818 2538 impressas

1146 2557 1247 2592 atque
1274 2548 1457 2580 incisiones
1494 2547 1645 2592 intellige
1659 2573 1665 2583 .
1703 2547 1818 2591 quales

1146 2601 1275 2634 hahent
1301 2601 1387 2633 servi
1410 2598 1612 2645 stiginatiae‚
1633 2599 1676 2633 de
1693 2599 1819 2644 quibus

1150 2655 1208 2687 lib.
1230 2656 1259 2686 ῙΙ
1275 2680 1282 2693 ,
1304 2654 1412 2698 epigr.
1438 2666 1534 2686 xxix.
1554 2671 1565 2680 ι»
