<?xml version="1.0" encoding="UTF-8"?>
<!DOCTYPE html PUBLIC "-//W3C//DTD XHTML 1.0 Transitional//EN"
    "http://www.w3.org/TR/xhtml1/DTD/xhtml1-transitional.dtd">
<html xmlns="http://www.w3.org/1999/xhtml" xml:lang="en" lang="en">
 <head>
  <title>
</title>
<meta http-equiv="Content-Type" content="text/html;charset=utf-8" />
  <meta name='ocr-system' content='tesseract 3.04.00' />
  <meta name='ocr-capabilities' content='ocr_page ocr_carea ocr_par ocr_line ocrx_word'/>
</head>
<body>
  <div class='ocr_page' id='page_1' title='image "./epigrammata02martuoft/epigrammata02martuoft_0256.png"; bbox 0 0 1978 3305; ppageno 0'>
   <div class='ocr_carea' id='block_1_1' title="bbox 489 227 587 280">
    <p class='ocr_par' dir='ltr' id='par_1_1' title="bbox 489 227 587 280">
     <span class='ocr_line' id='line_1_1' title="bbox 489 227 587 280; baseline -0.01 0"><span class='ocrx_word' id='word_1_1' title='bbox 489 227 587 280; x_wconf 69' lang='lat'>244</span> 
     </span>
    </p>
   </div>
   <div class='ocr_carea' id='block_1_2' title="bbox 860 188 1519 268">
    <p class='ocr_par' dir='ltr' id='par_1_2' title="bbox 860 188 1519 268">
     <span class='ocr_line' id='line_1_2' title="bbox 860 188 1519 268; baseline 0.003 -2"><span class='ocrx_word' id='word_1_2' title='bbox 860 225 922 266; x_wconf 85' lang='lat' dir='ltr'>M.</span> <span class='ocrx_word' id='word_1_3' title='bbox 950 223 1090 268; x_wconf 90' lang='lat' dir='ltr'>VAL.</span> <span class='ocrx_word' id='word_1_4' title='bbox 1130 188 1519 268; x_wconf 14' lang='lat' dir='ltr'><strong>MARTIALIVS</strong></span> 
     </span>
    </p>
   </div>
   <div class='ocr_carea' id='block_1_3' title="bbox 553 309 1786 934">
    <p class='ocr_par' dir='ltr' id='par_1_3' title="bbox 553 309 1786 934">
     <span class='ocr_line' id='line_1_3' title="bbox 627 309 1719 367; baseline 0.001 -12"><span class='ocrx_word' id='word_1_5' title='bbox 627 311 731 355; x_wconf 91' lang='lat' dir='ltr'>Non</span> <span class='ocrx_word' id='word_1_6' title='bbox 758 309 895 355; x_wconf 88' lang='lat' dir='ltr'>lector</span> <span class='ocrx_word' id='word_1_7' title='bbox 918 326 1040 354; x_wconf 89' lang='lat' dir='ltr'>meus</span> <span class='ocrx_word' id='word_1_8' title='bbox 1070 310 1165 367; x_wconf 83' lang='lat' dir='ltr'>hic,</span> <span class='ocrx_word' id='word_1_9' title='bbox 1187 310 1378 366; x_wconf 86' lang='lat' dir='ltr'>Urbice,</span> <span class='ocrx_word' id='word_1_10' title='bbox 1405 311 1481 355; x_wconf 87' lang='lat' dir='ltr'>sed</span> <span class='ocrx_word' id='word_1_11' title='bbox 1507 311 1617 355; x_wconf 89' lang='lat' dir='ltr'>liber</span> <span class='ocrx_word' id='word_1_12' title='bbox 1643 320 1719 356; x_wconf 87' lang='lat' dir='ltr'>est.</span> 
     </span>
     <span class='ocr_line' id='line_1_4' title="bbox 558 381 1688 442; baseline 0 -16"><span class='ocrx_word' id='word_1_13' title='bbox 558 383 627 426; x_wconf 90' lang='lat' dir='ltr'>Sic</span> <span class='ocrx_word' id='word_1_14' title='bbox 657 389 776 425; x_wconf 87' lang='lat' dir='ltr'>tenet</span> <span class='ocrx_word' id='word_1_15' title='bbox 802 381 990 425; x_wconf 83' lang='lat' dir='ltr'>absentis</span> <span class='ocrx_word' id='word_1_16' title='bbox 1017 390 1215 437; x_wconf 83' lang='lat' dir='ltr'>nostros,</span> <span class='ocrx_word' id='word_1_17' title='bbox 1241 390 1471 442; x_wconf 85' lang='lat' dir='ltr'>cantatque</span> <span class='ocrx_word' id='word_1_18' title='bbox 1495 381 1688 438; x_wconf 88' lang='lat' dir='ltr'>libellos;</span> 
     </span>
     <span class='ocr_line' id='line_1_5' title="bbox 627 449 1469 512; baseline -0.002 -16"><span class='ocrx_word' id='word_1_19' title='bbox 627 453 691 496; x_wconf 83' lang='lat' dir='ltr'>Ut</span> <span class='ocrx_word' id='word_1_20' title='bbox 712 460 863 512; x_wconf 86' lang='lat' dir='ltr'>pereat</span> <span class='ocrx_word' id='word_1_21' title='bbox 886 450 1046 495; x_wconf 84' lang='lat' dir='ltr'>chartis</span> <span class='ocrx_word' id='word_1_22' title='bbox 1068 449 1191 495; x_wconf 84' lang='lat' dir='ltr'>litera</span> <span class='ocrx_word' id='word_1_23' title='bbox 1212 450 1330 495; x_wconf 90' lang='lat' dir='ltr'>nulla</span> <span class='ocrx_word' id='word_1_24' title='bbox 1351 452 1469 495; x_wconf 89' lang='lat' dir='ltr'>meis.</span> 
     </span>
     <span class='ocr_line' id='line_1_6' title="bbox 556 520 1657 583; baseline 0 -17"><span class='ocrx_word' id='word_1_25' title='bbox 556 523 780 582; x_wconf 85' lang='lat' dir='ltr'>Denique,</span> <span class='ocrx_word' id='word_1_26' title='bbox 807 522 841 565; x_wconf 87' lang='lat' dir='ltr'>si</span> <span class='ocrx_word' id='word_1_27' title='bbox 865 520 1020 574; x_wconf 82' lang='lat' dir='ltr'>vellet,</span> <span class='ocrx_word' id='word_1_28' title='bbox 1051 531 1224 582; x_wconf 83' lang='lat' dir='ltr'>poterat</span> <span class='ocrx_word' id='word_1_29' title='bbox 1250 522 1469 583; x_wconf 80' lang='lat' dir='ltr'>scripsisse</span> <span class='ocrx_word' id='word_1_30' title='bbox 1496 522 1657 576; x_wconf 78' lang='lat' dir='ltr'>videri;</span> 
     </span>
     <span class='ocr_line' id='line_1_7' title="bbox 626 590 1459 636; baseline -0.001 0"><span class='ocrx_word' id='word_1_31' title='bbox 626 592 712 636; x_wconf 87' lang='lat' dir='ltr'>Sed</span> <span class='ocrx_word' id='word_1_32' title='bbox 738 591 862 635; x_wconf 85' lang='lat' dir='ltr'>famae</span> <span class='ocrx_word' id='word_1_33' title='bbox 887 590 1054 635; x_wconf 87' lang='lat' dir='ltr'>mavult</span> <span class='ocrx_word' id='word_1_34' title='bbox 1080 591 1148 636; x_wconf 88' lang='lat' dir='ltr'>ille</span> <span class='ocrx_word' id='word_1_35' title='bbox 1171 592 1317 636; x_wconf 87' lang='lat' dir='ltr'>favere</span> <span class='ocrx_word' id='word_1_36' title='bbox 1341 609 1459 636; x_wconf 83' lang='lat' dir='ltr'>meae.</span> 
     </span>
     <span class='ocr_line' id='line_1_8' title="bbox 555 661 1786 718; baseline 0 -12"><span class='ocrx_word' id='word_1_37' title='bbox 555 665 685 706; x_wconf 92' lang='lat' dir='ltr'>Hunc</span> <span class='ocrx_word' id='word_1_38' title='bbox 711 661 811 707; x_wconf 87' lang='lat' dir='ltr'>licet</span> <span class='ocrx_word' id='word_1_39' title='bbox 834 678 859 706; x_wconf 86' lang='lat' dir='ltr'>a</span> <span class='ocrx_word' id='word_1_40' title='bbox 880 661 1070 718; x_wconf 78' lang='lat' dir='ltr'>decima,</span> <span class='ocrx_word' id='word_1_41' title='bbox 1093 679 1173 706; x_wconf 90' lang='lat' dir='ltr'>nec</span> <span class='ocrx_word' id='word_1_42' title='bbox 1198 663 1313 706; x_wconf 91' lang='lat' dir='ltr'>enim</span> <span class='ocrx_word' id='word_1_43' title='bbox 1340 663 1441 707; x_wconf 83' lang='lat' dir='ltr'>satis</span> <span class='ocrx_word' id='word_1_44' title='bbox 1467 671 1568 706; x_wconf 85' lang='lat' dir='ltr'>ante</span> <span class='ocrx_word' id='word_1_45' title='bbox 1589 662 1786 718; x_wconf 83' lang='lat' dir='ltr'>vacabit,</span> 
     </span>
     <span class='ocr_line' id='line_1_9' title="bbox 625 732 1554 794; baseline 0 -18"><span class='ocrx_word' id='word_1_46' title='bbox 625 732 837 777; x_wconf 88' lang='lat' dir='ltr'>Sollicites</span> <span class='ocrx_word' id='word_1_47' title='bbox 864 749 873 776; x_wconf 78' lang='grc' dir='ltr'><strong><em>ε</em></strong></span> <span class='ocrx_word' id='word_1_48' title='bbox 903 733 1048 794; x_wconf 84' lang='lat' dir='ltr'>capiet</span> <span class='ocrx_word' id='word_1_49' title='bbox 1071 732 1241 777; x_wconf 82' lang='lat' dir='ltr'>coenula</span> <span class='ocrx_word' id='word_1_50' title='bbox 1269 749 1404 794; x_wconf 88' lang='lat' dir='ltr'>parva</span> <span class='ocrx_word' id='word_1_51' title='bbox 1433 732 1554 777; x_wconf 87' lang='lat' dir='ltr'>duos.</span> 
     </span>
     <span class='ocr_line' id='line_1_10' title="bbox 553 802 1614 864; baseline -0.001 -17"><span class='ocrx_word' id='word_1_52' title='bbox 553 802 632 847; x_wconf 90' lang='lat' dir='ltr'>Ille</span> <span class='ocrx_word' id='word_1_53' title='bbox 659 802 798 864; x_wconf 82' lang='lat' dir='ltr'>leget,</span> <span class='ocrx_word' id='word_1_54' title='bbox 819 802 917 846; x_wconf 90' lang='lat' dir='ltr'>bibe</span> <span class='ocrx_word' id='word_1_55' title='bbox 942 813 990 846; x_wconf 90' lang='lat' dir='ltr'>tu</span> <span class='ocrx_word' id='word_1_56' title='bbox 1015 820 1023 846; x_wconf 93' lang='lat'><strong>:</strong></span> <span class='ocrx_word' id='word_1_57' title='bbox 1050 803 1160 847; x_wconf 89' lang='lat' dir='ltr'>nolis</span> <span class='ocrx_word' id='word_1_58' title='bbox 1184 803 1307 858; x_wconf 82' lang='lat' dir='ltr'>licet,</span> <span class='ocrx_word' id='word_1_59' title='bbox 1328 803 1397 847; x_wconf 88' lang='lat' dir='ltr'>ille</span> <span class='ocrx_word' id='word_1_60' title='bbox 1421 803 1614 859; x_wconf 85' lang='lat' dir='ltr'>sonabit;</span> 
     </span>
     <span class='ocr_line' id='line_1_11' title="bbox 622 873 1694 934; baseline 0 -17"><span class='ocrx_word' id='word_1_61' title='bbox 622 875 679 917; x_wconf 82' lang='lat' dir='ltr'>Et</span> <span class='ocrx_word' id='word_1_62' title='bbox 707 889 840 934; x_wconf 87' lang='lat' dir='ltr'>quum</span> <span class='ocrx_word' id='word_1_63' title='bbox 857 908 868 928; x_wconf 86' lang='lat'><strong>‚</strong></span> <span class='ocrx_word' id='word_1_64' title='bbox 895 876 990 917; x_wconf 87' lang='lat' dir='ltr'>Jam</span> <span class='ocrx_word' id='word_1_65' title='bbox 1016 875 1118 918; x_wconf 84' lang='lat' dir='ltr'>satis</span> <span class='ocrx_word' id='word_1_66' title='bbox 1142 883 1230 929; x_wconf 84' lang='lat' dir='ltr'>est,</span> <span class='ocrx_word' id='word_1_67' title='bbox 1260 874 1444 930; x_wconf 78' lang='lat' dir='ltr'>dixeris,</span> <span class='ocrx_word' id='word_1_68' title='bbox 1472 873 1542 917; x_wconf 91' lang='lat' dir='ltr'>ille</span> <span class='ocrx_word' id='word_1_69' title='bbox 1568 873 1694 934; x_wconf 84' lang='lat' dir='ltr'>leget.</span> 
     </span>
    </p>
   </div>
   <div class='ocr_carea' id='block_1_4' title="bbox 479 999 1161 1934">
    <p class='ocr_par' dir='ltr' id='par_1_4' title="bbox 479 999 1160 1362">
     <span class='ocr_line' id='line_1_12' title="bbox 481 999 1157 1045; baseline -0.001 -11"><span class='ocrx_word' id='word_1_70' title='bbox 481 1001 588 1034; x_wconf 86' lang='lat' dir='ltr'>fuisse</span> <span class='ocrx_word' id='word_1_71' title='bbox 615 999 712 1034; x_wconf 89' lang='lat' dir='ltr'>hunc</span> <span class='ocrx_word' id='word_1_72' title='bbox 736 1002 908 1041; x_wconf 84' lang='lat' dir='ltr'>Auctum,</span> <span class='ocrx_word' id='word_1_73' title='bbox 929 1000 1028 1045; x_wconf 89' lang='lat' dir='ltr'>cujus</span> <span class='ocrx_word' id='word_1_74' title='bbox 1052 999 1157 1033; x_wconf 82' lang='lat' dir='ltr'>etiam</span> 
     </span>
     <span class='ocr_line' id='line_1_13' title="bbox 482 1051 1158 1100; baseline 0 -14"><span class='ocrx_word' id='word_1_75' title='bbox 482 1062 561 1100; x_wconf 84' lang='lat' dir='ltr'>toga</span> <span class='ocrx_word' id='word_1_76' title='bbox 575 1079 584 1095; x_wconf 92' lang='lat'>‚</span> <span class='ocrx_word' id='word_1_77' title='bbox 605 1066 674 1099; x_wconf 87' lang='lat' dir='ltr'>qua</span> <span class='ocrx_word' id='word_1_78' title='bbox 693 1051 737 1086; x_wconf 86' lang='lat' dir='ltr'>ad</span> <span class='ocrx_word' id='word_1_79' title='bbox 755 1052 869 1085; x_wconf 82' lang='lat' dir='ltr'>varios</span> <span class='ocrx_word' id='word_1_80' title='bbox 889 1065 970 1085; x_wconf 90' lang='lat' dir='ltr'>usus</span> <span class='ocrx_word' id='word_1_81' title='bbox 990 1060 1158 1094; x_wconf 86' lang='lat' dir='ltr'>uteretur,</span> 
     </span>
     <span class='ocr_line' id='line_1_14' title="bbox 483 1105 1160 1151; baseline -0.004 -11"><span class='ocrx_word' id='word_1_82' title='bbox 483 1107 600 1140; x_wconf 80' lang='lat' dir='ltr'>attrita</span> <span class='ocrx_word' id='word_1_83' title='bbox 615 1114 703 1140; x_wconf 86' lang='lat' dir='ltr'>esset</span> <span class='ocrx_word' id='word_1_84' title='bbox 720 1118 728 1139; x_wconf 78' lang='lat' dir='ltr'>z</span> <span class='ocrx_word' id='word_1_85' title='bbox 746 1118 809 1151; x_wconf 86' lang='lat' dir='ltr'>ego</span> <span class='ocrx_word' id='word_1_86' title='bbox 829 1117 913 1138; x_wconf 87' lang='lat' dir='ltr'>vero</span> <span class='ocrx_word' id='word_1_87' title='bbox 930 1112 965 1137; x_wconf 89' lang='lat' dir='ltr'>et</span> <span class='ocrx_word' id='word_1_88' title='bbox 981 1105 1160 1151; x_wconf 88' lang='lat' dir='ltr'>jurisperi-</span> 
     </span>
     <span class='ocr_line' id='line_1_15' title="bbox 482 1157 1159 1203; baseline -0.004 -10"><span class='ocrx_word' id='word_1_89' title='bbox 482 1169 556 1193; x_wconf 88' lang='lat' dir='ltr'>tum</span> <span class='ocrx_word' id='word_1_90' title='bbox 578 1159 705 1198; x_wconf 86' lang='lat' dir='ltr'>fuisse,</span> <span class='ocrx_word' id='word_1_91' title='bbox 725 1167 759 1191; x_wconf 88' lang='lat' dir='ltr'>et</span> <span class='ocrx_word' id='word_1_92' title='bbox 777 1157 901 1191; x_wconf 83' lang='lat' dir='ltr'>studiis</span> <span class='ocrx_word' id='word_1_93' title='bbox 923 1157 1031 1203; x_wconf 88' lang='lat' dir='ltr'>pacis,</span> <span class='ocrx_word' id='word_1_94' title='bbox 1053 1166 1087 1191; x_wconf 89' lang='lat' dir='ltr'>et</span> <span class='ocrx_word' id='word_1_95' title='bbox 1106 1170 1159 1191; x_wconf 89' lang='lat' dir='ltr'>va·</span> 
     </span>
     <span class='ocr_line' id='line_1_16' title="bbox 481 1210 1159 1256; baseline -0.004 -10"><span class='ocrx_word' id='word_1_96' title='bbox 481 1213 535 1246; x_wconf 87' lang='lat' dir='ltr'>rio</span> <span class='ocrx_word' id='word_1_97' title='bbox 564 1223 747 1245; x_wconf 88' lang='lat' dir='ltr'>causarum</span> <span class='ocrx_word' id='word_1_98' title='bbox 778 1222 907 1256; x_wconf 84' lang='lat' dir='ltr'>genere</span> <span class='ocrx_word' id='word_1_99' title='bbox 933 1210 1159 1244; x_wconf 81' lang='lat' dir='ltr'>exercitatum</span> 
     </span>
     <span class='ocr_line' id='line_1_17' title="bbox 479 1261 1157 1309; baseline -0.003 -11"><span class='ocrx_word' id='word_1_100' title='bbox 479 1266 628 1299; x_wconf 82' lang='lat' dir='ltr'>libenter</span> <span class='ocrx_word' id='word_1_101' title='bbox 642 1264 805 1298; x_wconf 81' lang='lat' dir='ltr'>dixerim.</span> <span class='ocrx_word' id='word_1_102' title='bbox 818 1261 911 1296; x_wconf 88' lang='lat' dir='ltr'>Vide</span> <span class='ocrx_word' id='word_1_103' title='bbox 929 1263 1040 1309; x_wconf 84' lang='lat' dir='ltr'>epigr.</span> <span class='ocrx_word' id='word_1_104' title='bbox 1057 1276 1138 1297; x_wconf 77' lang='lat' dir='ltr'>Lxrx</span> <span class='ocrx_word' id='word_1_105' title='bbox 1149 1288 1157 1301; x_wconf 91' lang='lat'><em>,</em></span> 
     </span>
     <span class='ocr_line' id='line_1_18' title="bbox 483 1316 987 1362; baseline -0.006 -11"><span class='ocrx_word' id='word_1_106' title='bbox 483 1318 573 1351; x_wconf 83' lang='lat' dir='ltr'>infra</span> <span class='ocrx_word' id='word_1_107' title='bbox 588 1344 597 1359; x_wconf 94' lang='lat'>‚</span> <span class='ocrx_word' id='word_1_108' title='bbox 616 1327 649 1351; x_wconf 86' lang='lat' dir='ltr'>et</span> <span class='ocrx_word' id='word_1_109' title='bbox 667 1317 728 1350; x_wconf 87' lang='lat' dir='ltr'>lib.</span> <span class='ocrx_word' id='word_1_110' title='bbox 747 1317 763 1349; x_wconf 88' lang='grc' dir='ltr'>Ι</span> <span class='ocrx_word' id='word_1_111' title='bbox 777 1341 786 1355; x_wconf 87' lang='grc'><em>,</em></span> <span class='ocrx_word' id='word_1_112' title='bbox 807 1316 915 1362; x_wconf 87' lang='lat' dir='ltr'>epigr.</span> <span class='ocrx_word' id='word_1_113' title='bbox 932 1329 987 1349; x_wconf 77' lang='lat' dir='ltr'>xL.</span> 
     </span>
    </p>

    <p class='ocr_par' dir='ltr' id='par_1_5' title="bbox 481 1367 1161 1510">
     <span class='ocr_line' id='line_1_19' title="bbox 536 1367 1160 1414; baseline -0.006 -9"><span class='ocrx_word' id='word_1_114' title='bbox 536 1374 569 1405; x_wconf 83' lang='lat'>6.</span> <span class='ocrx_word' id='word_1_115' title='bbox 587 1370 652 1405; x_wconf 82' lang='lat' dir='ltr'>Sed</span> <span class='ocrx_word' id='word_1_116' title='bbox 668 1370 747 1402; x_wconf 81' lang='lat' dir='ltr'>liber</span> <span class='ocrx_word' id='word_1_117' title='bbox 760 1377 816 1402; x_wconf 79' lang='lat' dir='ltr'>est.</span> <span class='ocrx_word' id='word_1_118' title='bbox 836 1368 934 1402; x_wconf 89' lang='lat' dir='ltr'>Adeo</span> <span class='ocrx_word' id='word_1_119' title='bbox 950 1367 993 1401; x_wconf 92' lang='lat' dir='ltr'>ad</span> <span class='ocrx_word' id='word_1_120' title='bbox 1007 1381 1160 1414; x_wconf 88' lang='lat' dir='ltr'>unguem</span> 
     </span>
     <span class='ocr_line' id='line_1_20' title="bbox 481 1422 1161 1457; baseline -0.004 0"><span class='ocrx_word' id='word_1_121' title='bbox 481 1432 577 1457; x_wconf 87' lang='lat' dir='ltr'>tenet</span> <span class='ocrx_word' id='word_1_122' title='bbox 598 1432 633 1457; x_wconf 81' lang='lat' dir='ltr'>et</span> <span class='ocrx_word' id='word_1_123' title='bbox 657 1422 859 1456; x_wconf 80' lang='lat' dir='ltr'>memoriter</span> <span class='ocrx_word' id='word_1_124' title='bbox 879 1422 1000 1455; x_wconf 84' lang='lat' dir='ltr'>recitat</span> <span class='ocrx_word' id='word_1_125' title='bbox 1018 1422 1025 1454; x_wconf 89' lang='lat'>!</span> <span class='ocrx_word' id='word_1_126' title='bbox 1054 1422 1161 1455; x_wconf 87' lang='lat' dir='ltr'>Liber</span> 
     </span>
     <span class='ocr_line' id='line_1_21' title="bbox 481 1478 663 1510; baseline -0.005 0"><span class='ocrx_word' id='word_1_127' title='bbox 481 1478 580 1510; x_wconf 83' lang='lat' dir='ltr'>vivus</span> <span class='ocrx_word' id='word_1_128' title='bbox 601 1484 663 1510; x_wconf 87' lang='lat' dir='ltr'>est.</span> 
     </span>
    </p>

    <p class='ocr_par' dir='ltr' id='par_1_6' title="bbox 481 1528 1160 1934">
     <span class='ocr_line' id='line_1_22' title="bbox 534 1528 1159 1574; baseline -0.005 -11"><span class='ocrx_word' id='word_1_129' title='bbox 534 1541 568 1574; x_wconf 79' lang='lat'>7.</span> <span class='ocrx_word' id='word_1_130' title='bbox 581 1529 635 1563; x_wconf 80' lang='lat' dir='ltr'>Sic</span> <span class='ocrx_word' id='word_1_131' title='bbox 651 1536 732 1561; x_wconf 79' lang='lat' dir='ltr'>tenet</span> <span class='ocrx_word' id='word_1_132' title='bbox 744 1529 892 1561; x_wconf 81' lang='lat' dir='ltr'>absentis.</span> <span class='ocrx_word' id='word_1_133' title='bbox 905 1528 974 1561; x_wconf 90' lang='lat' dir='ltr'>Pro</span> <span class='ocrx_word' id='word_1_134' title='bbox 990 1528 1129 1560; x_wconf 71' lang='lat' dir='ltr'>absentes</span> <span class='ocrx_word' id='word_1_135' title='bbox 1148 1541 1159 1560; x_wconf 90' lang='lat'><em>:</em></span> 
     </span>
     <span class='ocr_line' id='line_1_23' title="bbox 482 1580 1160 1616; baseline -0.004 0"><span class='ocrx_word' id='word_1_136' title='bbox 482 1583 527 1616; x_wconf 84' lang='lat' dir='ltr'>ita</span> <span class='ocrx_word' id='word_1_137' title='bbox 543 1591 576 1616; x_wconf 89' lang='lat' dir='ltr'>et</span> <span class='ocrx_word' id='word_1_138' title='bbox 595 1582 652 1616; x_wconf 86' lang='lat' dir='ltr'>alii</span> <span class='ocrx_word' id='word_1_139' title='bbox 666 1590 824 1615; x_wconf 83' lang='lat' dir='ltr'>auctores</span> <span class='ocrx_word' id='word_1_140' title='bbox 840 1581 948 1614; x_wconf 86' lang='lat' dir='ltr'>locuti</span> <span class='ocrx_word' id='word_1_141' title='bbox 968 1589 1060 1614; x_wconf 90' lang='lat' dir='ltr'>sunt.</span> <span class='ocrx_word' id='word_1_142' title='bbox 1079 1580 1160 1614; x_wconf 92' lang='lat' dir='ltr'>Sen-</span> 
     </span>
     <span class='ocr_line' id='line_1_24' title="bbox 484 1634 1160 1679; baseline -0.003 -11"><span class='ocrx_word' id='word_1_143' title='bbox 484 1649 541 1668; x_wconf 85' lang='lat' dir='ltr'>sus</span> <span class='ocrx_word' id='word_1_144' title='bbox 573 1644 622 1669; x_wconf 84' lang='lat' dir='ltr'>est</span> <span class='ocrx_word' id='word_1_145' title='bbox 642 1647 649 1669; x_wconf 90' lang='lat'>:</span> <span class='ocrx_word' id='word_1_146' title='bbox 675 1635 727 1668; x_wconf 80' lang='lat' dir='ltr'>Ita</span> <span class='ocrx_word' id='word_1_147' title='bbox 761 1634 930 1667; x_wconf 82' lang='lat' dir='ltr'>memoria</span> <span class='ocrx_word' id='word_1_148' title='bbox 970 1634 1160 1679; x_wconf 86' lang='lat' dir='ltr'>Pompeius</span> 
     </span>
     <span class='ocr_line' id='line_1_25' title="bbox 482 1687 1160 1728; baseline -0.003 -7"><span class='ocrx_word' id='word_1_149' title='bbox 482 1690 614 1722; x_wconf 90' lang='lat' dir='ltr'>Auctus</span> <span class='ocrx_word' id='word_1_150' title='bbox 635 1696 730 1722; x_wconf 88' lang='lat' dir='ltr'>tenet</span> <span class='ocrx_word' id='word_1_151' title='bbox 752 1699 826 1720; x_wconf 77' lang='lat' dir='ltr'>mea</span> <span class='ocrx_word' id='word_1_152' title='bbox 848 1687 1032 1728; x_wconf 82' lang='lat' dir='ltr'>Carmina,</span> <span class='ocrx_word' id='word_1_153' title='bbox 1051 1695 1091 1720; x_wconf 89' lang='lat' dir='ltr'>ut</span> <span class='ocrx_word' id='word_1_154' title='bbox 1121 1699 1160 1720; x_wconf 88' lang='lat' dir='ltr'>ea</span> 
     </span>
     <span class='ocr_line' id='line_1_26' title="bbox 481 1740 1160 1785; baseline -0.004 -10"><span class='ocrx_word' id='word_1_155' title='bbox 481 1742 556 1775; x_wconf 89' lang='lat' dir='ltr'>sine</span> <span class='ocrx_word' id='word_1_156' title='bbox 574 1741 649 1774; x_wconf 88' lang='lat' dir='ltr'>ullo</span> <span class='ocrx_word' id='word_1_157' title='bbox 677 1753 812 1781; x_wconf 90' lang='lat' dir='ltr'>errore,</span> <span class='ocrx_word' id='word_1_158' title='bbox 836 1752 880 1773; x_wconf 90' lang='lat' dir='ltr'>ne</span> <span class='ocrx_word' id='word_1_159' title='bbox 905 1740 1059 1773; x_wconf 88' lang='lat' dir='ltr'>minimae</span> <span class='ocrx_word' id='word_1_160' title='bbox 1081 1740 1160 1785; x_wconf 89' lang='lat' dir='ltr'>qui-</span> 
     </span>
     <span class='ocr_line' id='line_1_27' title="bbox 483 1792 1159 1841; baseline -0.003 -13"><span class='ocrx_word' id='word_1_161' title='bbox 483 1794 563 1828; x_wconf 85' lang='lat' dir='ltr'>dem</span> <span class='ocrx_word' id='word_1_162' title='bbox 592 1794 754 1841; x_wconf 72' lang='lat' dir='ltr'>syllabae,</span> <span class='ocrx_word' id='word_1_163' title='bbox 777 1793 922 1826; x_wconf 85' lang='lat' dir='ltr'>recitare</span> <span class='ocrx_word' id='word_1_164' title='bbox 950 1792 1070 1839; x_wconf 88' lang='lat' dir='ltr'>possit.</span> <span class='ocrx_word' id='word_1_165' title='bbox 1087 1792 1159 1826; x_wconf 90' lang='lat' dir='ltr'>He-</span> 
     </span>
     <span class='ocr_line' id='line_1_28' title="bbox 482 1846 1160 1891; baseline -0.004 -10"><span class='ocrx_word' id='word_1_166' title='bbox 482 1847 600 1882; x_wconf 86' lang='lat' dir='ltr'>raldus</span> <span class='ocrx_word' id='word_1_167' title='bbox 629 1847 761 1880; x_wconf 86' lang='lat' dir='ltr'>mavult</span> <span class='ocrx_word' id='word_1_168' title='bbox 782 1846 919 1878; x_wconf 81' lang='lat' dir='ltr'>absentis</span> <span class='ocrx_word' id='word_1_169' title='bbox 941 1858 1014 1879; x_wconf 84' lang='lat' dir='ltr'>esse</span> <span class='ocrx_word' id='word_1_170' title='bbox 1039 1846 1076 1879; x_wconf 90' lang='lat' dir='ltr'>in</span> <span class='ocrx_word' id='word_1_171' title='bbox 1102 1858 1160 1891; x_wconf 87' lang='lat' dir='ltr'>ge-</span> 
     </span>
     <span class='ocr_line' id='line_1_29' title="bbox 483 1898 1160 1934; baseline -0.003 0"><span class='ocrx_word' id='word_1_172' title='bbox 483 1901 596 1934; x_wconf 86' lang='lat' dir='ltr'>nitivo</span> <span class='ocrx_word' id='word_1_173' title='bbox 615 1912 622 1932; x_wconf 89' lang='lat'>:</span> <span class='ocrx_word' id='word_1_174' title='bbox 642 1899 811 1932; x_wconf 74' lang='lat' dir='ltr'>Martialis</span> <span class='ocrx_word' id='word_1_175' title='bbox 833 1898 975 1931; x_wconf 83' lang='lat' dir='ltr'>scilicet.</span> <span class='ocrx_word' id='word_1_176' title='bbox 997 1921 1046 1924; x_wconf 86' lang='lat'><em>-</em></span> <span class='ocrx_word' id='word_1_177' title='bbox 1067 1898 1160 1932; x_wconf 84' lang='lat' dir='ltr'>Scite</span> 
     </span>
    </p>
   </div>
   <div class='ocr_carea' id='block_1_5' title="bbox 1215 998 1894 1932">
    <p class='ocr_par' dir='ltr' id='par_1_7' title="bbox 1215 998 1893 1151">
     <span class='ocr_line' id='line_1_30' title="bbox 1215 998 1892 1046; baseline -0.001 -13"><span class='ocrx_word' id='word_1_178' title='bbox 1215 999 1375 1046; x_wconf 90' lang='lat' dir='ltr'>quidem,</span> <span class='ocrx_word' id='word_1_179' title='bbox 1397 1007 1431 1033; x_wconf 90' lang='lat' dir='ltr'>et</span> <span class='ocrx_word' id='word_1_180' title='bbox 1450 999 1496 1033; x_wconf 86' lang='lat' dir='ltr'>ad</span> <span class='ocrx_word' id='word_1_181' title='bbox 1518 999 1554 1033; x_wconf 88' lang='lat' dir='ltr'>id</span> <span class='ocrx_word' id='word_1_182' title='bbox 1571 999 1653 1033; x_wconf 86' lang='lat' dir='ltr'>facit</span> <span class='ocrx_word' id='word_1_183' title='bbox 1669 998 1892 1033; x_wconf 80' lang='lat' dir='ltr'>horatianum</span> 
     </span>
     <span class='ocr_line' id='line_1_31' title="bbox 1217 1051 1893 1098; baseline 0 -13"><span class='ocrx_word' id='word_1_184' title='bbox 1217 1051 1326 1086; x_wconf 89' lang='lat' dir='ltr'>illud:</span> <span class='ocrx_word' id='word_1_185' title='bbox 1346 1070 1359 1082; x_wconf 86' lang='lat'>«</span> <span class='ocrx_word' id='word_1_186' title='bbox 1379 1052 1499 1094; x_wconf 90' lang='lat' dir='ltr'>Quum</span> <span class='ocrx_word' id='word_1_187' title='bbox 1521 1064 1597 1085; x_wconf 85' lang='lat' dir='ltr'>mea</span> <span class='ocrx_word' id='word_1_188' title='bbox 1624 1064 1729 1085; x_wconf 88' lang='lat' dir='ltr'>nemo</span> <span class='ocrx_word' id='word_1_189' title='bbox 1757 1052 1893 1098; x_wconf 84' lang='lat' dir='ltr'>Scripta</span> 
     </span>
     <span class='ocr_line' id='line_1_32' title="bbox 1216 1105 1891 1151; baseline 0 -13"><span class='ocrx_word' id='word_1_190' title='bbox 1216 1106 1307 1151; x_wconf 86' lang='lat' dir='ltr'>legat</span> <span class='ocrx_word' id='word_1_191' title='bbox 1326 1105 1431 1150; x_wconf 86' lang='lat' dir='ltr'>vulgo</span> <span class='ocrx_word' id='word_1_192' title='bbox 1451 1105 1598 1139; x_wconf 87' lang='lat' dir='ltr'>recitare</span> <span class='ocrx_word' id='word_1_193' title='bbox 1616 1105 1807 1139; x_wconf 69' lang='lat' dir='ltr'>timentis».</span> <span class='ocrx_word' id='word_1_194' title='bbox 1824 1105 1891 1138; x_wconf 85' lang='lat' dir='ltr'>En.</span> 
     </span>
    </p>

    <p class='ocr_par' dir='ltr' id='par_1_8' title="bbox 1217 1157 1894 1362">
     <span class='ocr_line' id='line_1_33' title="bbox 1272 1157 1892 1204; baseline 0.002 -13"><span class='ocrx_word' id='word_1_195' title='bbox 1272 1159 1457 1202; x_wconf 81' lang='lat' dir='ltr'>9.Poterat‚</span> <span class='ocrx_word' id='word_1_196' title='bbox 1473 1167 1539 1191; x_wconf 79' lang='lat' dir='ltr'>etc.</span> <span class='ocrx_word' id='word_1_197' title='bbox 1557 1157 1601 1191; x_wconf 90' lang='lat' dir='ltr'>Se</span> <span class='ocrx_word' id='word_1_198' title='bbox 1615 1166 1795 1192; x_wconf 87' lang='lat' dir='ltr'>auctorem</span> <span class='ocrx_word' id='word_1_199' title='bbox 1809 1170 1892 1204; x_wconf 88' lang='lat' dir='ltr'>pro-</span> 
     </span>
     <span class='ocr_line' id='line_1_34' title="bbox 1217 1210 1894 1253; baseline 0.003 -10"><span class='ocrx_word' id='word_1_200' title='bbox 1217 1210 1326 1253; x_wconf 85' lang='lat' dir='ltr'>fiteri,</span> <span class='ocrx_word' id='word_1_201' title='bbox 1346 1210 1411 1244; x_wconf 89' lang='lat' dir='ltr'>nisi</span> <span class='ocrx_word' id='word_1_202' title='bbox 1434 1223 1518 1244; x_wconf 81' lang='lat' dir='ltr'>ineae</span> <span class='ocrx_word' id='word_1_203' title='bbox 1536 1211 1667 1245; x_wconf 81' lang='lat' dir='ltr'>faveret</span> <span class='ocrx_word' id='word_1_204' title='bbox 1686 1210 1894 1245; x_wconf 81' lang='lat' dir='ltr'>famae.Vide</span> 
     </span>
     <span class='ocr_line' id='line_1_35' title="bbox 1218 1263 1894 1310; baseline 0.003 -14"><span class='ocrx_word' id='word_1_205' title='bbox 1218 1263 1356 1297; x_wconf 87' lang='lat' dir='ltr'>Senecae</span> <span class='ocrx_word' id='word_1_206' title='bbox 1375 1264 1512 1310; x_wconf 88' lang='lat' dir='ltr'>prolog.</span> <span class='ocrx_word' id='word_1_207' title='bbox 1530 1263 1683 1297; x_wconf 84' lang='lat' dir='ltr'>Declam.</span> <span class='ocrx_word' id='word_1_208' title='bbox 1704 1264 1765 1297; x_wconf 84' lang='lat' dir='ltr'>ubi</span> <span class='ocrx_word' id='word_1_209' title='bbox 1786 1264 1894 1298; x_wconf 84' lang='lat' dir='ltr'>refert</span> 
     </span>
     <span class='ocr_line' id='line_1_36' title="bbox 1217 1316 1839 1362; baseline 0.002 -12"><span class='ocrx_word' id='word_1_210' title='bbox 1217 1316 1378 1362; x_wconf 83' lang='lat' dir='ltr'>exempla</span> <span class='ocrx_word' id='word_1_211' title='bbox 1398 1316 1555 1362; x_wconf 85' lang='lat' dir='ltr'>quaedam</span> <span class='ocrx_word' id='word_1_212' title='bbox 1581 1317 1839 1351; x_wconf 85' lang='lat' dir='ltr'>memoriae.ED.</span> 
     </span>
    </p>

    <p class='ocr_par' dir='ltr' id='par_1_9' title="bbox 1218 1369 1894 1891">
     <span class='ocr_line' id='line_1_37' title="bbox 1276 1369 1892 1403; baseline 0.002 -1"><span class='ocrx_word' id='word_1_213' title='bbox 1276 1382 1334 1403; x_wconf 92' lang='lat'>11.</span> <span class='ocrx_word' id='word_1_214' title='bbox 1366 1370 1460 1403; x_wconf 73' lang='lat' dir='ltr'><em>Nunc</em></span> <span class='ocrx_word' id='word_1_215' title='bbox 1487 1369 1559 1401; x_wconf 85' lang='lat' dir='ltr'>licet</span> <span class='ocrx_word' id='word_1_216' title='bbox 1578 1369 1785 1403; x_wconf 86' lang='lat' dir='ltr'>Beverlandi</span> <span class='ocrx_word' id='word_1_217' title='bbox 1816 1369 1892 1403; x_wconf 88' lang='lat' dir='ltr'>MS.</span> 
     </span>
     <span class='ocr_line' id='line_1_38' title="bbox 1218 1423 1893 1468; baseline 0.001 -13"><span class='ocrx_word' id='word_1_218' title='bbox 1218 1423 1369 1455; x_wconf 77' lang='lat' dir='ltr'>—Licet</span> <span class='ocrx_word' id='word_1_219' title='bbox 1389 1435 1409 1454; x_wconf 87' lang='grc' dir='ltr'><em>α</em></span> <span class='ocrx_word' id='word_1_220' title='bbox 1431 1423 1560 1455; x_wconf 86' lang='lat' dir='ltr'>decima.</span> <span class='ocrx_word' id='word_1_221' title='bbox 1578 1423 1679 1456; x_wconf 90' lang='lat' dir='ltr'>Prius</span> <span class='ocrx_word' id='word_1_222' title='bbox 1699 1423 1791 1456; x_wconf 90' lang='lat' dir='ltr'>enim</span> <span class='ocrx_word' id='word_1_223' title='bbox 1807 1435 1893 1468; x_wconf 89' lang='lat' dir='ltr'>pro-</span> 
     </span>
     <span class='ocr_line' id='line_1_39' title="bbox 1219 1475 1892 1520; baseline 0.001 -12"><span class='ocrx_word' id='word_1_224' title='bbox 1219 1483 1297 1520; x_wconf 87' lang='lat' dir='ltr'>pter</span> <span class='ocrx_word' id='word_1_225' title='bbox 1317 1487 1376 1508; x_wconf 86' lang='lat' dir='ltr'>sua</span> <span class='ocrx_word' id='word_1_226' title='bbox 1397 1475 1535 1520; x_wconf 86' lang='lat' dir='ltr'>negotia</span> <span class='ocrx_word' id='word_1_227' title='bbox 1560 1488 1633 1508; x_wconf 90' lang='lat' dir='ltr'>non</span> <span class='ocrx_word' id='word_1_228' title='bbox 1652 1476 1795 1509; x_wconf 85' lang='lat' dir='ltr'>vacabat</span> <span class='ocrx_word' id='word_1_229' title='bbox 1820 1477 1892 1509; x_wconf 89' lang='lat' dir='ltr'>Au-</span> 
     </span>
     <span class='ocr_line' id='line_1_40' title="bbox 1219 1528 1894 1562; baseline 0.001 -1"><span class='ocrx_word' id='word_1_230' title='bbox 1219 1536 1305 1561; x_wconf 89' lang='lat' dir='ltr'>ctus.</span> <span class='ocrx_word' id='word_1_231' title='bbox 1322 1528 1418 1561; x_wconf 86' lang='lat' dir='ltr'>Hora</span> <span class='ocrx_word' id='word_1_232' title='bbox 1436 1540 1520 1561; x_wconf 82' lang='lat' dir='ltr'>vero</span> <span class='ocrx_word' id='word_1_233' title='bbox 1542 1540 1636 1561; x_wconf 84' lang='lat' dir='ltr'>nona</span> <span class='ocrx_word' id='word_1_234' title='bbox 1659 1541 1795 1562; x_wconf 85' lang='lat' dir='ltr'>coenare</span> <span class='ocrx_word' id='word_1_235' title='bbox 1810 1528 1894 1562; x_wconf 87' lang='lat' dir='ltr'>inci-</span> 
     </span>
     <span class='ocr_line' id='line_1_41' title="bbox 1220 1579 1893 1626; baseline 0.003 -13"><span class='ocrx_word' id='word_1_236' title='bbox 1220 1581 1364 1626; x_wconf 86' lang='lat' dir='ltr'>piebant</span> <span class='ocrx_word' id='word_1_237' title='bbox 1385 1580 1542 1626; x_wconf 86' lang='lat' dir='ltr'>Antiqui.</span> <span class='ocrx_word' id='word_1_238' title='bbox 1567 1582 1618 1614; x_wconf 94' lang='lat' dir='ltr'>De</span> <span class='ocrx_word' id='word_1_239' title='bbox 1644 1581 1740 1615; x_wconf 88' lang='lat' dir='ltr'>horis</span> <span class='ocrx_word' id='word_1_240' title='bbox 1758 1579 1893 1615; x_wconf 83' lang='lat' dir='ltr'>dictum</span> 
     </span>
     <span class='ocr_line' id='line_1_42' title="bbox 1220 1632 1892 1680; baseline 0.003 -14"><span class='ocrx_word' id='word_1_241' title='bbox 1220 1634 1281 1666; x_wconf 86' lang='lat' dir='ltr'>lib.</span> <span class='ocrx_word' id='word_1_242' title='bbox 1306 1635 1374 1674; x_wconf 89' lang='lat' dir='ltr'>IV,</span> <span class='ocrx_word' id='word_1_243' title='bbox 1392 1634 1502 1680; x_wconf 84' lang='lat' dir='ltr'>epigr.</span> <span class='ocrx_word' id='word_1_244' title='bbox 1520 1646 1600 1667; x_wconf 77' lang='lat' dir='ltr'>vrn.</span> <span class='ocrx_word' id='word_1_245' title='bbox 1618 1632 1744 1668; x_wconf 89' lang='lat' dir='ltr'>Sensus</span> <span class='ocrx_word' id='word_1_246' title='bbox 1761 1642 1811 1668; x_wconf 85' lang='lat' dir='ltr'>est</span> <span class='ocrx_word' id='word_1_247' title='bbox 1828 1646 1836 1668; x_wconf 89' lang='lat'>:</span> <span class='ocrx_word' id='word_1_248' title='bbox 1855 1634 1892 1668; x_wconf 86' lang='lat' dir='ltr'>Si</span> 
     </span>
     <span class='ocr_line' id='line_1_43' title="bbox 1219 1687 1892 1733; baseline 0.001 -13"><span class='ocrx_word' id='word_1_249' title='bbox 1219 1687 1371 1720; x_wconf 87' lang='lat' dir='ltr'>Auctum</span> <span class='ocrx_word' id='word_1_250' title='bbox 1391 1687 1566 1733; x_wconf 82' lang='lat' dir='ltr'>rogaveris</span> <span class='ocrx_word' id='word_1_251' title='bbox 1584 1693 1623 1720; x_wconf 92' lang='lat' dir='ltr'>ut</span> <span class='ocrx_word' id='word_1_252' title='bbox 1641 1699 1715 1720; x_wconf 82' lang='lat' dir='ltr'>mea</span> <span class='ocrx_word' id='word_1_253' title='bbox 1738 1687 1892 1721; x_wconf 86' lang='lat' dir='ltr'>carmina</span> 
     </span>
     <span class='ocr_line' id='line_1_44' title="bbox 1220 1739 1893 1785; baseline 0.001 -12"><span class='ocrx_word' id='word_1_254' title='bbox 1220 1740 1308 1785; x_wconf 85' lang='lat' dir='ltr'>legat</span> <span class='ocrx_word' id='word_1_255' title='bbox 1322 1765 1331 1780; x_wconf 92' lang='lat'><strong>,</strong></span> <span class='ocrx_word' id='word_1_256' title='bbox 1356 1748 1390 1773; x_wconf 88' lang='lat' dir='ltr'>te</span> <span class='ocrx_word' id='word_1_257' title='bbox 1421 1739 1465 1773; x_wconf 85' lang='lat' dir='ltr'>ad</span> <span class='ocrx_word' id='word_1_258' title='bbox 1495 1752 1627 1773; x_wconf 86' lang='lat' dir='ltr'>coenam</span> <span class='ocrx_word' id='word_1_259' title='bbox 1658 1740 1820 1774; x_wconf 79' lang='lat' dir='ltr'>invitabit</span> <span class='ocrx_word' id='word_1_260' title='bbox 1858 1749 1893 1775; x_wconf 86' lang='lat' dir='ltr'>et</span> 
     </span>
     <span class='ocr_line' id='line_1_45' title="bbox 1220 1792 1892 1838; baseline 0.001 -12"><span class='ocrx_word' id='word_1_261' title='bbox 1220 1793 1311 1838; x_wconf 85' lang='lat' dir='ltr'>leget</span> <span class='ocrx_word' id='word_1_262' title='bbox 1329 1792 1372 1826; x_wconf 89' lang='lat' dir='ltr'>ad</span> <span class='ocrx_word' id='word_1_263' title='bbox 1389 1805 1552 1826; x_wconf 86' lang='lat' dir='ltr'>nauseam</span> <span class='ocrx_word' id='word_1_264' title='bbox 1574 1805 1707 1838; x_wconf 89' lang='lat' dir='ltr'>usque:</span> <span class='ocrx_word' id='word_1_265' title='bbox 1733 1794 1779 1826; x_wconf 87' lang='lat' dir='ltr'>ita</span> <span class='ocrx_word' id='word_1_266' title='bbox 1799 1806 1892 1828; x_wconf 85' lang='lat' dir='ltr'>meas</span> 
     </span>
     <span class='ocr_line' id='line_1_46' title="bbox 1221 1847 1540 1891; baseline 0.006 -14"><span class='ocrx_word' id='word_1_267' title='bbox 1221 1853 1311 1879; x_wconf 83' lang='lat' dir='ltr'>amat</span> <span class='ocrx_word' id='word_1_268' title='bbox 1329 1847 1459 1891; x_wconf 87' lang='lat' dir='ltr'>nugas!</span> <span class='ocrx_word' id='word_1_269' title='bbox 1476 1850 1540 1879; x_wconf 84' lang='lat' dir='ltr'>En.</span> 
     </span>
    </p>

    <p class='ocr_par' dir='ltr' id='par_1_10' title="bbox 1279 1897 1854 1932">
     <span class='ocr_line' id='line_1_47' title="bbox 1279 1897 1854 1932; baseline 0 -1"><span class='ocrx_word' id='word_1_270' title='bbox 1279 1911 1291 1931; x_wconf 87' lang='lat'>1</span> <span class='ocrx_word' id='word_1_271' title='bbox 1303 1912 1334 1932; x_wconf 82' lang='lat'>2.</span> <span class='ocrx_word' id='word_1_272' title='bbox 1355 1899 1515 1932; x_wconf 78' lang='lat' dir='ltr'>Sollicitos</span> <span class='ocrx_word' id='word_1_273' title='bbox 1531 1897 1640 1932; x_wconf 83' lang='lat' dir='ltr'>codex</span> <span class='ocrx_word' id='word_1_274' title='bbox 1657 1898 1854 1932; x_wconf 85' lang='lat' dir='ltr'>Pulmanni.</span> 
     </span>
    </p>
   </div>
   <div class='ocr_carea' id='block_1_6' title="bbox 1115 2033 1247 2088">
    <p class='ocr_par' dir='ltr' id='par_1_11' title="bbox 1115 2033 1247 2088">
     <span class='ocr_line' id='line_1_48' title="bbox 1115 2033 1247 2088; baseline 0.008 -1"><span class='ocrx_word' id='word_1_275' title='bbox 1115 2033 1247 2088; x_wconf 78' lang='lat' dir='ltr'>LII.</span> 
     </span>
    </p>
   </div>
   <div class='ocr_carea' id='block_1_7' title="bbox 1007 2183 1358 2212">
    <p class='ocr_par' dir='ltr' id='par_1_12' title="bbox 1007 2183 1358 2212">
     <span class='ocr_line' id='line_1_49' title="bbox 1007 2183 1358 2212; baseline -0.006 0"><span class='ocrx_word' id='word_1_276' title='bbox 1007 2184 1072 2212; x_wconf 79' lang='lat' dir='ltr'>AD</span> <span class='ocrx_word' id='word_1_277' title='bbox 1124 2183 1358 2212; x_wconf 73' lang='lat' dir='ltr'>AUCTUM.</span> 
     </span>
    </p>
   </div>
   <div class='ocr_carea' id='block_1_8' title="bbox 547 2295 1890 2358">
    <p class='ocr_par' dir='ltr' id='par_1_13' title="bbox 547 2295 1890 2358">
     <span class='ocr_line' id='line_1_50' title="bbox 547 2295 1890 2358; baseline -0.001 -13"><span class='ocrx_word' id='word_1_278' title='bbox 547 2302 760 2345; x_wconf 70' lang='lat' dir='ltr'>GRATUM</span> <span class='ocrx_word' id='word_1_279' title='bbox 781 2306 864 2352; x_wconf 85' lang='lat' dir='ltr'>est,</span> <span class='ocrx_word' id='word_1_280' title='bbox 883 2295 1001 2357; x_wconf 83' lang='lat' dir='ltr'>quod</span> <span class='ocrx_word' id='word_1_281' title='bbox 1020 2295 1162 2341; x_wconf 83' lang='lat' dir='ltr'>Celeri</span> <span class='ocrx_word' id='word_1_282' title='bbox 1183 2306 1357 2341; x_wconf 87' lang='lat' dir='ltr'>nostros</span> <span class='ocrx_word' id='word_1_283' title='bbox 1380 2295 1506 2358; x_wconf 84' lang='lat' dir='ltr'>legis,</span> <span class='ocrx_word' id='word_1_284' title='bbox 1528 2298 1686 2353; x_wconf 76' lang='lat' dir='ltr'>Aucto,</span> <span class='ocrx_word' id='word_1_285' title='bbox 1706 2297 1890 2355; x_wconf 87' lang='lat' dir='ltr'>libellos;</span> 
     </span>
    </p>
   </div>
   <div class='ocr_carea' id='block_1_9' title="bbox 472 2433 1154 2685">
    <p class='ocr_par' dir='ltr' id='par_1_14' title="bbox 472 2433 1154 2685">
     <span class='ocr_line' id='line_1_51' title="bbox 535 2433 1154 2482; baseline -0.008 -10"><span class='ocrx_word' id='word_1_286' title='bbox 535 2450 564 2472; x_wconf 86' lang='grc'>1.</span> <span class='ocrx_word' id='word_1_287' title='bbox 585 2437 682 2482; x_wconf 75' lang='lat' dir='ltr'>Quod</span> <span class='ocrx_word' id='word_1_288' title='bbox 709 2436 823 2470; x_wconf 79' lang='lat' dir='ltr'>Celeri.</span> <span class='ocrx_word' id='word_1_289' title='bbox 851 2436 901 2468; x_wconf 74' lang='lat' dir='ltr'>De</span> <span class='ocrx_word' id='word_1_290' title='bbox 928 2435 1041 2467; x_wconf 77' lang='lat' dir='ltr'>Aucto</span> <span class='ocrx_word' id='word_1_291' title='bbox 1072 2433 1154 2467; x_wconf 80' lang='lat' dir='ltr'>vide</span> 
     </span>
     <span class='ocr_line' id='line_1_52' title="bbox 477 2486 1153 2537; baseline -0.007 -12"><span class='ocrx_word' id='word_1_292' title='bbox 477 2502 507 2525; x_wconf 70' lang='lat' dir='ltr'>et</span> <span class='ocrx_word' id='word_1_293' title='bbox 534 2493 754 2537; x_wconf 78' lang='lat' dir='ltr'>Epigramma</span> <span class='ocrx_word' id='word_1_294' title='bbox 779 2486 992 2534; x_wconf 81' lang='lat' dir='ltr'>praecedens.</span> <span class='ocrx_word' id='word_1_295' title='bbox 1023 2487 1153 2521; x_wconf 86' lang='lat' dir='ltr'>Celeris</span> 
     </span>
     <span class='ocr_line' id='line_1_53' title="bbox 477 2540 1152 2584; baseline -0.009 -6"><span class='ocrx_word' id='word_1_296' title='bbox 477 2558 559 2578; x_wconf 79' lang='lat' dir='ltr'>vero</span> <span class='ocrx_word' id='word_1_297' title='bbox 587 2544 800 2577; x_wconf 73' lang='lat' dir='ltr'>mentionem</span> <span class='ocrx_word' id='word_1_298' title='bbox 828 2541 909 2574; x_wconf 82' lang='lat' dir='ltr'>facit</span> <span class='ocrx_word' id='word_1_299' title='bbox 930 2540 1063 2573; x_wconf 81' lang='lat' dir='ltr'>Plinius</span> <span class='ocrx_word' id='word_1_300' title='bbox 1094 2542 1152 2584; x_wconf 85' lang='lat' dir='ltr'>ju-</span> 
     </span>
     <span class='ocr_line' id='line_1_54' title="bbox 476 2593 1153 2640; baseline -0.006 -10"><span class='ocrx_word' id='word_1_301' title='bbox 476 2599 552 2631; x_wconf 79' lang='lat' dir='ltr'>nior</span> <span class='ocrx_word' id='word_1_302' title='bbox 571 2598 627 2630; x_wconf 86' lang='lat' dir='ltr'>lib.</span> <span class='ocrx_word' id='word_1_303' title='bbox 648 2597 712 2635; x_wconf 84' lang='lat' dir='ltr'>IV,</span> <span class='ocrx_word' id='word_1_304' title='bbox 728 2595 828 2640; x_wconf 87' lang='lat' dir='ltr'>epist.</span> <span class='ocrx_word' id='word_1_305' title='bbox 853 2607 865 2627; x_wconf 91' lang='lat'>1</span> <span class='ocrx_word' id='word_1_306' title='bbox 880 2607 913 2635; x_wconf 84' lang='lat'>1,</span> <span class='ocrx_word' id='word_1_307' title='bbox 928 2593 987 2639; x_wconf 88' lang='lat' dir='ltr'>qui</span> <span class='ocrx_word' id='word_1_308' title='bbox 1006 2594 1051 2626; x_wconf 87' lang='lat' dir='ltr'>ob</span> <span class='ocrx_word' id='word_1_309' title='bbox 1070 2593 1153 2626; x_wconf 92' lang='lat' dir='ltr'>Cor-</span> 
     </span>
     <span class='ocr_line' id='line_1_55' title="bbox 472 2647 1149 2685; baseline -0.009 -1"><span class='ocrx_word' id='word_1_310' title='bbox 472 2652 595 2685; x_wconf 77' lang='lat' dir='ltr'>neliam</span> <span class='ocrx_word' id='word_1_311' title='bbox 621 2649 797 2683; x_wconf 81' lang='lat' dir='ltr'>Vestalem</span> <span class='ocrx_word' id='word_1_312' title='bbox 819 2647 939 2680; x_wconf 85' lang='lat' dir='ltr'>incesti</span> <span class='ocrx_word' id='word_1_313' title='bbox 957 2655 1149 2680; x_wconf 77' lang='lat' dir='ltr'>accusatam</span> 
     </span>
    </p>
   </div>
   <div class='ocr_carea' id='block_1_10' title="bbox 1213 2434 1893 2692">
    <p class='ocr_par' dir='ltr' id='par_1_15' title="bbox 1213 2434 1893 2692">
     <span class='ocr_line' id='line_1_56' title="bbox 1214 2434 1890 2480; baseline 0.006 -13"><span class='ocrx_word' id='word_1_314' title='bbox 1214 2434 1248 2467; x_wconf 86' lang='lat' dir='ltr'>in</span> <span class='ocrx_word' id='word_1_315' title='bbox 1287 2435 1441 2469; x_wconf 83' lang='lat' dir='ltr'>Comitio</span> <span class='ocrx_word' id='word_1_316' title='bbox 1470 2435 1577 2480; x_wconf 79' lang='lat' dir='ltr'>virgis</span> <span class='ocrx_word' id='word_1_317' title='bbox 1602 2448 1708 2470; x_wconf 82' lang='lat' dir='ltr'>caesus</span> <span class='ocrx_word' id='word_1_318' title='bbox 1740 2446 1790 2470; x_wconf 88' lang='lat' dir='ltr'>est</span> <span class='ocrx_word' id='word_1_319' title='bbox 1815 2449 1823 2470; x_wconf 92' lang='lat'><strong>:</strong></span> <span class='ocrx_word' id='word_1_320' title='bbox 1846 2436 1890 2471; x_wconf 85' lang='lat' dir='ltr'>dc</span> 
     </span>
     <span class='ocr_line' id='line_1_57' title="bbox 1213 2488 1893 2535; baseline 0.006 -15"><span class='ocrx_word' id='word_1_321' title='bbox 1213 2500 1285 2533; x_wconf 88' lang='lat' dir='ltr'>quo</span> <span class='ocrx_word' id='word_1_322' title='bbox 1307 2500 1388 2521; x_wconf 88' lang='lat' dir='ltr'>sane</span> <span class='ocrx_word' id='word_1_323' title='bbox 1410 2488 1468 2521; x_wconf 83' lang='lat' dir='ltr'>hic</span> <span class='ocrx_word' id='word_1_324' title='bbox 1489 2501 1560 2521; x_wconf 89' lang='lat' dir='ltr'>non</span> <span class='ocrx_word' id='word_1_325' title='bbox 1584 2489 1744 2535; x_wconf 87' lang='lat' dir='ltr'>loquitur</span> <span class='ocrx_word' id='word_1_326' title='bbox 1766 2490 1893 2533; x_wconf 81' lang='lat' dir='ltr'>Poeta,</span> 
     </span>
     <span class='ocr_line' id='line_1_58' title="bbox 1213 2539 1891 2587; baseline 0.006 -14"><span class='ocrx_word' id='word_1_327' title='bbox 1213 2540 1271 2573; x_wconf 81' lang='lat' dir='ltr'>sed</span> <span class='ocrx_word' id='word_1_328' title='bbox 1302 2539 1346 2573; x_wconf 82' lang='lat' dir='ltr'>(le</span> <span class='ocrx_word' id='word_1_329' title='bbox 1379 2541 1509 2582; x_wconf 82' lang='lat' dir='ltr'>altero,</span> <span class='ocrx_word' id='word_1_330' title='bbox 1527 2541 1586 2587; x_wconf 89' lang='lat' dir='ltr'>qui</span> <span class='ocrx_word' id='word_1_331' title='bbox 1614 2543 1798 2587; x_wconf 80' lang='lat' dir='ltr'>praefectus</span> <span class='ocrx_word' id='word_1_332' title='bbox 1824 2544 1891 2577; x_wconf 85' lang='lat' dir='ltr'>fuit</span> 
     </span>
     <span class='ocr_line' id='line_1_59' title="bbox 1214 2593 1890 2640; baseline 0.006 -14"><span class='ocrx_word' id='word_1_333' title='bbox 1214 2593 1404 2640; x_wconf 61' lang='lat' dir='ltr'>Hispania).</span> <span class='ocrx_word' id='word_1_334' title='bbox 1428 2595 1548 2639; x_wconf 82' lang='lat' dir='ltr'>patriae</span> <span class='ocrx_word' id='word_1_335' title='bbox 1573 2595 1752 2629; x_wconf 85' lang='lat' dir='ltr'>Martialis.</span> <span class='ocrx_word' id='word_1_336' title='bbox 1784 2597 1890 2630; x_wconf 79' lang='lat' dir='ltr'>Celtae</span> 
     </span>
     <span class='ocr_line' id='line_1_60' title="bbox 1214 2647 1888 2692; baseline 0.003 -13"><span class='ocrx_word' id='word_1_337' title='bbox 1214 2656 1327 2680; x_wconf 82' lang='lat' dir='ltr'>antem</span> <span class='ocrx_word' id='word_1_338' title='bbox 1352 2647 1443 2680; x_wconf 85' lang='lat' dir='ltr'>Iberi</span> <span class='ocrx_word' id='word_1_339' title='bbox 1464 2647 1556 2692; x_wconf 80' lang='lat' dir='ltr'>ripas</span> <span class='ocrx_word' id='word_1_340' title='bbox 1577 2647 1786 2689; x_wconf 76' lang='lat' dir='ltr'>incolentes,</span> <span class='ocrx_word' id='word_1_341' title='bbox 1804 2648 1888 2683; x_wconf 85' lang='lat' dir='ltr'>dicti</span> 
     </span>
    </p>
   </div>
  </div>
 </body>
</html>
