1978 3305
356 229 936 273 EPIGRAMMATUM
972 229 1100 272 LIB.
1130 230 1278 272 VIII.

1427 230 1514 275 321

190 318 361 361 Fortior
385 326 429 361 et
450 327 588 361 tortos
611 326 755 360 servat
780 318 919 360 vesica
943 315 1141 377 capillos,

258 390 320 431 Et
341 397 482 431 mutat
504 388 650 431 Latias
673 403 827 447 spuma
849 389 1011 430 Batava
1033 403 1193 430 comas.

191 460 284 501 Hac
312 467 410 501 cute
438 458 597 502 Ledaeo
619 458 800 501 vestitur
826 456 967 517 pullus
993 458 1035 500 in
1061 474 1167 509 ovo;

258 526 379 570 Talia
405 527 551 572 lunata
575 527 738 588 splenia
763 527 905 570 fronte
930 527 1091 571 sedent.

190 597 307 654 Quid
335 598 412 641 tibi
438 615 536 641 cum
564 596 727 658 phiala,
754 596 928 656 ligulam
956 614 1091 656 quum
1118 599 1289 642 mittere
1312 615 1483 659 posse53

260 669 437 712 Mittere
466 684 599 727 quum
627 683 773 727 posses
799 666 867 709 vel
895 665 1122 710 cochleare
1150 667 1284 711 mihi?

190 739 352 798 Magna
371 739 498 780 nimis
517 736 749 797 loquimur,
767 735 989 780 cochleam
1011 753 1145 797 quum
1168 738 1339 782 mittere
1363 756 1526 798 posses;

259 809 456 868 Denique
479 823 614 867 quum
635 823 784 867 posses
804 807 995 858 mittere,
1017 806 1172 863 Paule,
1195 808 1313 851 nihil.
1494 825 1525 848 ΞΓ,

174 947 232 979 19.
261 935 294 968 F
293 936 393 967 ortior
423 937 554 967 intortos
582 933 660 968 Ald.
690 935 710 967 J
716 942 790 967 unt.

119 987 234 1021 Colin.
273 987 409 1033 Gryph.
458 988 568 1032 Lang.
605 988 790 1021 Pulmann.

117 1040 228 1073 Plant.
247 1040 393 1073 Junian.
416 1048 449 1073 et
471 1040 597 1085 Delph.
620 1041 749 1073 Fortior
762 1047 793 1072 et

118 1100 215 1125 tortos
235 1092 439 1125 Beverlandi
461 1093 537 1125 MS.
559 1093 605 1126 ita
627 1093 792 1125 exhibent

116 1145 219 1178 Grut.
237 1145 348 1178 Scriv.
370 1154 403 1178 et
425 1146 663 1179 Schrevel.—
680 1146 793 1179 Servat

114 1200 233 1231 vesica.
257 1199 453 1231 Reticulum
475 1207 579 1231 tenue
601 1199 712 1231 instar
732 1210 792 1230 ve-

116 1251 211 1290 sicae,
231 1263 300 1296 quo
321 1251 559 1284 retinebantur
575 1251 690 1296 capilli
708 1264 715 1282 :
733 1250 793 1283 sed

114 1303 212 1336 hunc
225 1315 366 1336 sensum
381 1316 451 1336 non
472 1303 530 1337 dat
547 1304 634 1336 Rob.
651 1304 795 1349 Stepha-

115 1369 201 1396 nus,
218 1356 300 1389 Juv.
319 1364 381 1388 sat.
398 1367 447 1395 ῐῐ,
463 1359 524 1399 96.
545 1357 612 1389 En.

177 1421 237 1443 20.
259 1408 437 1455 Spumaque
448 1410 541 1454 flava
570 1407 679 1442 codex
710 1409 790 1442 Flo-

114 1470 206 1495 rent.
222 1481 274 1488 -—
290 1462 339 1494 Ec
359 1469 459 1494 mutat
475 1463 595 1495 Latias.
615 1462 694 1494 Hoc
713 1470 764 1495 est
779 1487 788 1502 ‚

114 1527 179 1548 nec
198 1514 314 1560 phiala
332 1514 476 1547 crassior
497 1523 547 1548 est
564 1515 701 1553 lixivio,
720 1527 790 1560 quo

114 1567 262 1600 Rotnani
285 1565 328 1599 ad
359 1567 558 1613 exemplum
577 1568 790 1601 Batavorum

114 1619 258 1665 capillos
276 1619 478 1661 illinebant‚
495 1629 533 1653 ut
554 1620 789 1655 ssavescerent.

169 1685 227 1706 ²1.
246 1673 321 1705 Hac
334 1682 413 1706 cute.
431 1673 507 1706 Hoc
522 1681 592 1715 est,
609 1686 672 1706 ova
690 1675 791 1719 cycni

113 1725 245 1758 habent
263 1733 377 1758 cutem
398 1738 495 1771 aeque
516 1738 676 1759 crassam.

169 1791 227 1811 22.
241 1778 337 1811 Talia
360 1779 470 1811 limata
490 1778 696 1812 Beverlandi
714 1778 788 1812 MS.

113 1831 316 1876 μ-δῲίεηὶα,
337 1831 462 1865 Fasciae
477 1840 581 1873 sunt,
603 1844 680 1878 quae
694 1832 740 1865 ita
755 1832 790 1864 in

852 936 967 967 fronte
995 935 1317 979 componebantur,
1350 944 1389 969 ut
1419 937 1528 969 Lunae

851 999 980 1021 cornua
1005 988 1256 1032 exprimerent.
1280 987 1364 1021 Vid.
1387 989 1448 1022 lib.
1470 990 1524 1027 ΙΙ,

851 1040 959 1085 epigr.
980 1041 1265 1073 xx1x.—szata.
1280 1041 1417 1073 Dicitur
1433 1043 1528 1075 frons

849 1093 969 1125 lunata
988 1092 1083 1138 quod
1104 1093 1325 1138 hemicyclon
1345 1106 1362 1126 a
1382 1095 1528 1139 geminis

854 1146 1072 1191 temporibus
1090 1146 1228 1179 efficiat.

908 1199 966 1231 23.
991 1199 1148 1242 Ligulam.
1172 1199 1279 1243 Cujus
1307 1199 1415 1243 ligaloe
1440 1214 1529 1247 saepe

853 1250 972 1295 prodit
992 1252 1202 1284 vocabulum
1216 1278 1224 1292 ‚
1248 1259 1286 1284 ut
1307 1252 1426 1293 lib.V‚
1448 1267 1529 1294 xix,

852 1304 913 1336 lib.
929 1304 1028 1344 XIV,
1045 1316 1126 1345 cxx3
1143 1312 1176 1337 at
1195 1305 1251 1337 hic
1267 1303 1438 1348 gladiolus
1458 1316 1507 1340 est
1521 1334 1530 1347 ‚

853 1356 907 1388 vel
927 1357 1107 1400 spathula,
1131 1369 1346 1390 mensurave.

907 1413 965 1449 24.
1000 1409 1180 1442 cochleare.
1209 1411 1293 1443 Erat
1317 1423 1459 1456 quoque
1487 1412 1529 1444 l?-

851 1461 1040 1507 quidorum
1062 1475 1224 1496 mensura
1239 1489 1249 1503 ‚
1270 1462 1330 1495 sed
1353 1464 1469 1497 minor
1486 1465 1528 1497 li-

851 1515 939 1560 gula.
958 1515 1037 1548 Lib.
1057 1515 1158 1557 XIV,
1182 1516 1288 1561 epigr.
1305 1528 1399 1549 cxxt.

908 1581 924 1600 2
934 1568 952 1601 5
961 1593 967 1600 .
984 1567 1015 1601 C
1013 1568 1140 1600 oehlear
1150 1582 1217 1601 cum
1231 1571 1349 1601 mittere
1357 1573 1460 1615 possis
1474 1582 1530 1602 co-

851 1619 917 1654 dex
941 1620 1207 1654 Pulmanni.—-
1231 1621 1366 1655 Cochlea
1398 1622 1530 1656 limacis

851 1681 936 1707 testa
959 1682 1009 1707 est
1029 1686 1110 1707 sane
1130 1674 1278 1707 minoris
1299 1675 1403 1707 etiam
1425 1676 1531 1721 pretii

852 1739 957 1771 quam
983 1726 1158 1761 cochlear.
1185 1727 1312 1760 Melius
1339 1740 1419 1761 vero
1447 1741 1529 1762 cuni

852 1779 958 1812 Poeta
968 1779 1090 1825 egisset
1102 1780 1230 1813 Paulus
1241 1780 1328 1813 nihil
1339 1780 1511 1815 mittendo
1520 1807 1530 1820 ‚

852 1844 958 1876 quam
975 1832 1127 1878 phialam
1144 1840 1213 1866 tam
1230 1841 1382 1868 tenuem.

676 1966 960 2022 XXXIV.

557 2120 613 2148 IN
660 2102 1085 2150 JACTATOREM.*

116 2241 444 2283 ARCHETYPUM
464 2239 592 2298 Myos
613 2247 842 2298 argentum
867 2247 909 2282 te
935 2238 1040 2282 dicis
1063 2239 1236 2283 habere.

167 2371 181 2385 ⁸
201 2375 244 2407 In
267 2374 334 2407 hoc
355 2373 600 2419 epigrammate
621 2373 711 2406 nihil
733 2385 792 2406 va-

113 2429 206 2462 riant
221 2425 378 2468 codices,
394 2435 453 2460 aut
470 2425 551 2458 libri
568 2426 740 2470 impressi.

173 2493 203 2514 1.
232 2479 460 2525 Archetypum.
497 2478 573 2511 Hoc
601 2477 792 2510 distichum

115 2534 164 2568 sic
191 2532 341 2579 explicat
367 2531 558 2564 Turnebus
570 2555 580 2570 ‚
601 2530 662 2563 lib.
680 2531 767 2563 XXI
784 2556 793 2571 ‚

114 2599 193 2631 cap.
211 2589 256 2625 24
271 2597 279 2618 :
295 2586 368 2630 Ego
383 2610 392 2626 ‚
408 2584 539 2630 inquit,
557 2583 729 2629 argutiam
744 2584 796 2628 jo-

116 2650 266 2684 cumque
289 2638 546 2683 epigrammatis
568 2637 675 2669 latere
705 2643 794 2681 puto

188 2712 250 2753 ΙΙ.

853 2373 890 2406 in
907 2375 1097 2415 vocabulo,
1108 2376 1233 2417 sactum
1246 2385 1309 2417 est,
1322 2377 1389 2411 hoc
1402 2391 1503 2413 sensu
1519 2393 1527 2414 :

854 2426 949 2459 Dicis
969 2435 1002 2459 te
1016 2427 1144 2460 habere
1159 2436 1353 2463 toreumata
1367 2441 1529 2477 argentea

854 2478 969 2523 operis
995 2480 1146 2525 antiqui,
1175 2493 1251 2526 quae
1278 2483 1422 2528 quidem
1455 2499 1528 2520 ma-

854 2531 913 2575 gni
928 2531 971 2564 ab
981 2533 1144 2566 omnibus
1158 2534 1242 2566 olim
1257 2536 1527 2573 aestimabantur.

853 2584 983 2617 Jocans
1005 2585 1174 2619 Martialis
1197 2587 1244 2620 ait
1263 2599 1270 2621 :
1293 2589 1349 2622 Tu
1368 2590 1429 2623 ista
1450 2604 1527 2625 ver-

854 2637 937 2669 bosa
957 2639 1186 2672 ostentatione
1206 2642 1339 2686 argenti
1360 2645 1411 2676 tui
1431 2653 1464 2676 et
1477 2647 1527 2689 ja-

1255 2729 1307 2756 21
