1978 3305
479 235 576 287 sibl*

859 235 919 276 M.
942 234 1083 277 VAL.
1124 233 1513 276 MARTIALIS

1066 381 1303 437 XCIX.

938 537 1005 564 An
1044 537 1087 573 Q.
1128 516 1436 566 omniun*

619 646 977 688 VINDEMIARUM
1007 661 1096 688 non
1125 644 1285 705 ubique
1312 653 1553 705 proventus

620 716 819 758 Cessavit
830 750 842 770 ‚
868 714 1000 758 Ovidi

1027 732 1035 757 :
1068 713 1214 775 pluvia
1241 713 1407 775 profuit
1431 714 1619 776 grandis.

620 788 809 829 Centum
842 786 1041 830 Coranus
1069 785 1304 846 amphoras
1332 801 1453 845 aquae
1479 785 1592 828 fecit.

533 904 548 917 *
573 904 665 939 Edd.
688 913 770 939 vett.
800 905 1068 951 inscriptionem
1096 906 1158 939 ha-

479 959 579 997 bent,
603 958 854 998 Adonidinm,
880 966 913 991 et
937 959 973 991 in
996 959 1086 992 linea
1105 970 1159 991 se—

482 1010 596 1045 cunda
617 1023 683 1057 pro
700 1013 827 1056 proficit
847 1010 932 1044 dant
948 1012 1092 1056 profluit.
1108 1032 1160 1037 —

482 1064 583 1097 Prior
615 1072 729 1097 autem
759 1063 864 1097 lectio
903 1063 990 1096 mihi
1019 1062 1160 1097 videtur

482 1117 586 1162 longe
607 1117 742 1150 melior.
765 1117 831 1149 En.

1275 906 1308 939 3.
1325 905 1457 939 Centum
1474 905 1628 939 Coranus.
1645 903 1798 947 Quidam
1813 917 1895 939 sane

1218 958 1374 1004 perfidus
1391 970 1502 1004 caupo
1515 984 1524 998 ‚
1541 958 1602 1004 qui
1618 958 1655 991 in
1673 970 1807 991 summa
1821 958 1895 990 vini

1219 1012 1360 1044 caritate
1379 1023 1503 1056 aquam
1523 1011 1670 1045 multam
1690 1009 1896 1044 infundebat

1219 1063 1318 1103 vino,
1327 1062 1423 1109 quod
1433 1075 1499 1108 pro
1509 1075 1606 1097 mero
1619 1062 1801 1097 vendebat.
1811 1061 1898 1095 Vid.

1220 1117 1278 1149 lib.
1295 1117 1332 1157 I,
1350 1115 1460 1161 epigr.
1481 1127 1569 1149 Lvn.

1159 1254 1223 1310 C.

750 1396 819 1424 AD
858 1395 1117 1424 ATTICUM
1159 1396 1227 1424 DE

1265 1396 1635 1425 M-ANTONIQ

556 1511 754 1554 MARCUS
777 1519 896 1553 amat
920 1519 1091 1553 nostras
1115 1511 1352 1562 Antonius,
1379 1510 1522 1553 Attice
1538 1544 1549 1559 ,
1574 1510 1724 1551 Musas
1739 1543 1749 1560 ‚

626 1581 792 1624 Charta
820 1579 1046 1635 salutatrix
1078 1581 1111 1623 si
1137 1580 1270 1623 modo
1293 1595 1396 1622 vera
1420 1579 1576 1630 refert,

556 1652 734 1695 Marcus
765 1650 965 1694 Palladiae
996 1667 1085 1694 non
1117 1650 1348 1694 inficianda
1379 1649 1548 1693 Tolosae

627 1721 803 1774 Gloria,
833 1737 960 1781 quem
991 1722 1140 1781 genuit
1164 1722 1284 1782 pacis
1307 1719 1481 1764 alumna
1506 1719 1639 1781 quies.

556 1794 620 1835 Tu
643 1793 716 1852 qui
737 1790 864 1853 longa
890 1801 1015 1852 potes
1040 1792 1265 1853 dispendia
1290 1791 1403 1835 ferre
1431 1793 1624 1840 viarum,

543 1928 572 1948 1.
592 1915 731 1947 Marcus.
750 1914 800 1946 M.
822 1914 998 1946 Antonius
1026 1914 1166 1947 Primus

486 1969 544 2002 hic
567 1968 717 2008 canitur,
735 1965 806 1999 dux
823 1967 1072 1999 celeberrimus
1090 1967 1166 1999 Fla-

487 2023 669 2055 vianarum
682 2019 855 2066 partium,
875 2029 908 2052 et
927 2019 983 2052 vix
1000 2019 1061 2052 ulli
1081 2021 1167 2052 anti-

489 2087 639 2121 quorum
653 2100 661 2112 ,
681 2073 752 2105 sive
772 2071 815 2105 ad
831 2070 1053 2117 prudentiam
1068 2099 1076 2111 ‚
1098 2073 1170 2105 sive

491 2127 533 2161 ad
546 2128 725 2173 ingenium
737 2126 945 2171 respexeris,
958 2134 1171 2171 postponen-

490 2180 567 2214 dus.
581 2181 625 2213 fit
638 2179 720 2212 huic
739 2191 819 2212 sane
837 2178 1018 2211 victoriam
1034 2178 1169 2211 Flavia-

492 2235 526 2267 ni
549 2246 645 2267 suam
669 2231 822 2266 debuere
840 2244 850 2272 ;
872 2231 1087 2277 Vespasiano
1107 2232 1171 2264 im-

492 2288 627 2332 perium
651 2285 779 2318 detulit
799 2283 943 2330 quidem
967 2284 1152 2317 Mucianus
1166 2312 1173 2324 ,

496 2340 668 2373 Antonius
689 2337 797 2371 dedit.
811 2339 862 2370 De
880 2350 951 2383 quo
967 2337 1027 2370 lib.
1048 2337 1078 2370 X
1091 2364 1099 2378 ‚
1117 2350 1172 2384 ep.

498 2405 586 2426 xxm
602 2401 635 2425 et
652 2403 760 2425 xxxii.
776 2391 964 2424 Suetonius
981 2390 1017 2423 in
1030 2390 1175 2424 Vitellio

744 2457 751 2476 ;
777 2443 982 2489 «Siquidem
1003 2443 1046 2476 ab
1064 2445 1174 2477 Anto-

498 2501 555 2531 nio
580 2498 698 2531 Primo
718 2496 995 2530 adversariarum
1020 2497 1174 2542 partium

497 2552 585 2584 ‹lum›
597 2563 782 2596 oppressus
796 2558 843 2583 est
856 2576 863 2589 ‚
877 2550 932 2582 cui
944 2550 1081 2583 'rolosae
1095 2558 1176 2583 nato

497 2617 690 2649 cognomen
706 2604 738 2635 in
756 2603 907 2648 puerilia
922 2603 1033 2635 Becco
1048 2604 1157 2636 suerat
1168 2629 1176 2636 .

498 2658 529 2690 id
552 2658 636 2690 valet
651 2683 658 2695 ,
680 2656 859 2701 gallinacei
879 2664 1042 2689 rostrum.
1065 2675 1076 2685 »ι

495 2459 569 2491 cup.
590 2446 717 2478 ultimo

1285 1926 1317 1946 2.
1343 1913 1487 1952 Charta,
1512 1920 1578 1946 etc.
1604 1911 1759 1957 Epistola
1783 1910 1909 1944 saluta-

1229 1967 1329 1999 toria.
1347 1966 1426 1999 Lib.
1443 1965 1527 1998 XIV
1541 1991 1550 2006 ,
1566 1965 1675 2010 epigr.
1693 1975 1741 1997 x1.
1754 1964 1906 2008 Augusta

1230 2019 1386 2065 epistolis
1413 2017 1561 2052 laudata.
1590 2018 1682 2051 Plin.
1707 2016 1768 2050 lib.
1796 2016 1907 2049 XIII.

1230 2085 1307 2117 cap.
1335 2084 1347 2104 1
1360 2085 1391 2104 2.
1410 2092 1462 2097 —-
1481 2072 1518 2103 Si
1540 2071 1630 2103 modo
1647 2083 1725 2101 ‘vera
1747 2070 1852 2111 refert.
1874 2069 1909 2101 Si

1231 2138 1301 2157 non
1319 2123 1518 2162 blanditur,
1543 2133 1602 2157 aut
1623 2122 1758 2156 invidet
1776 2120 1910 2167 perfide

1232 2176 1421 2211 laudando.

1290 2236 1320 2264 3.
1352 2230 1513 2263 Palladiw
1548 2230 1680 2262 Tolosae.
1711 2229 1796 2269 Quae
1829 2227 1911 2260 urbs

1236 2283 1370 2316 (ludum
1393 2283 1472 2316 satis
1507 2291 1606 2324 nota,
1628 2280 1750 2315 Galliae
1776 2280 1913 2313 Narbo-

1235 2337 1352 2369 nensis
1374 2335 1467 2381 apud
1488 2335 1615 2369 Volcas
1635 2335 1858 2380 Tectosages,
1876 2333 1910 2365 in

1237 2403 1302 2435 qun
1323 2401 1451 2435 nempe
1470 2388 1640 2421 florebant
1660 2387 1779 2420 literae.

1294 2444 1326 2475 5.
1357 2443 1404 2474 Ίίι
1419 2469 1426 2478 ,
1452 2451 1516 2474 etc.
1542 2441 1639 2474 «Hoc
1659 2440 1764 2485 vulgo
1783 2451 1912 2472 novum

1238 2496 1448 2542 epigramma
1482 2494 1615 2528 faciunt
1638 2506 1646 2526 :
1677 2491 1737 2526 sed
1760 2500 1810 2525 est
1836 2504 1914 2537 pars

1238 2547 1466 2594 praecedentis
1477 2546 1517 2580 ad
1528 2545 1688 2580 cumdem
1701 2544 1895 2578 Antonium
1907 2557 1915 2583 ;

1239 2615 1302 2635 nec
1326 2602 1425 2634 aliter
1444 2601 1631 2634 exhibetur
1651 2600 1685 2632 in
1704 2597 1839 2643 optimo
1857 2597 1917 2629 Pn-

1241 2655 1363 2689 lntino.
1389 2663 1422 2687 ut
1450 2661 1566 2686 munet
1588 2653 1760 2685 Gruterus
1784 2663 1790 2682 :
1815 2651 1916 2690 cuine-
