1978 3305
402 239 502 284 (5513

773 242 834 284 M.
862 242 1001 285 VAL.
1043 243 1436 286 MARTIALIS

970 394 1244 452 XCVII.

832 550 888 577 IN
929 550 1344 579 THELESILLAM.
1367 530 1385 546 *

469 676 575 720 UNA
603 684 732 718 nocte
754 684 908 736 quater
929 691 1106 736 possum
1127 691 1135 718 ε
1158 674 1232 719 sed
1253 684 1444 736 quatuor
1464 678 1589 719 annis

538 746 581 788 Si
607 762 811 806 possum,
836 761 1035 806 peream,
1057 755 1098 789 te
1116 744 1345 790 Thelesilla
1370 745 1513 790 semel.

454 882 467 896 *
484 884 522 918 In
538 885 734 917 leelesinum
748 884 827 919 Ald.
843 886 863 918 J
869 893 944 918 unt.
959 885 1077 919 Colin.

401 946 434 971 et
456 938 621 970 Tltelesma
638 951 686 971 vs.
711 951 744 971 2.

454 1002 478 1023 1.
488 991 631 1023 Possum.
641 991 748 1023 Nullo
756 989 996 1023 additamento
1008 1002 1077 1035 quo

401 1042 488 1088 quid
501 1044 559 1076 ille
573 1044 679 1088 possit
695 1043 880 1083 indicatur,
891 1041 952 1075 sed
966 1051 1078 1088 patet3

402 1104 440 1128 ut
458 1096 492 1127 in
517 1096 583 1129 hoc
602 1097 682 1137 lib„
700 1097 809 1140 epigr.
834 1108 946 1135 LVIII,
971 1108 1020 1128 VS.
1047 1108 1078 1136 1,

406 1149 544 1189 «Quum
560 1161 614 1181 me
627 1149 708 1181 velle
723 1144 859 1189 videm»,
876 1156 970 1193 patet
989 1147 1078 1194 quid

402 1201 581 1242 velit;etin
596 1202 744 1235 iambico
753 1202 946 1246 fragmento
955 1213 1080 1246 suppo-

399 1254 507 1286 sititio
523 1254 701 1300 Apuleii‚«
719 1254 831 1286 Nobis
846 1250 985 1299 Cupido
998 1254 1080 1286 velle

398 1305 457 1339 (lat
468 1332 476 1341 ,
493 1320 584 1350 posse
600 1308 757 1352 abnegat.
768 1324 781 1336 n
798 1308 864 1339 En.
875 1307 1081 1351 —Quatuor

399 1362 501 1393 annis.
513 1360 693 1405 Oppositis
704 1359 918 1393 dictionibus
933 1371 1077 1393 acumen

403 1413 506 1445 semei
520 1439 529 1453 ‚
551 1422 586 1447 et
609 1421 752 1459 quater3
777 1421 930 1458 quatuor
950 1413 1079 1446 scilicet

1137 886 1258 926 annis,
1287 893 1320 917 et
1357 898 1425 918 una
1461 892 1577 918 nocte.
1606 902 1619 914 n
1647 885 1813 917 Domitius.

1196 950 1226 970 2.
1252 938 1522 971 Possum....te.
1548 937 1733 970 Notandus
1759 938 1816 970 ille

1138 1003 1219 1023 cuin
1244 995 1289 1035 τῷ
1308 1003 1434 1034 possum
1457 990 1684 1023 accusativus.
1710 990 1815 1023 Dixe-

1139 1051 1192 1076 rat
1213 1042 1356 1088 quidem
1382 1043 1550 1076 Horatius
1573 1041 1687 1088 Epod.
1718 1043 1784 1075 XII
1808 1055 1815 1074 :

1144 1096 1345 1129 «Inachiam
1375 1104 1428 1129 ter
1455 1104 1558 1129 nocte
1586 1103 1706 1141 poteS,
1728 1095 1815 1127 mihi

1139 1160 1275 1194 semper
1295 1147 1337 1181 ad
1355 1161 1464 1181 unum
1487 1148 1606 1181 Mollis
1627 1160 1750 1192 opus.»
1774 1148 1816 1179 Et

1140 1200 1233 1245 ipse,
1249 1201 1311 1234 lib.
1332 1202 1384 1234 III
1397 1228 1406 1241 ‚
1425 1201 1534 1246 epigr.
1557 1213 1669 1234 xxxlu
1685 1227 1695 1241 ,
1708 1213 1758 1233 vs.
1782 1200 1816 1239 3,

1145 1271 1157 1282 α
1168 1255 1315 1287 Possum
1335 1254 1513 1287 Hecubam
1526 1281 1535 1295 ‚
1557 1266 1697 1298 possum
1728 1253 1813 1285 Nio-

1138 1308 1206 1340 ben
1225 1319 1351 1348 n;mox
1365 1333 1374 1349 ,
1391 1306 1500 1352 ejusd.
1521 1307 1579 1339 lib.
1606 1319 1660 1352 ep.
1687 1318 1791 1339 Lxxvi
1807 1331 1816 1345 ‚

1140 1372 1189 1393 vs.
1201 1364 1239 1400 4:
1257 1360 1397 1401 «Quum
1414 1360 1524 1405 possis
1535 1360 1711 1392 Hecubam
1721 1385 1730 1398 ‚
1743 1371 1815 1391 nun

1139 1421 1240 1458 potes
1263 1412 1546 1446 Andromachen.
1566 1430 1578 1441 n
1602 1413 1667 1445 En.

962 1554 1258 1612 XCVIII.

916 1710 983 1737 An
1023 1709 1255 1738 BASSUM.
1279 1689 1297 1707 *

542 1834 793 1876 EFFUGERE
825 1847 914 1873 non
944 1839 1034 1885 est,
1062 1832 1217 1886 Basse,
1247 1831 1500 1876 basiatores.

541 1905 736 1956 Instant,
762 1911 1017 1954 morantur,
1045 1911 1392 1962 persequuntur,
1419 1911 1682 1956 occurrunt,

540 1975 597 2017 Et
624 1973 726 2016 hinc
743 2008 754 2027 ,
783 1981 825 2016 et
856 1971 974 2015 illinc
995 2007 1006 2026 ,
1034 1988 1374 2033 usquequaque,
1404 1989 1690 2033 quacumque.

540 2046 640 2087 Non
669 2042 792 2086 ulcus
823 2059 948 2098 acre,
979 2042 1219 2103 pustulaeve
1250 2042 1468 2095 lucentes,

454 2189 468 2202 ‘¹
488 2189 546 2222 Ad
563 2189 693 2221 Bassum
716 2188 754 2220 de
772 2187 981 2220 basiatoribus
1004 2186 1076 2220 edi-

400 2245 449 2277 tio
467 2242 568 2276 Bar-h.

1139 2187 1298 2220 amicitia:
1325 2187 1370 2219 ita
1394 2186 1612 2232 intrepidum
1637 2195 1673 2219 ut
1697 2187 1819 2220 ambu-

1139 2240 1267 2273 lantem
1291 2248 1427 2285 poetam
1455 2239 1629 2274 detineret
1650 2248 1682 2273 et
1710 2252 1818 2284 usque

461 2309 489 2329 1.
523 2295 678 2339 Esficgerc
707 2307 769 2326 non
804 2301 859 2326 est.
889 2293 968 2325 Non
999 2292 1078 2326 licet
1136 2301 1385 2339 lavacellum-etur.

399 2349 551 2394 effugere
565 2373 572 2383 ,
612 2348 708 2381 nulla
744 2346 878 2380 ratione
891 2371 900 2386 ,
932 2345 1080 2379 consilio

401 2403 501 2435 nullo
521 2401 651 2445 poteris
670 2400 836 2445 effugere.
857 2420 907 2425 --
928 2399 1079 2432 Busiato-

402 2470 457 2488 res.
487 2455 564 2487 Lib.
587 2454 679 2493 Vll,
703 2453 815 2499 epigr.
847 2465 928 2492 xcv,
962 2465 1009 2485 vs.
1039 2464 1055 2484 ἰ
1073 2478 1081 2492 ,

402 2519 434 2542 et
457 2509 514 2541 lib.
543 2508 594 2546 11,
617 2507 725 2552 epigr.
752 2519 782 2539 x.

457 2576 488 2594 ·),.
509 2562 692 2599 stlommmr,
709 2566 952 2604 pel-sequuntur,
972 2571 1079 2590 ocem·-

401 2624 484 2648 ruur.
498 2615 545 2647 Ut
560 2613 617 2646 illc
633 2625 737 2658 quem
754 2621 870 2646 narrat
891 2612 950 2644 lib.
968 2612 1002 2651 l,
1017 2620 1077 2644 sat.

402 2670 447 2700 IX
480 2666 662 2703 Horatius,
696 2666 753 2699 vix
784 2665 847 2699 sibi
889 2673 1010 2697 notum
1048 2672 1079 2695 et

1197 2350 1229 2386 [⁸-
1258 2347 1412 2379 I’ustulw.
1441 2347 1535 2379 Alios
1561 2347 1675 2391 legere
1695 2347 1818 2390 pusulas

1142 2407 1238 2432 notat
1261 2399 1438 2432 Schrevel.
1465 2420 1506 2425 —
1533 2399 1607 2432 Non
1624 2400 1710 2431 ulau
1727 2412 1815 2438 acre,

1142 2461 1207 2485 etc.
1231 2453 1374 2486 Nullum
1402 2464 1513 2497 genus
1540 2452 1676 2491 morbi,
1695 2451 1819 2485 ulceris

1143 2514 1201 2538 aut
1217 2506 1368 2551 contagii
1385 2504 1577 2539 deterrebit
1593 2517 1650 2538 eos
1664 2506 1747 2550 quin
1766 2504 1818 2536 in-

1143 2558 1281 2603 trepide
1302 2559 1436 2592 basiem
1456 2567 1498 2592 te.
1511 2559 1749 2590 ——Pustulawe
1770 2557 1818 2588 lu-

1141 2619 1253 2644 centes.
1276 2611 1388 2645 Flavae
1411 2612 1503 2645 enim
1527 2620 1558 2644 et
1582 2611 1678 2655 quasi
1705 2610 1813 2655 pellu-

1141 2663 1236 2697 cidae.
