1978 3305
430 223 1013 269 EPIGRAMMATUM
1051 223 1178 266 LIB.
1219 224 1272 266 V.
1499 224 1554 270 15

804 388 882 444 X.

322 544 390 573 AD
429 542 716 583 REGULUM,
754 543 820 572 DE
859 543 1003 572 FAMA
1040 521 1384 572 POETARUM...

217 674 332 717 ESSE
361 672 463 733 quid
489 672 574 716 hoc
603 671 744 715 dicam
759 705 772 727 ‚
793 671 902 714 vivis
927 670 1047 731 quod
1069 670 1185 714 fama
1210 681 1416 732 negatur,

287 745 344 786 Et
368 759 445 786 sua
469 740 588 803 quod
613 757 737 785 rarus
765 750 962 802 tempora
989 740 1126 785 lector
1150 740 1298 784 amat?

218 813 275 857 Hi
296 822 398 856 sunt
421 812 592 856 invidiae
613 811 842 866 nimirum,
864 810 1056 871 Regule,
1079 827 1224 855 mores
1239 847 1250 866 ,

286 882 493 927 Praeferat
518 882 720 943 antiquos
743 897 915 942 semper
941 891 992 925 ut
1014 880 1085 925 illa
1110 882 1252 925 novis.

216 953 286 998 Sic
313 963 506 997 veterem
529 953 689 1013 ingrati
710 953 906 1013 Pompeii
930 953 1164 1012 quaerimus
1188 952 1416 1009 umhram3

289 1025 360 1068 Sic
387 1023 567 1067 laudant
591 1021 736 1067 Catuli
759 1021 861 1066 vilia
882 1022 1046 1083 templa
1073 1038 1208 1066 senes.

201 1166 414 1205 *Praesentia
439 1169 607 1211 fastidiri,
633 1167 826 1203 desiderari

148 1232 283 1258 remota
297 1249 306 1265 ‚
330 1231 364 1257 et
381 1227 513 1257 caeteris
533 1223 571 1256 in
590 1223 714 1265 rebus,
735 1230 771 1256 et
788 1221 826 1255 in

149 1277 249 1323 poesi
272 1276 387 1310 docet.

202 1351 255 1356 —-
281 1330 342 1363 Ad
373 1329 529 1374 Regulum
556 1327 762 1362 inscribitur
790 1327 827 1360 in

151 1382 232 1417 edd.
256 1391 338 1416 vett.

205 1450 238 1470 2.
257 1436 355 1480 Quod
366 1447 468 1468 rarus.
486 1435 578 1467 Raro
593 1434 709 1467 lector
723 1441 827 1474 amat,

148 1488 337 1534 laudatque
351 1488 538 1533 scriptores
553 1499 687 1521 coaevos
701 1499 709 1519 :
729 1505 742 1517 ιι
758 1487 828 1519 Ex-

151 1542 300 1576 stinctus
328 1541 501 1575 amabitur
529 1539 642 1582 idem3
663 1557 676 1569 n
703 1540 826 1573 Horat.

151 1595 221 1629 Sat.
245 1596 262 1627 I
271 1621 281 1636 ‚
301 1606 329 1628 1.
342 1615 394 1621 —
406 1595 541 1636 Lesranc
553 1584 592 1626 αῗε
602 1594 807 1639 Pompignan
816 1605 828 1626 :

205 1659 237 1683 Et
249 1658 313 1691 quoi
332 1666 381 1691 que
394 1657 459 1682 fasse
469 1656 492 1681 le
507 1658 587 1690 grand
600 1656 721 1687 homme,

205 1704 230 1728 11
245 1706 310 1728 n'est
323 1704 402 1737 grand
419 1704 523 1728 homme
540 1703 601 1737 qu'ae'i
617 1714 646 1728 sa
661 1709 741 1728 murt.
778 1703 828 1728 En.

207 1752 243 1786 3.
270 1753 385 1785 Insunt
406 1751 534 1784 inarc‘diae
558 1751 662 1786 codd.
689 1752 772 1786 Vat.
795 1760 830 1785 et

153 1805 308 1839 Florent.
325 1827 379 1831 -—
394 1805 515 1849 Regale
527 1831 536 1844 ,
561 1818 669 1839 mores.
690 1805 742 1838 De
762 1805 829 1838 hoc

153 1859 288 1904 Regulo
302 1857 386 1891 vide
402 1858 464 1890 lib.
484 1858 501 1890 I
516 1883 527 1899 ‚
545 1858 655 1903 epigr.
673 1870 759 1892 exn.
777 1879 829 1884 --

153 1908 208 1944 Hi
217 1919 290 1944 sunt
302 1911 429 1944 invidiae
431 1935 494 1944 .....
512 1923 622 1944 mores.
639 1911 808 1944 Horatius
819 1936 829 1952 ,

153 1965 220 2000 loc.
239 1964 299 1998 cit.
320 1979 335 1992 α
353 1964 436 1997 Urit
449 1963 544 1996 enim
561 1964 621 2010 qui
639 1971 831 2011 praegravat

154 2026 244 2052 artes
260 2018 356 2050 Infra
377 2029 413 2051 se
432 2016 575 2061 positas.
593 2034 607 2047 ι
629 2018 697 2051 En.

211 2070 245 2105 5.
272 2070 328 2103 Sic
355 2078 515 2110 veterem,
548 2078 613 2104 etc.
644 2070 702 2104 Sic
728 2069 830 2103 novis

155 2123 348 2158 Domitiani
367 2122 573 2157 ambulacris
588 2131 623 2157 et
636 2123 830 2169 porticibus

154 2176 401 2222 pulcherrimis
414 2175 636 2222 praeferimus
651 2177 830 2223 porticum

155 2230 339 2276 Pompeii,
351 2228 396 2262 de
415 2229 556 2275 qualib.
574 2230 630 2267 II,
647 2230 756 2275 epigr.
774 2241 829 2272 Π,

155 2294 207 2316 vs.
238 2295 294 2316 11.
319 2304 372 2309 —-
398 2283 543 2327 Pompeii
569 2285 746 2328 quaerimuS.
778 2283 831 2315 De

157 2336 296 2380 porticu
329 2335 490 2380 Pompeii
515 2334 651 2369 dictum
683 2336 742 2369 lib.
774 2336 829 2375 Π,

157 2388 265 2434 epigr.
294 2400 368 2420 xxv.
400 2388 527 2422 Sensus
553 2397 604 2422 est
627 2400 636 2422 :
671 2388 832 2422 Porticus

157 2449 261 2486 atque
295 2440 494 2474 ambulacra
517 2441 726 2482 Domitiani,
751 2441 832 2475 licet

157 2494 395 2540 pulcherrima
412 2519 421 2534 ‚
452 2506 515 2526 nos
541 2494 668 2538 ingrati
694 2495 831 2539 sperni-

157 2559 257 2587 mus,
277 2547 456 2592 antiquam
477 2559 560 2579 vero
578 2547 736 2592 Pompeii
753 2559 831 2591 por-

157 2599 265 2632 ticum
283 2600 508 2645 praeferimus.
531 2599 609 2632 Lib.
634 2600 702 2639 XI,
721 2600 829 2644 epigr.

159 2664 285 2685 xum.
305 2674 356 2679 —-
372 2652 530 2685 Umbram.
563 2651 618 2685 Sic
643 2651 765 2685 eodem
789 2652 830 2684 li·

884 1169 950 1202 bro
966 1176 1000 1203 et
1016 1168 1265 1214 epigrammate
1274 1167 1454 1202 Porticum
1466 1168 1567 1201 Pom-

884 1221 954 1267 peii
970 1247 980 1263 ‚
997 1229 1099 1255 vocat
1129 1222 1268 1254 umbram
1297 1222 1493 1267 Pompeiam.
1512 1243 1564 1247 —

885 1274 1063 1308 Nimirum
1084 1274 1166 1320 quia
1189 1275 1253 1308 ista
1268 1275 1426 1320 porticus
1447 1274 1566 1308 multis

884 1328 1070 1361 arboribus
1083 1327 1217 1361 consita
1231 1336 1316 1361 erat.
1327 1326 1412 1361 Vid.
1427 1327 1488 1361 lib.
1509 1328 1545 1360 II
1554 1353 1563 1368 ‚

884 1380 998 1426 epigr.
1017 1393 1082 1423 lx,
1096 1393 1146 1414 vs.
1167 1393 1182 1414 1
1195 1393 1226 1414 1.
1247 1381 1314 1414 En.

940 1436 975 1468 6.
995 1435 1044 1467 Et
1062 1434 1197 1467 laudaut
1214 1432 1323 1466 Catuli
1340 1433 1430 1466 Julia
1449 1434 1562 1478 templa

885 1488 967 1519 senis
978 1486 1061 1520 edd.
1074 1486 1257 1532 antiquiss.
1273 1498 1353 1519 curn
1367 1485 1449 1520 Ald.
1462 1487 1564 1520 Junt.

887 1539 1003 1573 Colin.
1033 1540 1172 1585 Gryph.
1205 1538 1384 1573 Calderin.
1417 1539 1563 1573 Junian.

885 1593 1046 1626 Pulman.
1067 1601 1132 1627 etc.
1149 1592 1202 1626 Sic
1222 1592 1357 1625 laudant
1375 1592 1487 1626 Catuli
1503 1593 1564 1625 ιΙιι-

886 1646 931 1678 lia
959 1646 1074 1690 templa
1092 1659 1179 1679 senes
1200 1646 1237 1678 in
1261 1644 1382 1679 codice
1408 1646 1435 1678 F
1438 1645 1564 1679 lorent.

886 1698 940 1731 Sic
959 1699 1094 1732 Iamlam
1116 1699 1228 1733 Catuli
1248 1699 1328 1731 vilia
1348 1699 1462 1744 templa
1477 1712 1564 1731 senes

886 1751 924 1785 in
940 1752 1123 1786 Vaticano.
1142 1753 1192 1785 Et
1209 1751 1346 1784 laudant
1361 1750 1472 1784 Catuli
1482 1752 1563 1784 ‘vilia

888 1806 1002 1849 templa
1019 1819 1105 1838 senes
1123 1803 1233 1838 codex
1254 1804 1454 1838 Thuaneus.
1475 1805 1566 1837 Julia

888 1854 901 1896 (
917 1857 966 1891 sic
997 1857 1096 1899 iulia)
1129 1867 1164 1892 et
1191 1858 1271 1890 vilia
1301 1857 1360 1890 vix
1393 1856 1565 1903 distingui

886 1919 1037 1956 possunt
1053 1911 1090 1944 in
1105 1919 1190 1945 vett.
1205 1910 1428 1945 membranis.
1444 1932 1496 1936 —
1511 1911 1564 1944 Sic

886 1963 1023 1997 laudant
1045 1964 1156 1998 Catuli
1173 1964 1254 1996 ‘vilia
1273 1963 1416 2001 (Iulia)
1438 1964 1565 2008 templa.

888 2017 1106 2062 Capitolium
1130 2030 1149 2050 a
1173 2016 1294 2050 Servio
1316 2017 1436 2050 Tullio
1457 2015 1566 2049 aedifi-

887 2070 959 2103 cari
974 2079 1126 2115 coeptum
1140 2097 1149 2112 ,
1165 2083 1184 2103 a
1196 2069 1390 2115 Tarquinio
1407 2069 1566 2114 Superbo

888 2123 1086 2156 absolutum
1098 2149 1107 2164 ‚
1126 2132 1206 2169 post
1216 2121 1493 2168 quadringentos
1509 2121 1568 2155 ad-

887 2175 1034 2209 modum
1048 2189 1156 2210 annos
1173 2175 1388 2220 deflagravit.
1405 2175 1565 2208 Lutatius

889 2229 1033 2263 Catulus
1055 2229 1159 2274 Syllae
1185 2228 1402 2273 temporibus
1427 2241 1447 2262 a
1472 2228 1566 2273 Sylla

888 2290 1122 2316 restauratum
1139 2281 1313 2315 dedicavit
1327 2294 1336 2321 ;
1357 2281 1454 2326 cujus
1469 2282 1565 2314 «Lu-

890 2335 965 2369 tatii
984 2335 1101 2369 Catuli
1118 2347 1247 2368 nomeu
1270 2333 1360 2367 inter
1379 2342 1475 2367 tanta
1493 2335 1566 2368 Cae-

889 2401 1006 2422 sarum
1037 2400 1141 2433 opera
1168 2399 1278 2433 usque
1309 2385 1355 2420 ad
1381 2387 1566 2420 Vitellium

890 2441 1059 2474 mansit».
1091 2440 1258 2480 Tacitus,
1287 2440 1377 2473 Hist.
1404 2439 1467 2473 lib.
1500 2441 1564 2473 ΙΙΙ.

890 2495 979 2527 ,ΙιιΙὶα
992 2494 1105 2539 templa
1116 2493 1217 2532 dixit,
1227 2492 1323 2538 quia,
1332 2500 1418 2526 teste
1431 2493 1546 2526 Dione
1560 2519 1568 2533 ‚

890 2547 914 2581 l.
929 2548 1063 2581 XLIII:
1078 2565 1090 2576 «ι
1100 2548 1344 2587 Decretum,ut
1355 2558 1452 2579 eraso
1464 2547 1567 2579 Catu-

889 2600 914 2632 li
933 2600 1076 2633 nomine
1099 2600 1367 2633 substitueretur
1386 2599 1539 2632 Caesaris.
1551 2617 1562 2627 »ι

892 2652 1000 2694 Quod
1021 2652 1198 2686 decretum
1226 2652 1442 2685 exsecutioni
1471 2664 1568 2684 man-
