1978 3305
383 250 959 293 EPIGRAMMATUM
996 251 1120 293 LIB.
1160 251 1245 293 IX.

1414 249 1501 295 381

249 336 351 379 Non
374 335 472 379 tulit
491 337 706 380 Ausonius
732 336 832 380 talia
858 347 1051 381 monstra
1074 347 1221 398 pater;

178 405 300 448 Idem
326 407 400 466 qui
430 407 590 450 teneris
619 424 758 468 nuper
786 408 1001 451 succurrit
1026 407 1228 468 ephebis,

246 477 314 518 Ne
345 476 505 519 faceret
530 476 693 521 steriles
718 493 831 521 saeva
856 477 988 521 libido
1013 479 1143 522 viros,

177 544 379 589 Dilexere
404 547 523 607 prius
550 548 674 607 pueri
690 582 702 603 ⁷
720 548 1013 607 juvenesque,
1039 564 1274 608 senesqueg

248 617 305 659 At
334 633 451 660 nunc
481 616 667 660 infantes
697 627 738 660 te
771 633 970 677 quoque,
1001 619 1169 673 Caesar,
1196 628 1355 661 amant.

161 769 193 798 6.
215 766 289 799 Non
314 767 403 806 tulit,
424 775 490 799 etc.
506 765 632 800 Edicto
658 766 780 811 prohi-

107 817 183 851 buit
196 818 416 851 Domitianus
432 831 558 863 pueros
573 819 664 852 intra
678 819 782 864 septi-

107 883 204 903 mum
237 883 368 903 annum
399 870 586 916 prostitui,
615 879 650 904 et
673 871 781 904 Scati-

106 922 201 955 niam
222 924 408 956 revocavit.
433 924 526 957 Suet.
549 924 680 957 Domit.
704 936 780 969 cap.

109 976 141 1008 8.
162 996 213 1000 —
238 977 399 1009 Ausonius
427 984 530 1021 pater.
560 976 781 1010 Domitianus

108 1039 212 1072 quem
224 1029 295 1073 jam
311 1029 432 1073 patriae
445 1038 628 1074 parentem
643 1028 779 1062 dictum

106 1088 312 1113 notavnnus.

884 778 917 811 7.
926 767 1090 800 ‘Succurrit
1099 768 1232 812 ephebis.
1246 768 1439 802 Prohibens
1453 770 1514 801 sci-

840 819 924 853 licet
948 832 994 852 ne
1023 829 1255 854 casti-arentur
1278 833 1285 853 :

841 872 910 909 VI,
924 873 1031 918 epigr.
1050 885 1091 905 11.

893 925 924 957 8.
946 925 1038 958 Saeva
1060 925 1158 958 libido
1185 939 1283 958 mares
1305 925 1414 959 codex
1434 926 1514 958 Pul-

842 978 972 1011 manni.
983 977 1075 1012 Vide
1092 978 1176 1012 Stat.
1196 979 1291 1024 Sylv.
1308 979 1370 1012 lib.
1383 979 1452 1018 III,
1471 978 1514 1011 de

841 1030 1063 1064 Domitiano:
1080 1050 1092 1061 ιι
1111 1030 1278 1065 Nondum
1293 1032 1439 1078 pulchra
1455 1030 1517 1064 du-

842 1095 889 1116 cis
907 1101 936 1124 n,
953 1091 1018 1116 etc.

1317 834 1421 866 supra
1453 822 1513 854 lib.

763 1231 840 1285 X.

544 1383 615 1411 AD
666 1365 1077 1412 BITHYNICUMf

173 1508 264 1551 Nu,
292 1507 368 1550 tibi
397 1505 555 1567 legavit
580 1506 759 1562 Fabius,
783 1507 1037 1567 Bithynice,
1066 1510 1135 1552 cui
1167 1519 1213 1553 tu

247 1579 426 1631 Annua,
453 1578 487 1619 si
517 1578 718 1632 memini,
749 1576 879 1620 millia
910 1594 1011 1621 sena
1036 1578 1180 1623 dahas.

176 1646 275 1691 Plus
300 1646 407 1691 nulli
431 1646 550 1691 dedit
575 1646 644 1690 ille
664 1665 674 1700 3
701 1649 848 1708 queri,
870 1648 1120 1709 Bithynice,
1147 1649 1234 1694 noli
1258 1667 1266 1693 ε

244 1719 401 1761 Annua
425 1716 588 1778 legavit
613 1717 744 1761 millia
773 1734 874 1762 sena
900 1718 990 1762 tibi.

147 1850 377 1902 *Bithynicus
389 1857 577 1902 quotannis
594 1856 702 1890 Fabio
721 1869 779 1889 sex

106 1909 212 1942 millia
251 1909 318 1942 HS.
352 1909 497 1942 donavit
518 1934 527 1950 ,
561 1917 598 1942 ut
636 1908 777 1942 tandem

104 1962 213 1995 haeres
240 1962 449 1996 scriberetur
479 1975 496 1994 a
520 1962 650 2004 Fabio,
677 1962 779 2007 plura

105 2015 234 2048 scilicet
255 2015 388 2048 laturus
410 2027 514 2061 quam
535 2014 691 2048 dederat.
709 2013 778 2048 Sed

105 2067 231 2101 Fabius
250 2077 359 2101 artem
378 2068 547 2113 captantis
563 2068 777 2112 inteliigens‚

104 2121 160 2153 illa
178 2132 258 2154 sena
276 2120 386 2153 millia
407 2120 642 2165 consumpsit,
667 2129 700 2153 et
721 2121 779 2153 Bi-

104 2173 249 2218 thynico
271 2174 425 2206 moriens
449 2174 500 2206 nil
525 2174 663 2218 legavit.
684 2173 780 2214 Que-

104 2233 239 2258 rentem
265 2226 491 2270 Bithynicum
519 2227 651 2259 solatur
676 2227 781 2259 Poeta

104 2277 286 2311 irridendo
306 2277 505 2324 deceptum.
528 2279 625 2315 Noli,
646 2279 781 2324 inquit,

105 2331 205 2375 queri
234 2331 296 2363 tihi
325 2331 375 2363 nil
396 2331 546 2375 legatum
566 2343 573 2364 :
594 2332 781 2376 quotannis

105 2383 199 2415 enim
229 2383 291 2416 tibi
324 2384 450 2429 legavit
471 2396 532 2416 sex
558 2384 685 2425 millia,
705 2397 781 2429 quae

104 2436 236 2469 solebas
258 2443 357 2469 antea
379 2435 462 2469 dare
487 2437 610 2478 Fabio,
627 2445 659 2469 et
682 2445 780 2481 post·

103 2489 168 2522 hac
188 2501 258 2522 non
276 2487 386 2522 dabis.
398 2490 536 2522 Rinmz.

892 1878 942 1882 —
967 1857 1080 1903 Hujus
1111 1857 1369 1903 epigrammatis
1393 1861 1514 1894 lectio-

838 1921 919 1942 nem
948 1922 1021 1942 non
1046 1910 1181 1943 variant
1207 1912 1435 1955 membranae,
1457 1923 1515 1947 aut

838 1962 920 1995 libri
934 1963 1032 2007 prelo
1050 1963 1176 1996 excusi.

898 2027 910 2047 1
921 2041 927 2047 .
945 2015 1020 2047 Tibt'
1032 2016 1148 2060 legavit
1161 2016 1300 2057 Fabius,
1322 2026 1386 2052 etc.
1401 2019 1514 2060 Quem

839 2067 1087 2113 haeredipetam
1106 2078 1252 2103 notarat.

898 2134 928 2153 2.
950 2123 1081 2154 Αηηιια.
1105 2122 1180 2155 Hoc
1201 2131 1268 2163 est,
1288 2124 1488 2168 quotannis.

897 2173 930 2206 3.
941 2174 1021 2206 Plus
1034 2174 1114 2206 nulli
1124 2201 1132 2213 ,
1153 2185 1218 2208 etc.
1234 2177 1274 2208 ln
1288 2174 1426 2208 <luobus
1440 2188 1517 2221 quae

840 2225 1048 2271 praecedunt
1082 2228 1259 2260 versiculis
1291 2228 1428 2261 locutus
1469 2239 1517 2262 est

841 2287 942 2323 poeta
966 2279 1146 2323 Bithynici
1163 2281 1324 2321 nornine,
1346 2294 1417 2314 non
1435 2294 1498 2315 suo
1511 2309 1518 2322 ‚

841 2331 1020 2375 Bithynici
1037 2356 1046 2372 ‚
1068 2344 1139 2364 non
1161 2346 1220 2366 sua
1236 2333 1340 2366 verba
1354 2336 1516 2368 referens.

841 2384 947 2416 Nunc
982 2385 1129 2429 proprio
1163 2386 1306 2419 nomine
1331 2387 1517 2432 respondet

841 2444 875 2468 et
897 2446 1100 2481 querentem
1126 2438 1327 2482 alloquitur.
1347 2440 1516 2473 Caeteruni

841 2487 922 2521 vide
938 2488 1064 2522 Raderi
1082 2499 1199 2524 notam
1222 2491 1262 2525 ad
1283 2492 1437 2525 titulum.
1450 2494 1517 2527 En.
