<?xml version="1.0" encoding="UTF-8"?>
<!DOCTYPE html PUBLIC "-//W3C//DTD XHTML 1.0 Transitional//EN"
    "http://www.w3.org/TR/xhtml1/DTD/xhtml1-transitional.dtd">
<html xmlns="http://www.w3.org/1999/xhtml" xml:lang="en" lang="en">
 <head>
  <title>
</title>
<meta http-equiv="Content-Type" content="text/html;charset=utf-8" />
  <meta name='ocr-system' content='tesseract 3.04.00' />
  <meta name='ocr-capabilities' content='ocr_page ocr_carea ocr_par ocr_line ocrx_word'/>
</head>
<body>
  <div class='ocr_page' id='page_1' title='image "./epigrammata02martuoft/epigrammata02martuoft_0280.png"; bbox 0 0 1978 3305; ppageno 0'>
   <div class='ocr_carea' id='block_1_1' title="bbox 511 232 606 278">
    <p class='ocr_par' dir='ltr' id='par_1_1' title="bbox 511 232 606 278">
     <span class='ocr_line' id='line_1_1' title="bbox 511 232 606 278; baseline 0 -1"><span class='ocrx_word' id='word_1_1' title='bbox 511 232 606 278; x_wconf 78' lang='lat'><strong>268</strong></span> 
     </span>
    </p>
   </div>
   <div class='ocr_carea' id='block_1_2' title="bbox 881 236 1574 292">
    <p class='ocr_par' dir='ltr' id='par_1_2' title="bbox 881 236 1574 292">
     <span class='ocr_line' id='line_1_2' title="bbox 881 236 1574 292; baseline 0.006 -15"><span class='ocrx_word' id='word_1_2' title='bbox 881 236 942 278; x_wconf 91' lang='lat' dir='ltr'><strong>M.</strong></span> <span class='ocrx_word' id='word_1_3' title='bbox 966 237 1104 278; x_wconf 89' lang='lat' dir='ltr'><strong>VAL.</strong></span> <span class='ocrx_word' id='word_1_4' title='bbox 1140 237 1536 281; x_wconf 88' lang='lat' dir='ltr'><strong>MARTIALIS</strong></span> <span class='ocrx_word' id='word_1_5' title='bbox 1571 288 1574 292; x_wconf 16' lang='lat'>¹</span> 
     </span>
    </p>
   </div>
   <div class='ocr_carea' id='block_1_3' title="bbox 574 321 1705 805">
    <p class='ocr_par' dir='ltr' id='par_1_3' title="bbox 574 321 1705 805">
     <span class='ocr_line' id='line_1_3' title="bbox 647 321 1693 385; baseline 0.005 -22"><span class='ocrx_word' id='word_1_6' title='bbox 647 321 990 376; x_wconf 84' lang='lat' dir='ltr'>Commendare,</span> <span class='ocrx_word' id='word_1_7' title='bbox 1018 322 1130 366; x_wconf 87' lang='lat' dir='ltr'><strong>ferat</strong></span> <span class='ocrx_word' id='word_1_8' title='bbox 1156 324 1349 366; x_wconf 85' lang='lat' dir='ltr'><strong>carmina</strong></span> <span class='ocrx_word' id='word_1_9' title='bbox 1376 333 1523 368; x_wconf 88' lang='lat' dir='ltr'><strong>nostra</strong></span> <span class='ocrx_word' id='word_1_10' title='bbox 1553 340 1661 385; x_wconf 90' lang='lat' dir='ltr'><strong>puer</strong></span> <span class='ocrx_word' id='word_1_11' title='bbox 1685 342 1693 367; x_wconf 77' lang='grc' dir='ltr'>ε</span> 
     </span>
     <span class='ocr_line' id='line_1_4' title="bbox 575 389 1581 452; baseline 0.005 -19"><span class='ocrx_word' id='word_1_12' title='bbox 575 391 675 434; x_wconf 91' lang='lat' dir='ltr'><strong>Non</strong></span> <span class='ocrx_word' id='word_1_13' title='bbox 701 389 836 451; x_wconf 88' lang='lat' dir='ltr'><strong>qualis</strong></span> <span class='ocrx_word' id='word_1_14' title='bbox 861 392 1023 437; x_wconf 86' lang='lat' dir='ltr'><strong>Getieae</strong></span> <span class='ocrx_word' id='word_1_15' title='bbox 1050 393 1226 437; x_wconf 85' lang='lat' dir='ltr'><strong>satiatus</strong></span> <span class='ocrx_word' id='word_1_16' title='bbox 1251 392 1362 437; x_wconf 84' lang='lat' dir='ltr'><strong>lacte</strong></span> <span class='ocrx_word' id='word_1_17' title='bbox 1382 393 1581 452; x_wconf 84' lang='lat' dir='ltr'><strong>juvencae</strong></span> 
     </span>
     <span class='ocr_line' id='line_1_5' title="bbox 644 461 1545 523; baseline 0.004 -20"><span class='ocrx_word' id='word_1_18' title='bbox 644 461 881 504; x_wconf 83' lang='lat' dir='ltr'><strong>Sarmatica</strong></span> <span class='ocrx_word' id='word_1_19' title='bbox 908 461 1048 523; x_wconf 85' lang='lat' dir='ltr'><strong>rigido</strong></span> <span class='ocrx_word' id='word_1_20' title='bbox 1074 461 1182 506; x_wconf 87' lang='lat' dir='ltr'><strong>ludit</strong></span> <span class='ocrx_word' id='word_1_21' title='bbox 1205 464 1249 506; x_wconf 88' lang='lat' dir='ltr'><strong>in</strong></span> <span class='ocrx_word' id='word_1_22' title='bbox 1275 479 1401 506; x_wconf 90' lang='lat' dir='ltr'><strong>amne</strong></span> <span class='ocrx_word' id='word_1_23' title='bbox 1427 472 1545 520; x_wconf 89' lang='lat' dir='ltr'><strong>rota;</strong></span> 
     </span>
     <span class='ocr_line' id='line_1_6' title="bbox 575 529 1591 594; baseline 0.005 -22"><span class='ocrx_word' id='word_1_24' title='bbox 575 529 660 573; x_wconf 88' lang='lat' dir='ltr'><strong>Sed</strong></span> <span class='ocrx_word' id='word_1_25' title='bbox 683 529 918 590; x_wconf 77' lang='lat' dir='ltr'><strong>Mitylenaei</strong></span> <span class='ocrx_word' id='word_1_26' title='bbox 946 548 1095 576; x_wconf 89' lang='lat' dir='ltr'><strong>roseus</strong></span> <span class='ocrx_word' id='word_1_27' title='bbox 1119 534 1346 593; x_wconf 84' lang='lat' dir='ltr'><strong>mangonis</strong></span> <span class='ocrx_word' id='word_1_28' title='bbox 1372 533 1565 594; x_wconf 84' lang='lat' dir='ltr'><strong>ephebus</strong></span> <span class='ocrx_word' id='word_1_29' title='bbox 1580 569 1591 588; x_wconf 77' lang='lat'><strong>‚</strong></span> 
     </span>
     <span class='ocr_line' id='line_1_7' title="bbox 643 599 1705 664; baseline 0.003 -21"><span class='ocrx_word' id='word_1_30' title='bbox 643 599 724 643; x_wconf 88' lang='lat' dir='ltr'><strong>Vel</strong></span> <span class='ocrx_word' id='word_1_31' title='bbox 753 616 842 645; x_wconf 92' lang='lat' dir='ltr'><strong>non</strong></span> <span class='ocrx_word' id='word_1_32' title='bbox 865 617 999 646; x_wconf 86' lang='lat' dir='ltr'><strong>caesus</strong></span> <span class='ocrx_word' id='word_1_33' title='bbox 1019 601 1162 647; x_wconf 85' lang='lat' dir='ltr'><strong>adhuc</strong></span> <span class='ocrx_word' id='word_1_34' title='bbox 1186 612 1324 647; x_wconf 88' lang='lat' dir='ltr'><strong>matre</strong></span> <span class='ocrx_word' id='word_1_35' title='bbox 1344 603 1524 664; x_wconf 87' lang='lat' dir='ltr'><strong>jubente</strong></span> <span class='ocrx_word' id='word_1_36' title='bbox 1544 605 1705 648; x_wconf 86' lang='lat' dir='ltr'>Lacon.</span> 
     </span>
     <span class='ocr_line' id='line_1_8' title="bbox 574 670 1609 732; baseline 0.004 -19"><span class='ocrx_word' id='word_1_37' title='bbox 574 672 629 713; x_wconf 84' lang='lat' dir='ltr'><strong>At</strong></span> <span class='ocrx_word' id='word_1_38' title='bbox 654 670 732 714; x_wconf 89' lang='lat' dir='ltr'><strong>tibi</strong></span> <span class='ocrx_word' id='word_1_39' title='bbox 758 672 932 732; x_wconf 88' lang='lat' dir='ltr'><strong>captivo</strong></span> <span class='ocrx_word' id='word_1_40' title='bbox 958 672 1145 717; x_wconf 88' lang='lat' dir='ltr'><strong>famulus</strong></span> <span class='ocrx_word' id='word_1_41' title='bbox 1171 674 1366 717; x_wconf 87' lang='lat' dir='ltr'><strong>mittetur</strong></span> <span class='ocrx_word' id='word_1_42' title='bbox 1392 673 1447 717; x_wconf 83' lang='lat' dir='ltr'><strong>ah</strong></span> <span class='ocrx_word' id='word_1_43' title='bbox 1468 675 1609 729; x_wconf 84' lang='lat' dir='ltr'><strong>Istro,</strong></span> 
     </span>
     <span class='ocr_line' id='line_1_9' title="bbox 643 741 1503 805; baseline 0.005 -21"><span class='ocrx_word' id='word_1_44' title='bbox 643 741 731 798; x_wconf 88' lang='lat' dir='ltr'><strong>Qui</strong></span> <span class='ocrx_word' id='word_1_45' title='bbox 751 741 1000 787; x_wconf 86' lang='lat' dir='ltr'><strong>Tiburtinas</strong></span> <span class='ocrx_word' id='word_1_46' title='bbox 1025 759 1202 804; x_wconf 83' lang='lat' dir='ltr'><strong>pascere</strong></span> <span class='ocrx_word' id='word_1_47' title='bbox 1227 745 1363 805; x_wconf 89' lang='lat' dir='ltr'>possit</span> <span class='ocrx_word' id='word_1_48' title='bbox 1388 759 1503 788; x_wconf 85' lang='lat' dir='ltr'><strong>oves.</strong></span> 
     </span>
    </p>
   </div>
   <div class='ocr_carea' id='block_1_4' title="bbox 501 873 1176 1767">
    <p class='ocr_par' dir='ltr' id='par_1_4' title="bbox 503 873 1176 975">
     <span class='ocr_line' id='line_1_10' title="bbox 503 873 1176 921; baseline 0.012 -16"><span class='ocrx_word' id='word_1_49' title='bbox 503 873 563 907; x_wconf 80' lang='lat' dir='ltr'><strong>lib.</strong></span> <span class='ocrx_word' id='word_1_50' title='bbox 589 875 661 915; x_wconf 84' lang='lat' dir='ltr'><strong>Vl,</strong></span> <span class='ocrx_word' id='word_1_51' title='bbox 688 875 798 921; x_wconf 83' lang='lat' dir='ltr'><strong>epigr.</strong></span> <span class='ocrx_word' id='word_1_52' title='bbox 829 889 909 920; x_wconf 88' lang='lat' dir='ltr'><strong>xxv,</strong></span> <span class='ocrx_word' id='word_1_53' title='bbox 933 877 1032 912; x_wconf 89' lang='lat' dir='ltr'><strong>victis</strong></span> <span class='ocrx_word' id='word_1_54' title='bbox 1062 887 1176 912; x_wconf 86' lang='lat' dir='ltr'><strong>autem</strong></span> 
     </span>
     <span class='ocr_line' id='line_1_11' title="bbox 506 927 1175 975; baseline 0.012 -17"><span class='ocrx_word' id='word_1_55' title='bbox 506 927 607 960; x_wconf 84' lang='lat' dir='ltr'><strong>Dacis</strong></span> <span class='ocrx_word' id='word_1_56' title='bbox 629 934 664 960; x_wconf 89' lang='lat' dir='ltr'><strong>et</strong></span> <span class='ocrx_word' id='word_1_57' title='bbox 681 928 777 962; x_wconf 85' lang='lat' dir='ltr'><strong>Getis</strong></span> <span class='ocrx_word' id='word_1_58' title='bbox 793 942 859 975; x_wconf 87' lang='lat' dir='ltr'><strong>pax</strong></span> <span class='ocrx_word' id='word_1_59' title='bbox 876 942 1034 964; x_wconf 88' lang='lat' dir='ltr'><strong>concessa</strong></span> <span class='ocrx_word' id='word_1_60' title='bbox 1052 931 1175 966; x_wconf 86' lang='lat' dir='ltr'><strong>fuerat.</strong></span> 
     </span>
    </p>

    <p class='ocr_par' dir='ltr' id='par_1_5' title="bbox 504 980 1176 1119">
     <span class='ocr_line' id='line_1_12' title="bbox 559 980 1176 1024; baseline 0.008 -11"><span class='ocrx_word' id='word_1_61' title='bbox 559 992 592 1024; x_wconf 89' lang='lat'><strong>7.</strong></span> <span class='ocrx_word' id='word_1_62' title='bbox 614 980 757 1014; x_wconf 78' lang='lat' dir='ltr'><strong>Satiatus</strong></span> <span class='ocrx_word' id='word_1_63' title='bbox 777 982 869 1015; x_wconf 80' lang='lat' dir='ltr'><strong>lacte.</strong></span> <span class='ocrx_word' id='word_1_64' title='bbox 893 983 1061 1017; x_wconf 85' lang='lat' dir='ltr'><strong>Getarum</strong></span> <span class='ocrx_word' id='word_1_65' title='bbox 1083 984 1176 1017; x_wconf 90' lang='lat' dir='ltr'><strong>enim</strong></span> 
     </span>
     <span class='ocr_line' id='line_1_13' title="bbox 504 1032 1175 1080; baseline 0.009 -15"><span class='ocrx_word' id='word_1_66' title='bbox 504 1039 539 1065; x_wconf 87' lang='lat' dir='ltr'><strong>et</strong></span> <span class='ocrx_word' id='word_1_67' title='bbox 559 1032 794 1067; x_wconf 78' lang='lat' dir='ltr'>Sarmatarum</span> <span class='ocrx_word' id='word_1_68' title='bbox 813 1035 915 1080; x_wconf 89' lang='lat' dir='ltr'><strong>pueri</strong></span> <span class='ocrx_word' id='word_1_69' title='bbox 941 1036 1029 1070; x_wconf 87' lang='lat' dir='ltr'><strong>lacte</strong></span> <span class='ocrx_word' id='word_1_70' title='bbox 1060 1049 1175 1071; x_wconf 88' lang='lat' dir='ltr'><strong>vesce-</strong></span> 
     </span>
     <span class='ocr_line' id='line_1_14' title="bbox 504 1085 641 1119; baseline 0.022 -3"><span class='ocrx_word' id='word_1_71' title='bbox 504 1085 641 1119; x_wconf 88' lang='lat' dir='ltr'><strong>bantur.</strong></span> 
     </span>
    </p>

    <p class='ocr_par' dir='ltr' id='par_1_6' title="bbox 501 1138 1176 1551">
     <span class='ocr_line' id='line_1_15' title="bbox 558 1138 1174 1185; baseline 0.005 -13"><span class='ocrx_word' id='word_1_72' title='bbox 558 1139 594 1172; x_wconf 91' lang='lat'><strong>8.</strong></span> <span class='ocrx_word' id='word_1_73' title='bbox 612 1138 790 1172; x_wconf 78' lang='lat' dir='ltr'><strong>Sarmatica</strong></span> <span class='ocrx_word' id='word_1_74' title='bbox 819 1141 926 1185; x_wconf 77' lang='lat' dir='ltr'><strong>gelido</strong></span> <span class='ocrx_word' id='word_1_75' title='bbox 965 1140 1046 1175; x_wconf 89' lang='lat' dir='ltr'><strong>Ald.</strong></span> <span class='ocrx_word' id='word_1_76' title='bbox 1073 1142 1174 1176; x_wconf 84' lang='lat' dir='ltr'><strong>Junt.</strong></span> 
     </span>
     <span class='ocr_line' id='line_1_16' title="bbox 504 1190 1175 1238; baseline 0.007 -15"><span class='ocrx_word' id='word_1_77' title='bbox 504 1190 618 1225; x_wconf 88' lang='lat' dir='ltr'><strong>Colin.</strong></span> <span class='ocrx_word' id='word_1_78' title='bbox 643 1191 779 1238; x_wconf 76' lang='lat' dir='ltr'><strong>Gryph.</strong></span> <span class='ocrx_word' id='word_1_79' title='bbox 795 1192 971 1228; x_wconf 87' lang='lat' dir='ltr'><strong>Calderin.</strong></span> <span class='ocrx_word' id='word_1_80' title='bbox 987 1194 1098 1228; x_wconf 89' lang='lat' dir='ltr'><strong>Plant.</strong></span> <span class='ocrx_word' id='word_1_81' title='bbox 1112 1195 1134 1228; x_wconf 89' lang='lat' dir='ltr'><strong>J</strong></span> <span class='ocrx_word' id='word_1_82' title='bbox 1137 1208 1175 1228; x_wconf 89' lang='lat' dir='ltr'><strong>u-</strong></span> 
     </span>
     <span class='ocr_line' id='line_1_17' title="bbox 504 1243 1176 1293; baseline 0.009 -18"><span class='ocrx_word' id='word_1_83' title='bbox 504 1243 597 1277; x_wconf 89' lang='lat' dir='ltr'><strong>nian.</strong></span> <span class='ocrx_word' id='word_1_84' title='bbox 625 1244 783 1278; x_wconf 86' lang='lat' dir='ltr'><strong>Pulman.</strong></span> <span class='ocrx_word' id='word_1_85' title='bbox 815 1246 921 1292; x_wconf 88' lang='lat' dir='ltr'><strong>Lang.</strong></span> <span class='ocrx_word' id='word_1_86' title='bbox 950 1247 1077 1293; x_wconf 88' lang='lat' dir='ltr'><strong>Delph.</strong></span> <span class='ocrx_word' id='word_1_87' title='bbox 1109 1255 1176 1282; x_wconf 89' lang='lat' dir='ltr'><strong>etc.</strong></span> 
     </span>
     <span class='ocr_line' id='line_1_18' title="bbox 504 1296 1176 1346; baseline 0.006 -16"><span class='ocrx_word' id='word_1_88' title='bbox 504 1296 742 1330; x_wconf 79' lang='lat' dir='ltr'><strong>—Sarmatica</strong></span> <span class='ocrx_word' id='word_1_89' title='bbox 761 1299 876 1343; x_wconf 79' lang='lat' dir='ltr'><strong>rigido.</strong></span> <span class='ocrx_word' id='word_1_90' title='bbox 893 1300 1023 1333; x_wconf 89' lang='lat' dir='ltr'><strong>Inculti</strong></span> <span class='ocrx_word' id='word_1_91' title='bbox 1043 1300 1176 1346; x_wconf 82' lang='lat' dir='ltr'>quippe</span> 
     </span>
     <span class='ocr_line' id='line_1_19' title="bbox 504 1349 1174 1398; baseline 0.009 -17"><span class='ocrx_word' id='word_1_92' title='bbox 504 1357 603 1382; x_wconf 86' lang='lat' dir='ltr'><strong>erant</strong></span> <span class='ocrx_word' id='word_1_93' title='bbox 622 1349 672 1383; x_wconf 83' lang='lat' dir='ltr'><strong>illi</strong></span> <span class='ocrx_word' id='word_1_94' title='bbox 700 1352 800 1396; x_wconf 87' lang='lat' dir='ltr'><strong>pueri</strong></span> <span class='ocrx_word' id='word_1_95' title='bbox 814 1377 824 1393; x_wconf 93' lang='lat'>‚</span> <span class='ocrx_word' id='word_1_96' title='bbox 841 1352 901 1398; x_wconf 91' lang='lat' dir='ltr'><strong>qui</strong></span> <span class='ocrx_word' id='word_1_97' title='bbox 926 1353 1050 1387; x_wconf 86' lang='lat' dir='ltr'><strong>trocho</strong></span> <span class='ocrx_word' id='word_1_98' title='bbox 1073 1352 1174 1387; x_wconf 88' lang='lat' dir='ltr'><strong>lude-</strong></span> 
     </span>
     <span class='ocr_line' id='line_1_20' title="bbox 504 1404 1175 1451; baseline 0.01 -18"><span class='ocrx_word' id='word_1_99' title='bbox 504 1410 583 1435; x_wconf 82' lang='lat' dir='ltr'><strong>rent</strong></span> <span class='ocrx_word' id='word_1_100' title='bbox 598 1415 703 1447; x_wconf 86' lang='lat' dir='ltr'><strong>super</strong></span> <span class='ocrx_word' id='word_1_101' title='bbox 719 1404 861 1449; x_wconf 81' lang='lat' dir='ltr'><strong>glaciem</strong></span> <span class='ocrx_word' id='word_1_102' title='bbox 878 1404 1031 1439; x_wconf 87' lang='lat' dir='ltr'><strong>fluminis</strong></span> <span class='ocrx_word' id='word_1_103' title='bbox 1047 1406 1175 1451; x_wconf 86' lang='lat' dir='ltr'><strong>frigore</strong></span> 
     </span>
     <span class='ocr_line' id='line_1_21' title="bbox 502 1456 1174 1505; baseline 0.01 -19"><span class='ocrx_word' id='word_1_104' title='bbox 502 1456 667 1489; x_wconf 85' lang='lat' dir='ltr'><strong>concreti.</strong></span> <span class='ocrx_word' id='word_1_105' title='bbox 687 1458 739 1489; x_wconf 88' lang='lat' dir='ltr'><strong>De</strong></span> <span class='ocrx_word' id='word_1_106' title='bbox 761 1458 883 1492; x_wconf 81' lang='lat' dir='ltr'><strong>trocho</strong></span> <span class='ocrx_word' id='word_1_107' title='bbox 904 1459 964 1492; x_wconf 89' lang='lat' dir='ltr'><strong>lih.</strong></span> <span class='ocrx_word' id='word_1_108' title='bbox 981 1459 1079 1500; x_wconf 93' lang='lat' dir='ltr'>XIV,</span> <span class='ocrx_word' id='word_1_109' title='bbox 1100 1459 1174 1505; x_wconf 90' lang='lat' dir='ltr'><strong>epi-</strong></span> 
     </span>
     <span class='ocr_line' id='line_1_22' title="bbox 501 1519 814 1551; baseline 0.016 -12"><span class='ocrx_word' id='word_1_110' title='bbox 501 1519 645 1551; x_wconf 83' lang='lat' dir='ltr'><strong>gramm.</strong></span> <span class='ocrx_word' id='word_1_111' title='bbox 666 1522 814 1544; x_wconf 81' lang='lat' dir='ltr'><strong>evam.</strong></span> 
     </span>
    </p>

    <p class='ocr_par' dir='ltr' id='par_1_7' title="bbox 502 1562 1174 1767">
     <span class='ocr_line' id='line_1_23' title="bbox 556 1562 1172 1610; baseline 0.008 -17"><span class='ocrx_word' id='word_1_112' title='bbox 556 1574 590 1604; x_wconf 80' lang='lat'><strong>9.</strong></span> <span class='ocrx_word' id='word_1_113' title='bbox 609 1562 674 1594; x_wconf 84' lang='lat' dir='ltr'><strong>Sed</strong></span> <span class='ocrx_word' id='word_1_114' title='bbox 685 1563 873 1610; x_wconf 65' lang='lat' dir='ltr'><strong>Mitylenaei.</strong></span> <span class='ocrx_word' id='word_1_115' title='bbox 897 1564 1069 1610; x_wconf 86' lang='lat' dir='ltr'><strong>Mitylene</strong></span> <span class='ocrx_word' id='word_1_116' title='bbox 1088 1565 1172 1598; x_wconf 90' lang='lat' dir='ltr'><strong>urbs</strong></span> 
     </span>
     <span class='ocr_line' id='line_1_24' title="bbox 502 1614 1173 1658; baseline 0.009 -13"><span class='ocrx_word' id='word_1_117' title='bbox 502 1622 551 1646; x_wconf 92' lang='lat' dir='ltr'><strong>est</strong></span> <span class='ocrx_word' id='word_1_118' title='bbox 581 1614 684 1648; x_wconf 88' lang='lat' dir='ltr'><strong>Lesbi</strong></span> <span class='ocrx_word' id='word_1_119' title='bbox 716 1615 836 1650; x_wconf 83' lang='lat' dir='ltr'><strong>insulae</strong></span> <span class='ocrx_word' id='word_1_120' title='bbox 850 1642 860 1658; x_wconf 88' lang='lat'><em>‚</em></span> <span class='ocrx_word' id='word_1_121' title='bbox 896 1616 990 1651; x_wconf 88' lang='lat' dir='ltr'><strong>unde</strong></span> <span class='ocrx_word' id='word_1_122' title='bbox 1028 1617 1173 1651; x_wconf 81' lang='lat' dir='ltr'><strong>formosi</strong></span> 
     </span>
     <span class='ocr_line' id='line_1_25' title="bbox 502 1667 1171 1710; baseline 0.007 -12"><span class='ocrx_word' id='word_1_123' title='bbox 502 1667 599 1710; x_wconf 82' lang='lat' dir='ltr'><strong>pueri</strong></span> <span class='ocrx_word' id='word_1_124' title='bbox 616 1669 893 1703; x_wconf 84' lang='lat' dir='ltr'><strong>accersebantur.</strong></span> <span class='ocrx_word' id='word_1_125' title='bbox 911 1669 1045 1704; x_wconf 84' lang='lat' dir='ltr'><strong>Graecia</strong></span> <span class='ocrx_word' id='word_1_126' title='bbox 1059 1678 1171 1704; x_wconf 81' lang='lat' dir='ltr'><strong>autem</strong></span> 
     </span>
     <span class='ocr_line' id='line_1_26' title="bbox 502 1720 1174 1767; baseline 0.007 -16"><span class='ocrx_word' id='word_1_127' title='bbox 502 1720 738 1765; x_wconf 85' lang='lat' dir='ltr'><strong>nequitiarum</strong></span> <span class='ocrx_word' id='word_1_128' title='bbox 758 1722 908 1756; x_wconf 82' lang='lat' dir='ltr'><strong>officina.</strong></span> <span class='ocrx_word' id='word_1_129' title='bbox 924 1745 975 1750; x_wconf 88' lang='lat'><strong>--</strong></span> <span class='ocrx_word' id='word_1_130' title='bbox 990 1724 1174 1767; x_wconf 67' lang='lat' dir='ltr'><strong>Mangonis,</strong></span> 
     </span>
    </p>
   </div>
   <div class='ocr_carea' id='block_1_5' title="bbox 1232 878 1911 1768">
    <p class='ocr_par' dir='ltr' id='par_1_8' title="bbox 1236 878 1909 1083">
     <span class='ocr_line' id='line_1_27' title="bbox 1237 878 1909 925; baseline 0 -13"><span class='ocrx_word' id='word_1_131' title='bbox 1237 880 1428 925; x_wconf 85' lang='lat' dir='ltr'><strong>Mangones</strong></span> <span class='ocrx_word' id='word_1_132' title='bbox 1446 879 1632 912; x_wconf 88' lang='lat' dir='ltr'><strong>hominum</strong></span> <span class='ocrx_word' id='word_1_133' title='bbox 1653 890 1760 924; x_wconf 88' lang='lat' dir='ltr'><strong>genus</strong></span> <span class='ocrx_word' id='word_1_134' title='bbox 1777 878 1909 924; x_wconf 89' lang='lat' dir='ltr'><strong>impro-</strong></span> 
     </span>
     <span class='ocr_line' id='line_1_28' title="bbox 1236 928 1907 978; baseline -0.001 -13"><span class='ocrx_word' id='word_1_135' title='bbox 1236 932 1416 966; x_wconf 87' lang='lat' dir='ltr'><strong>bissimum</strong></span> <span class='ocrx_word' id='word_1_136' title='bbox 1427 956 1435 969; x_wconf 94' lang='lat'>‚</span> <span class='ocrx_word' id='word_1_137' title='bbox 1457 931 1517 977; x_wconf 90' lang='lat' dir='ltr'><strong>qui</strong></span> <span class='ocrx_word' id='word_1_138' title='bbox 1532 943 1659 978; x_wconf 90' lang='lat' dir='ltr'><strong>pueros</strong></span> <span class='ocrx_word' id='word_1_139' title='bbox 1679 928 1884 965; x_wconf 85' lang='lat' dir='ltr'><strong>exsecabant</strong></span> <span class='ocrx_word' id='word_1_140' title='bbox 1898 957 1907 971; x_wconf 95' lang='lat'>,</span> 
     </span>
     <span class='ocr_line' id='line_1_29' title="bbox 1237 983 1907 1030; baseline -0.003 -12"><span class='ocrx_word' id='word_1_141' title='bbox 1237 993 1270 1018; x_wconf 87' lang='lat' dir='ltr'><strong>et</strong></span> <span class='ocrx_word' id='word_1_142' title='bbox 1287 985 1492 1030; x_wconf 78' lang='lat' dir='ltr'><strong>frangebant</strong></span> <span class='ocrx_word' id='word_1_143' title='bbox 1509 984 1544 1017; x_wconf 90' lang='lat' dir='ltr'><strong>in</strong></span> <span class='ocrx_word' id='word_1_144' title='bbox 1565 985 1752 1018; x_wconf 88' lang='lat' dir='ltr'><strong>Venerem.</strong></span> <span class='ocrx_word' id='word_1_145' title='bbox 1772 983 1849 1017; x_wconf 88' lang='lat' dir='ltr'><strong>Lib.</strong></span> <span class='ocrx_word' id='word_1_146' title='bbox 1869 984 1907 1024; x_wconf 94' lang='lat' dir='ltr'><strong>I,</strong></span> 
     </span>
     <span class='ocr_line' id='line_1_30' title="bbox 1237 1037 1564 1083; baseline -0.006 -12"><span class='ocrx_word' id='word_1_147' title='bbox 1237 1037 1346 1083; x_wconf 83' lang='lat' dir='ltr'><strong>epigr.</strong></span> <span class='ocrx_word' id='word_1_148' title='bbox 1366 1049 1444 1076; x_wconf 88' lang='lat' dir='ltr'><strong>1.1x,</strong></span> <span class='ocrx_word' id='word_1_149' title='bbox 1464 1049 1512 1070; x_wconf 90' lang='lat' dir='ltr'><strong>vs.</strong></span> <span class='ocrx_word' id='word_1_150' title='bbox 1535 1049 1564 1070; x_wconf 94' lang='lat'><strong>1.</strong></span> 
     </span>
    </p>

    <p class='ocr_par' dir='ltr' id='par_1_9' title="bbox 1234 1088 1911 1453">
     <span class='ocr_line' id='line_1_31' title="bbox 1292 1088 1906 1124; baseline -0.002 -1"><span class='ocrx_word' id='word_1_151' title='bbox 1292 1102 1349 1124; x_wconf 85' lang='lat'><strong>10.</strong></span> <span class='ocrx_word' id='word_1_152' title='bbox 1365 1090 1470 1122; x_wconf 83' lang='lat' dir='ltr'><strong>Matre</strong></span> <span class='ocrx_word' id='word_1_153' title='bbox 1500 1088 1628 1122; x_wconf 77' lang='lat' dir='ltr'><strong>vidente</strong></span> <span class='ocrx_word' id='word_1_154' title='bbox 1659 1089 1776 1122; x_wconf 75' lang='lat' dir='ltr'><strong>Lacon.</strong></span> <span class='ocrx_word' id='word_1_155' title='bbox 1806 1088 1827 1121; x_wconf 91' lang='lat' dir='ltr'>J</span> <span class='ocrx_word' id='word_1_156' title='bbox 1831 1096 1906 1122; x_wconf 89' lang='lat' dir='ltr'><strong>unt.</strong></span> 
     </span>
     <span class='ocr_line' id='line_1_32' title="bbox 1235 1141 1909 1187; baseline -0.001 -12"><span class='ocrx_word' id='word_1_157' title='bbox 1235 1149 1352 1176; x_wconf 90' lang='lat' dir='ltr'><strong>nostra</strong></span> <span class='ocrx_word' id='word_1_158' title='bbox 1375 1142 1411 1175; x_wconf 90' lang='lat' dir='ltr'><strong>in</strong></span> <span class='ocrx_word' id='word_1_159' title='bbox 1430 1141 1599 1187; x_wconf 83' lang='lat' dir='ltr'><strong>margine.</strong></span> <span class='ocrx_word' id='word_1_160' title='bbox 1613 1163 1663 1168; x_wconf 92' lang='lat'><strong>—</strong></span> <span class='ocrx_word' id='word_1_161' title='bbox 1685 1141 1750 1174; x_wconf 84' lang='lat' dir='ltr'><strong>Vel</strong></span> <span class='ocrx_word' id='word_1_162' title='bbox 1767 1154 1829 1174; x_wconf 83' lang='lat' dir='ltr'><strong>non</strong></span> <span class='ocrx_word' id='word_1_163' title='bbox 1847 1154 1909 1174; x_wconf 65' lang='lat' dir='ltr'><strong>caf-</strong></span> 
     </span>
     <span class='ocr_line' id='line_1_33' title="bbox 1235 1193 1911 1240; baseline -0.001 -12"><span class='ocrx_word' id='word_1_164' title='bbox 1235 1207 1297 1228; x_wconf 83' lang='lat' dir='ltr'><strong>sus.</strong></span> <span class='ocrx_word' id='word_1_165' title='bbox 1318 1193 1373 1228; x_wconf 89' lang='lat' dir='ltr'><strong>Ad</strong></span> <span class='ocrx_word' id='word_1_166' title='bbox 1394 1207 1489 1228; x_wconf 88' lang='lat' dir='ltr'><strong>aram</strong></span> <span class='ocrx_word' id='word_1_167' title='bbox 1507 1194 1626 1227; x_wconf 85' lang='lat' dir='ltr'><strong>Dianae</strong></span> <span class='ocrx_word' id='word_1_168' title='bbox 1641 1206 1769 1240; x_wconf 84' lang='lat' dir='ltr'><strong>pueros</strong></span> <span class='ocrx_word' id='word_1_169' title='bbox 1790 1194 1911 1228; x_wconf 83' lang='lat' dir='ltr'><strong>verbe-</strong></span> 
     </span>
     <span class='ocr_line' id='line_1_34' title="bbox 1234 1246 1909 1282; baseline -0.001 -1"><span class='ocrx_word' id='word_1_170' title='bbox 1234 1248 1332 1282; x_wconf 89' lang='lat' dir='ltr'><strong>ribus</strong></span> <span class='ocrx_word' id='word_1_171' title='bbox 1354 1246 1484 1281; x_wconf 84' lang='lat' dir='ltr'><strong>caedere</strong></span> <span class='ocrx_word' id='word_1_172' title='bbox 1512 1247 1669 1281; x_wconf 86' lang='lat' dir='ltr'><strong>solebant</strong></span> <span class='ocrx_word' id='word_1_173' title='bbox 1688 1246 1909 1281; x_wconf 84' lang='lat' dir='ltr'><strong>Lacedaemo-</strong></span> 
     </span>
     <span class='ocr_line' id='line_1_35' title="bbox 1235 1299 1910 1343; baseline -0.003 -9"><span class='ocrx_word' id='word_1_174' title='bbox 1235 1300 1308 1343; x_wconf 92' lang='lat' dir='ltr'><strong>nii,</strong></span> <span class='ocrx_word' id='word_1_175' title='bbox 1350 1309 1390 1334; x_wconf 87' lang='lat' dir='ltr'><strong>ut</strong></span> <span class='ocrx_word' id='word_1_176' title='bbox 1425 1299 1578 1334; x_wconf 86' lang='lat' dir='ltr'><strong>ferendis</strong></span> <span class='ocrx_word' id='word_1_177' title='bbox 1613 1300 1794 1333; x_wconf 88' lang='lat' dir='ltr'><strong>laboribus</strong></span> <span class='ocrx_word' id='word_1_178' title='bbox 1833 1299 1910 1332; x_wconf 75' lang='lat' dir='ltr'><strong>illos</strong></span> 
     </span>
     <span class='ocr_line' id='line_1_36' title="bbox 1235 1351 1910 1388; baseline -0.001 -2"><span class='ocrx_word' id='word_1_179' title='bbox 1235 1354 1497 1388; x_wconf 85' lang='lat' dir='ltr'><strong>assuefacerent.</strong></span> <span class='ocrx_word' id='word_1_180' title='bbox 1517 1351 1600 1386; x_wconf 87' lang='lat' dir='ltr'><strong>Vid.</strong></span> <span class='ocrx_word' id='word_1_181' title='bbox 1631 1352 1840 1386; x_wconf 87' lang='lat' dir='ltr'><strong>Plutarchus</strong></span> <span class='ocrx_word' id='word_1_182' title='bbox 1873 1351 1910 1385; x_wconf 90' lang='lat' dir='ltr'><strong>in</strong></span> 
     </span>
     <span class='ocr_line' id='line_1_37' title="bbox 1234 1406 1488 1453; baseline 0.004 -14"><span class='ocrx_word' id='word_1_183' title='bbox 1234 1406 1385 1453; x_wconf 68' lang='lat' dir='ltr'><strong>Lycurgi</strong></span> <span class='ocrx_word' id='word_1_184' title='bbox 1408 1406 1488 1440; x_wconf 88' lang='lat' dir='ltr'><strong>vita.</strong></span> 
     </span>
    </p>

    <p class='ocr_par' dir='ltr' id='par_1_10' title="bbox 1233 1457 1910 1609">
     <span class='ocr_line' id='line_1_38' title="bbox 1292 1457 1909 1504; baseline -0.002 -12"><span class='ocrx_word' id='word_1_185' title='bbox 1292 1471 1305 1492; x_wconf 96' lang='lat'>1</span> <span class='ocrx_word' id='word_1_186' title='bbox 1318 1471 1349 1493; x_wconf 91' lang='lat'><strong>1.</strong></span> <span class='ocrx_word' id='word_1_187' title='bbox 1390 1459 1522 1504; x_wconf 76' lang='lat' dir='ltr'><strong>Captiva</strong></span> <span class='ocrx_word' id='word_1_188' title='bbox 1557 1459 1649 1492; x_wconf 79' lang='lat' dir='ltr'><strong>Istro.</strong></span> <span class='ocrx_word' id='word_1_189' title='bbox 1683 1457 1760 1492; x_wconf 91' lang='lat' dir='ltr'><strong>Hoc</strong></span> <span class='ocrx_word' id='word_1_190' title='bbox 1791 1466 1860 1498; x_wconf 87' lang='lat' dir='ltr'><strong>est,</strong></span> <span class='ocrx_word' id='word_1_191' title='bbox 1891 1470 1909 1491; x_wconf 91' lang='lat' dir='ltr'><strong>a</strong></span> 
     </span>
     <span class='ocr_line' id='line_1_39' title="bbox 1234 1508 1910 1557; baseline -0.003 -12"><span class='ocrx_word' id='word_1_192' title='bbox 1234 1512 1339 1545; x_wconf 85' lang='lat' dir='ltr'><strong>Dacia</strong></span> <span class='ocrx_word' id='word_1_193' title='bbox 1350 1509 1474 1557; x_wconf 90' lang='lat' dir='ltr'><strong>(quam</strong></span> <span class='ocrx_word' id='word_1_194' title='bbox 1494 1511 1642 1557; x_wconf 84' lang='lat' dir='ltr'><strong>praefluit</strong></span> <span class='ocrx_word' id='word_1_195' title='bbox 1659 1508 1760 1551; x_wconf 85' lang='lat' dir='ltr'><strong>Ister)</strong></span> <span class='ocrx_word' id='word_1_196' title='bbox 1775 1509 1910 1544; x_wconf 84' lang='lat' dir='ltr'><strong>devicta</strong></span> 
     </span>
     <span class='ocr_line' id='line_1_40' title="bbox 1233 1563 1908 1609; baseline -0.004 -11"><span class='ocrx_word' id='word_1_197' title='bbox 1233 1564 1386 1598; x_wconf 88' lang='lat' dir='ltr'><strong>famulus</strong></span> <span class='ocrx_word' id='word_1_198' title='bbox 1396 1565 1554 1598; x_wconf 81' lang='lat' dir='ltr'><strong>mittetur</strong></span> <span class='ocrx_word' id='word_1_199' title='bbox 1566 1563 1608 1598; x_wconf 88' lang='lat' dir='ltr'><strong>ad</strong></span> <span class='ocrx_word' id='word_1_200' title='bbox 1617 1563 1804 1609; x_wconf 85' lang='lat' dir='ltr'><strong>pascendas</strong></span> <span class='ocrx_word' id='word_1_201' title='bbox 1817 1575 1908 1596; x_wconf 87' lang='lat' dir='ltr'><strong>oves.</strong></span> 
     </span>
    </p>

    <p class='ocr_par' dir='ltr' id='par_1_11' title="bbox 1232 1616 1911 1768">
     <span class='ocr_line' id='line_1_41' title="bbox 1290 1616 1911 1661; baseline -0.005 -10"><span class='ocrx_word' id='word_1_202' title='bbox 1290 1630 1347 1651; x_wconf 79' lang='lat'><strong>12.</strong></span> <span class='ocrx_word' id='word_1_203' title='bbox 1371 1618 1438 1661; x_wconf 81' lang='lat' dir='ltr'><strong>Oui</strong></span> <span class='ocrx_word' id='word_1_204' title='bbox 1455 1617 1759 1650; x_wconf 74' lang='lat' dir='ltr'><strong>Tiburtinas...00es.</strong></span> <span class='ocrx_word' id='word_1_205' title='bbox 1777 1616 1911 1649; x_wconf 88' lang='lat' dir='ltr'><strong>Tibure</strong></span> 
     </span>
     <span class='ocr_line' id='line_1_42' title="bbox 1232 1667 1909 1704; baseline -0.001 -2"><span class='ocrx_word' id='word_1_206' title='bbox 1232 1670 1351 1704; x_wconf 81' lang='lat' dir='ltr'><strong>villam</strong></span> <span class='ocrx_word' id='word_1_207' title='bbox 1372 1670 1523 1704; x_wconf 85' lang='lat' dir='ltr'><strong>habehat</strong></span> <span class='ocrx_word' id='word_1_208' title='bbox 1542 1669 1739 1704; x_wconf 87' lang='lat' dir='ltr'><strong>Faustinus.</strong></span> <span class='ocrx_word' id='word_1_209' title='bbox 1759 1667 1827 1703; x_wconf 88' lang='lat' dir='ltr'><strong>Adi</strong></span> <span class='ocrx_word' id='word_1_210' title='bbox 1847 1668 1909 1702; x_wconf 90' lang='lat' dir='ltr'><strong>lib.</strong></span> 
     </span>
     <span class='ocr_line' id='line_1_43' title="bbox 1234 1722 1532 1768; baseline 0.003 -13"><span class='ocrx_word' id='word_1_211' title='bbox 1234 1724 1298 1765; x_wconf 83' lang='lat' dir='ltr'><strong>IV,</strong></span> <span class='ocrx_word' id='word_1_212' title='bbox 1316 1722 1424 1768; x_wconf 83' lang='lat' dir='ltr'><strong>epigr.</strong></span> <span class='ocrx_word' id='word_1_213' title='bbox 1444 1735 1532 1757; x_wconf 78' lang='lat' dir='ltr'><strong>Lvn.</strong></span> 
     </span>
    </p>
   </div>
   <div class='ocr_carea' id='block_1_6' title="bbox 1059 1867 1352 1923">
    <p class='ocr_par' dir='ltr' id='par_1_12' title="bbox 1059 1867 1352 1923">
     <span class='ocr_line' id='line_1_44' title="bbox 1059 1867 1352 1923; baseline 0.003 -1"><span class='ocrx_word' id='word_1_214' title='bbox 1059 1867 1352 1923; x_wconf 89' lang='lat' dir='ltr'><strong>LXXXI.</strong></span> 
     </span>
    </p>
   </div>
   <div class='ocr_carea' id='block_1_7' title="bbox 1023 2002 1393 2051">
    <p class='ocr_par' dir='ltr' id='par_1_13' title="bbox 1023 2002 1393 2051">
     <span class='ocr_line' id='line_1_45' title="bbox 1023 2002 1393 2051; baseline 0 -2"><span class='ocrx_word' id='word_1_215' title='bbox 1023 2023 1088 2050; x_wconf 72' lang='lat' dir='ltr'><strong>Al)</strong></span> <span class='ocrx_word' id='word_1_216' title='bbox 1127 2002 1393 2051; x_wconf 62' lang='lat' dir='ltr'><strong>LAUSUM.*</strong></span> 
     </span>
    </p>
   </div>
   <div class='ocr_carea' id='block_1_8' title="bbox 575 2140 1804 2266">
    <p class='ocr_par' dir='ltr' id='par_1_14' title="bbox 575 2140 1804 2266">
     <span class='ocr_line' id='line_1_46' title="bbox 575 2140 1716 2202; baseline 0 -19"><span class='ocrx_word' id='word_1_217' title='bbox 575 2141 806 2185; x_wconf 69' lang='lat' dir='ltr'><strong>Tnmmn</strong></span> <span class='ocrx_word' id='word_1_218' title='bbox 840 2150 932 2184; x_wconf 83' lang='lat' dir='ltr'><strong>toto</strong></span> <span class='ocrx_word' id='word_1_219' title='bbox 960 2140 1074 2184; x_wconf 87' lang='lat' dir='ltr'><strong>mala</strong></span> <span class='ocrx_word' id='word_1_220' title='bbox 1103 2151 1205 2185; x_wconf 85' lang='lat' dir='ltr'><strong>sunt</strong></span> <span class='ocrx_word' id='word_1_221' title='bbox 1233 2143 1547 2202; x_wconf 84' lang='lat' dir='ltr'><strong>epigrammata</strong></span> <span class='ocrx_word' id='word_1_222' title='bbox 1578 2140 1716 2184; x_wconf 88' lang='lat' dir='ltr'><strong>libro:</strong></span> 
     </span>
     <span class='ocr_line' id='line_1_47' title="bbox 644 2210 1804 2266; baseline -0.001 -12"><span class='ocrx_word' id='word_1_223' title='bbox 644 2212 687 2255; x_wconf 84' lang='lat' dir='ltr'><strong>Si</strong></span> <span class='ocrx_word' id='word_1_224' title='bbox 719 2210 897 2255; x_wconf 90' lang='lat' dir='ltr'><strong>totidem</strong></span> <span class='ocrx_word' id='word_1_225' title='bbox 929 2211 1044 2255; x_wconf 89' lang='lat' dir='ltr'><strong>bona</strong></span> <span class='ocrx_word' id='word_1_226' title='bbox 1075 2221 1198 2266; x_wconf 86' lang='lat' dir='ltr'><strong>sunt,</strong></span> <span class='ocrx_word' id='word_1_227' title='bbox 1225 2213 1390 2266; x_wconf 86' lang='lat' dir='ltr'><strong>Lause,</strong></span> <span class='ocrx_word' id='word_1_228' title='bbox 1420 2210 1527 2255; x_wconf 89' lang='lat' dir='ltr'><strong>liber</strong></span> <span class='ocrx_word' id='word_1_229' title='bbox 1558 2211 1698 2255; x_wconf 85' lang='lat' dir='ltr'><strong>bonus</strong></span> <span class='ocrx_word' id='word_1_230' title='bbox 1728 2219 1804 2255; x_wconf 88' lang='lat' dir='ltr'><strong>est.</strong></span> 
     </span>
    </p>
   </div>
   <div class='ocr_carea' id='block_1_9' title="bbox 506 2342 1175 2700">
    <p class='ocr_par' dir='ltr' id='par_1_15' title="bbox 508 2342 1175 2445">
     <span class='ocr_line' id='line_1_48' title="bbox 556 2342 1175 2386; baseline 0 -7"><span class='ocrx_word' id='word_1_231' title='bbox 556 2342 570 2355; x_wconf 64' lang='lat'>³</span> <span class='ocrx_word' id='word_1_232' title='bbox 598 2346 662 2379; x_wconf 87' lang='lat' dir='ltr'><strong>Hic</strong></span> <span class='ocrx_word' id='word_1_233' title='bbox 692 2359 762 2379; x_wconf 90' lang='lat' dir='ltr'><strong>uon</strong></span> <span class='ocrx_word' id='word_1_234' title='bbox 800 2346 934 2379; x_wconf 81' lang='lat' dir='ltr'><strong>variant</strong></span> <span class='ocrx_word' id='word_1_235' title='bbox 970 2345 1049 2379; x_wconf 85' lang='lat' dir='ltr'><strong>libri</strong></span> <span class='ocrx_word' id='word_1_236' title='bbox 1067 2371 1077 2386; x_wconf 91' lang='lat'>‚</span> <span class='ocrx_word' id='word_1_237' title='bbox 1118 2354 1175 2379; x_wconf 86' lang='lat' dir='ltr'><strong>aut</strong></span> 
     </span>
     <span class='ocr_line' id='line_1_49' title="bbox 508 2398 1121 2445; baseline 0 -13"><span class='ocrx_word' id='word_1_238' title='bbox 508 2412 609 2433; x_wconf 80' lang='lat' dir='ltr'><strong>manu</strong></span> <span class='ocrx_word' id='word_1_239' title='bbox 633 2399 774 2444; x_wconf 81' lang='lat' dir='ltr'><strong>scripti,</strong></span> <span class='ocrx_word' id='word_1_240' title='bbox 797 2407 854 2432; x_wconf 85' lang='lat' dir='ltr'><strong>aut</strong></span> <span class='ocrx_word' id='word_1_241' title='bbox 875 2398 974 2445; x_wconf 84' lang='lat' dir='ltr'><strong>prelo</strong></span> <span class='ocrx_word' id='word_1_242' title='bbox 993 2399 1121 2432; x_wconf 87' lang='lat' dir='ltr'><strong>excusi.</strong></span> 
     </span>
    </p>

    <p class='ocr_par' dir='ltr' id='par_1_16' title="bbox 506 2453 1175 2700">
     <span class='ocr_line' id='line_1_50' title="bbox 565 2453 1174 2497; baseline -0.002 -11"><span class='ocrx_word' id='word_1_243' title='bbox 565 2466 592 2486; x_wconf 86' lang='lat'><strong>1.</strong></span> <span class='ocrx_word' id='word_1_244' title='bbox 618 2454 773 2497; x_wconf 63' lang='lat' dir='ltr'><strong>Triginta.</strong></span> <span class='ocrx_word' id='word_1_245' title='bbox 789 2453 911 2497; x_wconf 76' lang='lat' dir='ltr'><strong>Carpit</strong></span> <span class='ocrx_word' id='word_1_246' title='bbox 927 2453 1076 2485; x_wconf 81' lang='lat' dir='ltr'><strong>Lausum</strong></span> <span class='ocrx_word' id='word_1_247' title='bbox 1091 2477 1099 2492; x_wconf 88' lang='lat'><strong><em>‚</em></strong></span> <span class='ocrx_word' id='word_1_248' title='bbox 1115 2453 1174 2497; x_wconf 86' lang='lat' dir='ltr'><strong>qui</strong></span> 
     </span>
     <span class='ocr_line' id='line_1_51' title="bbox 506 2505 1174 2550; baseline -0.003 -11"><span class='ocrx_word' id='word_1_249' title='bbox 506 2507 594 2539; x_wconf 82' lang='lat' dir='ltr'><strong>forte</strong></span> <span class='ocrx_word' id='word_1_250' title='bbox 612 2508 645 2539; x_wconf 87' lang='lat' dir='ltr'><strong>in</strong></span> <span class='ocrx_word' id='word_1_251' title='bbox 661 2519 730 2538; x_wconf 86' lang='lat' dir='ltr'><strong>uuo</strong></span> <span class='ocrx_word' id='word_1_252' title='bbox 743 2506 833 2539; x_wconf 84' lang='lat' dir='ltr'><strong>libro</strong></span> <span class='ocrx_word' id='word_1_253' title='bbox 846 2505 984 2550; x_wconf 68' lang='lat' dir='ltr'><strong>triginta</strong></span> <span class='ocrx_word' id='word_1_254' title='bbox 1002 2505 1174 2550; x_wconf 75' lang='lat' dir='ltr'><strong>epigram-</strong></span> 
     </span>
     <span class='ocr_line' id='line_1_52' title="bbox 509 2558 1173 2603; baseline -0.002 -11"><span class='ocrx_word' id='word_1_255' title='bbox 509 2569 596 2592; x_wconf 76' lang='lat' dir='ltr'><strong>mata</strong></span> <span class='ocrx_word' id='word_1_256' title='bbox 618 2560 702 2592; x_wconf 77' lang='lat' dir='ltr'><strong>mala</strong></span> <span class='ocrx_word' id='word_1_257' title='bbox 723 2572 794 2592; x_wconf 76' lang='lat' dir='ltr'><strong>esse</strong></span> <span class='ocrx_word' id='word_1_258' title='bbox 818 2558 985 2603; x_wconf 75' lang='lat' dir='ltr'><strong>judicaret</strong></span> <span class='ocrx_word' id='word_1_259' title='bbox 999 2584 1007 2598; x_wconf 92' lang='lat'>‚</span> <span class='ocrx_word' id='word_1_260' title='bbox 1026 2566 1058 2590; x_wconf 73' lang='lat' dir='ltr'><strong>vt</strong></span> <span class='ocrx_word' id='word_1_261' title='bbox 1079 2558 1173 2591; x_wconf 85' lang='lat' dir='ltr'><strong>illum</strong></span> 
     </span>
     <span class='ocr_line' id='line_1_53' title="bbox 507 2610 1175 2655; baseline 0.003 -13"><span class='ocrx_word' id='word_1_262' title='bbox 507 2612 604 2647; x_wconf 73' lang='lat' dir='ltr'><strong>docet</strong></span> <span class='ocrx_word' id='word_1_263' title='bbox 625 2613 753 2645; x_wconf 83' lang='lat' dir='ltr'><strong>bonum</strong></span> <span class='ocrx_word' id='word_1_264' title='bbox 774 2612 999 2645; x_wconf 77' lang='lat' dir='ltr'><strong>nihilominus</strong></span> <span class='ocrx_word' id='word_1_265' title='bbox 1020 2610 1175 2655; x_wconf 60' lang='lat' dir='ltr'><strong>judican-</strong></span> 
     </span>
     <span class='ocr_line' id='line_1_54' title="bbox 507 2664 1174 2700; baseline -0.001 -2"><span class='ocrx_word' id='word_1_266' title='bbox 507 2665 588 2699; x_wconf 59' lang='lat' dir='ltr'><strong>‘lum</strong></span> <span class='ocrx_word' id='word_1_267' title='bbox 618 2678 688 2698; x_wconf 70' lang='lat' dir='ltr'><strong>esse</strong></span> <span class='ocrx_word' id='word_1_268' title='bbox 714 2666 864 2700; x_wconf 77' lang='lat' dir='ltr'><strong>librum.</strong></span> <span class='ocrx_word' id='word_1_269' title='bbox 894 2664 999 2698; x_wconf 74' lang='lat' dir='ltr'><strong>modo</strong></span> <span class='ocrx_word' id='word_1_270' title='bbox 1031 2665 1174 2698; x_wconf 80' lang='lat' dir='ltr'><strong>totidem</strong></span> 
     </span>
    </p>
   </div>
   <div class='ocr_carea' id='block_1_10' title="bbox 1235 2345 1910 2707">
    <p class='ocr_par' dir='ltr' id='par_1_17' title="bbox 1235 2345 1910 2707">
     <span class='ocr_line' id='line_1_55' title="bbox 1235 2345 1910 2391; baseline 0 -13"><span class='ocrx_word' id='word_1_271' title='bbox 1235 2345 1326 2379; x_wconf 84' lang='lat' dir='ltr'><strong>hona</strong></span> <span class='ocrx_word' id='word_1_272' title='bbox 1362 2346 1594 2391; x_wconf 79' lang='lat' dir='ltr'><strong>reperiantur.</strong></span> <span class='ocrx_word' id='word_1_273' title='bbox 1630 2345 1706 2386; x_wconf 88' lang='lat' dir='ltr'><strong>Qua</strong></span> <span class='ocrx_word' id='word_1_274' title='bbox 1741 2345 1910 2379; x_wconf 76' lang='lat' dir='ltr'><strong>sententia</strong></span> 
     </span>
     <span class='ocr_line' id='line_1_56' title="bbox 1236 2397 1910 2443; baseline -0.001 -12"><span class='ocrx_word' id='word_1_275' title='bbox 1236 2399 1425 2443; x_wconf 84' lang='lat' dir='ltr'><strong>plurimum</strong></span> <span class='ocrx_word' id='word_1_276' title='bbox 1440 2397 1567 2443; x_wconf 83' lang='lat' dir='ltr'><strong>gaudet</strong></span> <span class='ocrx_word' id='word_1_277' title='bbox 1585 2398 1723 2432; x_wconf 86' lang='lat' dir='ltr'><strong>Noster.</strong></span> <span class='ocrx_word' id='word_1_278' title='bbox 1737 2397 1792 2431; x_wconf 84' lang='lat' dir='ltr'><strong>Sic</strong></span> <span class='ocrx_word' id='word_1_279' title='bbox 1805 2398 1864 2431; x_wconf 86' lang='lat' dir='ltr'><strong>lib.</strong></span> <span class='ocrx_word' id='word_1_280' title='bbox 1877 2399 1891 2430; x_wconf 92' lang='lat'>1</span> <span class='ocrx_word' id='word_1_281' title='bbox 1902 2424 1910 2434; x_wconf 82' lang='grc'>,</span> 
     </span>
     <span class='ocr_line' id='line_1_57' title="bbox 1236 2449 1909 2498; baseline -0.004 -13"><span class='ocrx_word' id='word_1_282' title='bbox 1236 2464 1288 2498; x_wconf 80' lang='lat' dir='ltr'><strong>ep.</strong></span> <span class='ocrx_word' id='word_1_283' title='bbox 1306 2464 1378 2485; x_wconf 80' lang='lat' dir='ltr'><strong>xvn</strong></span> <span class='ocrx_word' id='word_1_284' title='bbox 1391 2464 1398 2484; x_wconf 91' lang='grc'><strong>.·</strong></span> <span class='ocrx_word' id='word_1_285' title='bbox 1413 2469 1424 2480; x_wconf 79' lang='lat'><strong>‹-</strong></span> <span class='ocrx_word' id='word_1_286' title='bbox 1435 2452 1520 2485; x_wconf 83' lang='lat' dir='ltr'><strong>Sunt</strong></span> <span class='ocrx_word' id='word_1_287' title='bbox 1533 2453 1622 2484; x_wconf 83' lang='lat' dir='ltr'><strong>bona</strong></span> <span class='ocrx_word' id='word_1_288' title='bbox 1635 2477 1644 2491; x_wconf 90' lang='lat'>‚</span> <span class='ocrx_word' id='word_1_289' title='bbox 1657 2459 1736 2484; x_wconf 80' lang='lat' dir='ltr'><strong>sunt</strong></span> <span class='ocrx_word' id='word_1_290' title='bbox 1752 2449 1909 2495; x_wconf 70' lang='lat' dir='ltr'><strong>qua-dam</strong></span> 
     </span>
     <span class='ocr_line' id='line_1_58' title="bbox 1237 2503 1905 2549; baseline -0.004 -11"><span class='ocrx_word' id='word_1_291' title='bbox 1237 2504 1424 2538; x_wconf 84' lang='lat' dir='ltr'><strong>mediocria</strong></span> <span class='ocrx_word' id='word_1_292' title='bbox 1440 2530 1449 2546; x_wconf 85' lang='lat'>,</span> <span class='ocrx_word' id='word_1_293' title='bbox 1475 2513 1553 2538; x_wconf 86' lang='lat' dir='ltr'><strong>suut</strong></span> <span class='ocrx_word' id='word_1_294' title='bbox 1574 2504 1661 2537; x_wconf 81' lang='lat' dir='ltr'><strong>mala</strong></span> <span class='ocrx_word' id='word_1_295' title='bbox 1685 2504 1801 2549; x_wconf 82' lang='lat' dir='ltr'><strong>plura,</strong></span> <span class='ocrx_word' id='word_1_296' title='bbox 1819 2503 1905 2545; x_wconf 77' lang='lat' dir='ltr'><strong>Quae</strong></span> 
     </span>
     <span class='ocr_line' id='line_1_59' title="bbox 1236 2556 1904 2603; baseline -0.003 -12"><span class='ocrx_word' id='word_1_297' title='bbox 1236 2559 1317 2603; x_wconf 71' lang='lat' dir='ltr'><strong>legis</strong></span> <span class='ocrx_word' id='word_1_298' title='bbox 1334 2558 1389 2591; x_wconf 74' lang='lat' dir='ltr'><strong>hic</strong></span> <span class='ocrx_word' id='word_1_299' title='bbox 1409 2558 1530 2592; x_wconf 71' lang='lat' dir='ltr'><strong>:aliter</strong></span> <span class='ocrx_word' id='word_1_300' title='bbox 1550 2570 1617 2591; x_wconf 89' lang='lat' dir='ltr'><strong>non</strong></span> <span class='ocrx_word' id='word_1_301' title='bbox 1642 2557 1695 2594; x_wconf 73' lang='lat' dir='ltr'><strong>fit,</strong></span> <span class='ocrx_word' id='word_1_302' title='bbox 1717 2556 1840 2598; x_wconf 79' lang='lat' dir='ltr'><strong>Avito,</strong></span> <span class='ocrx_word' id='word_1_303' title='bbox 1861 2556 1904 2589; x_wconf 90' lang='lat' dir='ltr'><strong>li·</strong></span> 
     </span>
     <span class='ocr_line' id='line_1_60' title="bbox 1236 2609 1904 2648; baseline -0.003 -4"><span class='ocrx_word' id='word_1_304' title='bbox 1236 2612 1307 2644; x_wconf 84' lang='lat' dir='ltr'><strong>ber.</strong></span> <span class='ocrx_word' id='word_1_305' title='bbox 1318 2612 1439 2644; x_wconf 62' lang='lat' dir='ltr'><strong>„Prior</strong></span> <span class='ocrx_word' id='word_1_306' title='bbox 1452 2611 1641 2644; x_wconf 72' lang='lat' dir='ltr'><strong>versiculus</strong></span> <span class='ocrx_word' id='word_1_307' title='bbox 1659 2611 1691 2641; x_wconf 89' lang='lat' dir='ltr'><strong>iu</strong></span> <span class='ocrx_word' id='word_1_308' title='bbox 1710 2622 1769 2642; x_wconf 87' lang='lat' dir='ltr'><strong>ore</strong></span> <span class='ocrx_word' id='word_1_309' title='bbox 1784 2609 1904 2648; x_wconf 76' lang='lat' dir='ltr'><strong>Lausi;</strong></span> 
     </span>
     <span class='ocr_line' id='line_1_61' title="bbox 1238 2662 1840 2707; baseline -0.005 -11"><span class='ocrx_word' id='word_1_310' title='bbox 1238 2665 1343 2697; x_wconf 75' lang='lat' dir='ltr'><strong>altero</strong></span> <span class='ocrx_word' id='word_1_311' title='bbox 1369 2673 1460 2697; x_wconf 80' lang='lat' dir='ltr'><strong>vates</strong></span> <span class='ocrx_word' id='word_1_312' title='bbox 1483 2664 1531 2697; x_wconf 83' lang='lat' dir='ltr'><strong>illi</strong></span> <span class='ocrx_word' id='word_1_313' title='bbox 1559 2662 1755 2707; x_wconf 74' lang='lat' dir='ltr'><strong>respondet.</strong></span> <span class='ocrx_word' id='word_1_314' title='bbox 1777 2663 1840 2695; x_wconf 86' lang='lat' dir='ltr'><strong>En.</strong></span> 
     </span>
    </p>
   </div>
  </div>
 </body>
</html>
