1978 3305
429 213 529 281 608

807 215 868 256 M.
902 215 1041 257 VAL.
1081 215 1470 259 MARTIALts

636 300 764 345 Solus
794 317 943 355 coeno,
968 300 1168 358 Fabulle,
1197 319 1286 346 non
1316 302 1510 346 libenter.

638 431 790 472 Δειπνῶ
817 423 866 473 δὴ
897 429 1022 472 ἀέκων
1050 430 1192 490 μόνος,
1221 427 1445 473 Φοίὲουλλε.

481 554 513 590 4.
537 550 641 582 Solus.
670 549 770 583 Idem
801 550 933 583 scilicet
964 550 1104 584 videtur

427 602 577 636 Martiali
597 603 649 636 vel
666 603 779 636 solum
795 604 930 648 epulari
942 604 997 637 vel
1013 604 1105 637 inter

429 663 478 688 tot
498 656 646 701 ignotos.
674 657 719 689 Et
740 656 879 690 merito.
899 657 972 690 Ubi
990 657 1105 695 enim,

425 709 585 754 plurimis
613 707 832 743 adstantibus
858 710 920 755 qui
947 722 983 743 se
1015 710 1105 743 invi-

1164 563 1239 584 cem
1259 563 1380 585 omnes
1400 559 1550 591 norunt,
1568 551 1706 584 nullum
1726 552 1816 585 nosti
1834 578 1841 590 .

1165 605 1370 650 peregrinus
1385 617 1420 637 es
1436 603 1710 650 quodammodo,
1728 617 1841 650 neque

1166 657 1393 691 contubernii
1406 665 1465 690 aut
1479 657 1841 691 convivationisvolu-

1166 718 1298 756 ptatem
1320 710 1427 744 ullam
1447 710 1554 755 capis.

978 848 1300 904 XXXVI.

853 999 918 1025 DE
956 998 1017 1026 CA
1032 998 1084 1026 10
1123 978 1414 1027 PRocuLo.*

496 1111 643 1154 CMUS
669 1110 784 1153 hane
816 1109 959 1153 lucem
991 1126 1163 1171 gemma
1193 1110 1300 1153 mihi
1329 1110 1468 1155 Julius
1494 1111 1590 1155 alba

567 1181 743 1241 Signat,
771 1178 834 1224 io!
869 1182 980 1224 votis
1007 1180 1225 1237 redditus,
1251 1197 1376 1237 ecce,
1401 1184 1520 1226 meis.

495 1253 761 1312 Desperasse
782 1251 930 1311 juvat,
952 1250 1089 1295 veluti
1115 1252 1206 1312 jam
1232 1262 1360 1313 rupta
1389 1269 1589 1297 sororum

566 1321 654 1365 Fila
681 1339 689 1365 :
721 1323 866 1366 minus
896 1322 1112 1383 gaudent,
1134 1323 1208 1383 qui
1233 1324 1417 1367 timuere
1442 1323 1561 1367 nihil.

500 1395 684 1453 Hypne,
705 1393 809 1453 quid
835 1403 1060 1454 exspectas
1089 1392 1242 1454 piger?
1267 1393 1513 1438 immortale
1538 1390 1771 1439 Falernum

566 1463 718 1508 Funde
744 1481 753 1506 ε
783 1481 930 1509 senem
963 1474 1151 1525 poscunt
1181 1463 1283 1509 talia
1313 1475 1415 1509 vota
1447 1465 1619 1510 cadum.

497 1536 803 1591 Quincunces,
827 1545 870 1579 et
896 1552 968 1579 sex
994 1536 1197 1596 cyathos,
1223 1535 1479 1597 bessemque
1503 1537 1728 1591 bibamus,

569 1606 704 1650 Caius
734 1615 782 1649 ut
814 1605 920 1660 flat,
951 1605 1116 1660 Julius,
1146 1616 1189 1650 et
1220 1606 1444 1651 Proculus.

482 1727 496 1741 '¹
517 1731 649 1765 Soteria
675 1732 750 1765 Caii
772 1732 914 1766 Proculi
934 1733 1108 1773 celebrat,

428 1792 555 1831 praeter
576 1797 674 1830 spem
697 1786 776 1819 vitae
796 1786 964 1820 restituti.
989 1785 1109 1831 Suspi-

430 1851 492 1873 cor
513 1838 608 1871 hunc
631 1838 745 1883 ipsum
768 1839 957 1872 Proculum
981 1839 1108 1879 fuisse,

429 1891 473 1925 ad
498 1904 602 1937 quem
635 1900 743 1925 exstat
773 1892 918 1937 epistola
943 1906 984 1925 xv
1003 1892 1108 1925 Plinii

429 1946 492 1979 lib.
507 1945 580 1985 ΙΙΙ,
599 1957 639 1978 ex
659 1957 726 1990 qua
745 1943 848 1978 discis
864 1954 1005 1991 poetam
1024 1945 1108 1979 fuis-

430 2011 476 2032 se.
497 1998 610 2044 Hujus
628 2010 711 2031 vero
730 1999 873 2032 Proculi
892 1999 1108 2032 mentionem

431 2052 513 2086 fecit
528 2052 638 2085 Poeta
655 2051 716 2084 lib.
734 2052 768 2093 I,
785 2052 895 2097 epigr.
915 2065 1011 2086 Lxxr.

490 2117 520 2138 1.
548 2104 680 2140 Gemma
706 2104 793 2138 alba.
821 2105 918 2139 Sicut
944 2106 1034 2139 albus
1059 2106 1109 2137 la-

428 2159 535 2203 pillus.
559 2160 610 2191 De
630 2158 695 2191 hac
719 2158 870 2192 formula
891 2157 1025 2193 dictum
1047 2159 1108 2192 lib.

433 2212 541 2252 VIII,
556 2212 665 2258 epigr.
686 2224 764 2245 x1.v.

491 2278 523 2298 2.
540 2265 706 2305 Redditus,
723 2273 789 2299 etc.
804 2265 1060 2300 convalescens
1077 2274 1112 2300 et

433 2318 612 2352 restitutus
632 2330 673 2351 ex
692 2319 819 2351 morbo
838 2317 1034 2364 desperato.

489 2370 523 2404 3.
548 2373 747 2417 Desperasse.
766 2372 885 2405 Vitam
903 2372 1111 2406 Proculi.—

436 2424 598 2458 Sororum.
631 2425 820 2458 Parcarum
851 2437 998 2471 nempe,
1034 2439 1112 2472 quae

435 2477 597 2511 humanae
625 2477 806 2522 vitae‘fila‚
827 2478 894 2512 illae
914 2487 1019 2520 nent,
1038 2479 1112 2514 haec

435 2539 537 2565 secat.

493 2588 525 2623 fg.
551 2584 657 2617 Mimn-
681 2585 842 2628 gaudem,
871 2594 935 2619 etc.
963 2585 1112 2619 Gnome.

439 2638 464 2669 F.
500 2650 632 2670 summa
668 2638 805 2672 tristitia
840 2651 930 2684 saepc
961 2638 1115 2673 nascitur

1171 1733 1318 1766 maxima
1342 1733 1473 1767 laetitia.
1497 1754 1549 1759 —
1574 1733 1631 1767 Sic
1655 1734 1846 1779 Virgilius,

1170 1784 1309 1819 AEneid.
1331 1786 1393 1820 lib.
1417 1787 1454 1827 Ι,
1477 1790 1543 1820 203
1575 1794 1763 1832 postquam
1785 1800 1846 1821 na-

1169 1838 1362 1884 vigantium
1381 1848 1415 1873 et
1433 1839 1624 1873 errantium
1646 1849 1847 1875 enumerata

1168 1892 1276 1926 mala:
1296 1910 1309 1921 «
1329 1892 1462 1926 Forsan
1481 1901 1515 1926 et
1536 1893 1610 1928 haec
1628 1893 1711 1926 olim
1728 1895 1848 1928 memi-

1167 1946 1258 1979 nisse
1275 1946 1424 1992 juvabit.
1440 1963 1454 1976 »
1469 1947 1537 1980 ED.

1225 2000 1257 2032 5.
1281 2000 1422 2045 Hypne,
1448 2007 1514 2033 etc.
1536 2000 1651 2041 Puer,
1673 2000 1845 2034 minister.

1169 2072 1220 2077 —
1233 2053 1424 2086 Immortale.
1437 2053 1529 2094 Quia
1540 2053 1664 2086 melius
1673 2053 1713 2087 fit
1725 2053 1824 2087 annis
1839 2065 1845 2086 :

1170 2114 1203 2138 et
1218 2118 1288 2151 quo
1304 2106 1474 2139 vetustius
1490 2118 1531 2138 eo
1545 2106 1756 2151 generosius
1768 2107 1846 2140 Lib.

1171 2159 1244 2200 IX,
1266 2158 1377 2204 epigr.
1401 2171 1495 2199 κου’,
1516 2171 1565 2192 vs.
1596 2172 1626 2192 1.

1225 2214 1259 2245 6.
1281 2212 1391 2246 Senem
1405 2220 1548 2257 poscunt.
1575 2213 1624 2245 Ut
1646 2219 1679 2244 et
1699 2212 1759 2245 lib.
1779 2212 1845 2252 IX,

1171 2265 1283 2311 epigr.
1307 2278 1399 2307 xcrv,
1419 2278 1469 2299 vs.
1496 2277 1512 2298 a
1537 2266 1602 2298 loc.
1623 2263 1730 2299 modo
1753 2265 1846 2299 citat.

1227 2331 1261 2363 7.
1281 2319 1492 2362 Quincunces,
1511 2327 1576 2352 etc.
1597 2319 1649 2352 De
1666 2318 1733 2352 11οο
1750 2331 1850 2352 more

1171 2371 1339 2405 ebibendi
1357 2384 1484 2405 nomen
1501 2371 1622 2413 amici,
1637 2370 1717 2405 vide
1734 2372 1796 2404 lib.
1815 2372 1850 2411 l,

1172 2426 1284 2471 epigr.
1307 2437 1429 2466 Lxx11;
1454 2425 1510 2459 hic
1533 2433 1647 2458 antem
1670 2424 1850 2470 quincunx

1172 2477 1359 2525 respondet
1382 2483 1426 2523 τῷ
1447 2478 1545 2512 Caius
1560 2491 1570 2511 .·
1586 2483 1631 2522 τῷ
1650 2478 1774 2518 Julius,
1798 2491 1849 2511 se-

1173 2532 1238 2565 inis
1250 2559 1258 2573 ‚
1279 2531 1312 2565 id
1335 2540 1404 2572 est,
1420 2535 1440 2564 (5
1457 2531 1574 2577 cyathi
1592 2543 1599 2564 :
1615 2536 1660 2577 τῷ
1681 2531 1846 2567 Proculus,

1174 2586 1252 2626 bes,
1276 2584 1310 2618 id
1330 2593 1399 2625 est,
1424 2586 1443 2617 8
1472 2585 1601 2631 cyathi.
1634 2583 1738 2617 Adito
1764 2596 1849 2629 quo-

1174 2651 1242 2684 que
1262 2638 1321 2671 tib.
1345 2639 1384 2679 Ι,
1403 2638 1512 2683 epigr.
1536 2649 1649 2671 xuni
1663 2663 1671 2678 ,
1692 2650 1740 2670 vs.
1762 2651 1793 2669 α.
