1978 3305
400 204 496 260 614

777 213 840 255 M.
868 214 1008 257 VAL.
1047 215 1435 259 MARTIALIS

988 363 1217 419 XLIV.

825 518 894 546 AD
933 518 1110 547 SENEM
1148 518 1349 547 ORBUM.
1364 498 1382 516 ⁴‘

472 637 630 680 Omms
654 651 720 690 es,
749 645 793 680 et
815 634 1008 697 locuples
1023 672 1034 691 ,
1061 645 1104 679 et
1125 637 1261 680 Bruto
1284 635 1461 681 consule
1483 646 1633 692 natus,

540 707 645 750 Esse
675 706 753 750 tibi
780 722 904 750 veras
935 706 1074 751 credis
1104 706 1340 750 amicitias?

470 777 580 820 Sunt
604 794 717 822 verae
739 795 748 820 :
771 777 847 822 sed
871 793 978 838 quas
997 777 1194 837 juvenis,
1216 794 1322 838 quas
1344 794 1511 839 pauper
1534 778 1737 822 habebas.

540 848 628 904 Qui
654 865 794 893 novus
820 858 906 903 est,
929 858 1115 892 mortem
1141 847 1279 909 diligit
1304 847 1374 893 ille
1398 859 1531 893 tuam.

458 966 470 978 ¹
492 968 550 1000 Ad
566 980 666 1000 senem
687 967 794 1001 orbum
812 968 851 1001 de
871 969 978 1000 amicis
993 967 1074 1001 cod.

404 1020 545 1053 Thuan.
558 1042 610 1046 —
622 1021 745 1054 Monet
760 1033 873 1063 senes,
892 1029 931 1054 ut
944 1021 1010 1054 sihi
1024 1032 1076 1053 ca-

1135 968 1168 1000 X
1181 993 1191 1009 ‚
1209 980 1334 1001 xxxnr:
1352 969 1526 1002 «Consule
1544 977 1576 1002 te
1595 969 1704 1002 Bruto
1725 968 1810 1014 quid

1133 1022 1247 1066 juras,
1274 1020 1419 1061 Lesbia,
1455 1022 1597 1055 natam?
1631 1022 1811 1055 Mentiris!

406 1081 506 1106 veant
516 1085 533 1106 a
544 1074 781 1118 captatoribus
791 1082 1076 1108 testamentorum
1136 1081 1215 1107 nata
1230 1086 1283 1116 es,
1300 1073 1441 1110 Lesbia,
1455 1087 1537 1120 rege
1556 1075 1684 1108 Numa.
1700 1092 1713 1104 υ

404 1134 438 1158 et
455 1126 544 1160 fictis
563 1126 693 1160 amicis.

464 1192 493 1212 1.
510 1180 613 1212 Bruto
629 1180 764 1213 consule.
781 1181 858 1213 Hoo
876 1188 926 1213 est
937 1206 946 1222 ,
964 1179 1081 1214 decre·

406 1232 499 1277 pitus
514 1245 547 1265 es
560 1244 567 1265 :
579 1233 707 1266 Brutus
717 1234 843 1266 exactis
855 1233 998 1279 regibus
1010 1233 1083 1278 pri-

405 1296 483 1318 mus
493 1285 612 1318 consul
628 1285 703 1319 fuit.
719 1285 892 1319 Formulae
905 1286 953 1320 sic
963 1287 1081 1320 multae

406 1337 642 1383 hyperbolicae
657 1337 701 1373 de
716 1347 869 1373 extrema
884 1348 1061 1374 senectute
1072 1366 1082 1381 ‚

1195 1130 1228 1167 4.
1249 1127 1385 1159 Mortem
1405 1127 1536 1172 diligit,
1556 1136 1623 1161 etc.
1648 1127 1812 1173 Captator

1139 1188 1190 1213 est
1203 1188 1237 1213 et
1253 1178 1467 1225 haeredipeta
1485 1179 1721 1221 adulatorius,
1737 1181 1814 1214 vul-

1140 1241 1200 1266 tur
1213 1232 1383 1275 assidens,
1402 1233 1462 1279 qui
1478 1242 1627 1267 mortem
1646 1243 1740 1266 tuam
1757 1246 1815 1267 cu·

1140 1286 1212 1331 pit,
1232 1285 1380 1320 cadaver
1401 1295 1594 1332 exspectat;
1614 1295 1650 1320 ut
1674 1287 1789 1319 lib.V1
1806 1312 1812 1321 ,

1141 1339 1250 1385 epigr.
1270 1351 1363 1374 anr
1379 1365 1388 1381 ‚
1406 1352 1455 1373 vs.
1480 1352 1512 1373 2.

1013 1477 1070 1532 X
1086 1477 1207 1533 LV.

886 1630 940 1658 IN
978 1627 1333 1658 CANTHARUM.

478 1739 697 1782 INTRAsri
724 1737 894 1797 quoties
921 1737 1139 1797 inscriptae
1167 1735 1315 1779 limina
1343 1734 1485 1789 eellae,

548 1809 633 1852 Seu
660 1823 768 1868 puer
790 1808 954 1863 arrisit,
977 1808 1067 1851 sive
1093 1805 1237 1868 puella
1262 1806 1363 1861 tihi;

478 1882 725 1923 Contentus
750 1895 838 1922 non
861 1895 907 1922 es
929 1877 1119 1933 foribus,
1137 1877 1322 1939 veloque
1336 1913 1347 1933 ,
1373 1893 1554 1937 seraque
1570 1912 1581 1925 ,

468 2013 496 2033 1.
520 2002 644 2034 Lintea.
660 2000 754 2034 Vide
777 2001 1017 2033 Burmannum
1040 1999 1083 2033 ad

411 2054 553 2087 Petron.
571 2076 622 2080 -—
640 2054 805 2099 Inscriptce
832 2055 952 2086 limina.
972 2048 1083 2097 {Titu-

412 2107 484 2140 lum
511 2107 673 2153 professae
705 2115 740 2141 et
765 2107 927 2140 habentis
954 2119 1083 2139 nomen

412 2160 620 2207 inscriptum
639 2161 751 2206 lupae,
769 2173 847 2206 quae
863 2159 913 2193 ibi
931 2160 1083 2193 mereba-

413 2222 480 2246 tur.
497 2214 578 2248 Juv.
590 2213 736 2255 Sat.VI‚
749 2227 762 2248 1
775 2226 817 2247 22
828 2239 835 2246 .
847 2213 956 2247 Celloe.
971 2212 1086 2246 Gloss.

412 2266 510 2307 cella,
536 2268 667 2313 οἴκημα.
692 2267 919 2301 servulorum
945 2265 1088 2313 proprie

411 2321 649 2365 receptacula,
668 2329 703 2354 et
729 2320 795 2354 illae
820 2328 936 2365 partes
957 2318 1086 2354 aedium

411 2373 662 2414 abstrusiores,
689 2374 749 2407 ubi
786 2373 876 2406 servi
910 2373 1086 2414 habitant,

411 2426 499 2458 cella·
517 2425 694 2461 dicuntur.
715 2425 782 2460 Sed
804 2427 891 2459 cellae
911 2438 1004 2472 saepe
1022 2439 1084 2459 cu-

413 2479 492 2512 bilia
527 2481 773 2521 meretricum,
803 2479 916 2525 φω).εοὶ
937 2482 1082 2524 ἑταιρῶν.

411 2532 520 2565 Erant
549 2546 630 2566 vcro
660 2534 747 2566 cellw
776 2546 847 2566 non
885 2533 956 2579 ipsa
986 2533 1086 2577 lupa-

411 2585 505 2618 naria
521 2612 529 2626 ‚
555 2586 614 2619 sed
641 2587 858 2632 receptacula
881 2587 915 2619 in
942 2587 1084 2631 lupana-

410 2639 524 2679 ribus,
544 2640 578 2672 in
594 2641 720 2685 quibus
736 2650 834 2674 crant
848 2640 964 2686 plures
979 2640 1085 2679 cellae,

1146 2009 1308 2046 tanquam
1327 2000 1505 2041 cubicula,
1528 1999 1588 2033 ubi
1607 2008 1719 2033 scorta
1736 2013 1818 2046 pro-

1142 2054 1290 2087 stabant.
1312 2053 1398 2095 Quae
1415 2061 1450 2086 et
1466 2053 1624 2098 praefixos
1645 2053 1819 2087 habebant

1144 2106 1285 2147 titulos,
1315 2107 1375 2139 ubi
1404 2106 1547 2139 nomina
1572 2106 1819 2147 meretricum,

1146 2171 1222 2206 quae
1245 2168 1280 2193 et
1305 2160 1354 2192 ibi
1378 2159 1626 2201 merebantur,
1654 2159 1820 2205 inscripta

1146 2221 1264 2254 erant;
1286 2212 1333 2246 ita
1349 2221 1388 2246 ut
1403 2224 1470 2258 qua
1487 2224 1634 2258 quaeque
1654 2212 1740 2246 cella
1756 2221 1821 2247 sta-

1147 2274 1217 2307 ret,
1245 2279 1287 2299 ex
1313 2266 1540 2311 inscriptione
1565 2277 1666 2299 nosse
1691 2278 1818 2312 posses.

1146 2319 1380 2361 Juv.Sat.V1‚
1397 2332 1411 2352 1
1423 2318 1523 2352 node
1532 2319 1716 2353 Messalina
1732 2331 1740 2353 :
1755 2319 1821 2352 «Et

1146 2373 1285 2418 nigrum
1308 2372 1398 2405 flavo
1422 2372 1555 2406 crinem
1570 2390 1582 2401 ›-
1596 2398 1605 2413 ‚
1624 2381 1690 2406 etc.
1710 2374 1820 2406 Caete-

1146 2439 1223 2459 rum
1250 2425 1355 2459 nudae
1376 2426 1512 2459 stabant
1537 2425 1754 2467 meretrices,
1784 2434 1818 2458 ut

1144 2491 1199 2513 eas
1222 2478 1391 2525 inspicere
1409 2487 1548 2524 possent
1569 2487 1758 2520 amatores,
1778 2491 1821 2511 ne

1145 2545 1210 2577 qua
1233 2533 1367 2566 occulta
1389 2532 1464 2565 labe
1486 2532 1698 2565 fallerentur.

1201 2586 1233 2619 3.
1259 2587 1277 2617 Ι
1286 2586 1396 2632 'eloquc
1406 2610 1415 2624 ‚
1437 2599 1577 2630 seraque.
1591 2584 1672 2618 Vid.
1693 2593 1726 2618 t’t
1741 2597 1821 2617 con-

1147 2641 1236 2672 serre
1265 2640 1380 2672 lubeat
1411 2639 1470 2671 lib.
1504 2640 1537 2679 1,
1570 2639 1679 2684 epigr.
1709 2649 1819 2676 xxxv,
