2044 3198
314 151 717 233 MVAL.
771 152 1453 236 MARTIALIS

190 361 1579 478 EPIGRAMMATUM

658 607 960 674 LIBER
1010 607 1098 672 V.

841 790 860 812 0

854 929 894 982 Ι.

680 1084 750 1112 An
789 1065 1091 1113 CAESAREM.*

253 1181 397 1258 Hoc
429 1210 530 1263 tibi,
559 1208 758 1253 Palladiae
787 1226 862 1253 seu
895 1208 1078 1253 collibus
1108 1213 1242 1256 uteris
1268 1213 1414 1267 Albae,

233 1348 250 1362 '¹
268 1350 380 1384 Mittit
395 1349 525 1383 librum
541 1347 584 1382 ad
603 1348 856 1390 Domitianum,

180 1411 268 1436 tuuc
282 1415 347 1449 per
365 1402 503 1436 Italiam
520 1409 703 1448 vagantem
718 1427 727 1441 ‚
746 1410 858 1447 rogat-

180 1467 251 1501 que
267 1456 319 1489 uti
331 1463 470 1502 gratum
488 1455 652 1500 accipiat,
670 1467 729 1488 seu
747 1455 855 1488 lectu-

179 1521 263 1548 rus,
294 1521 355 1542 seu
385 1509 608 1554 neglecturus
629 1519 637 1541 ε
661 1506 857 1540 dummodo

182 1561 327 1607 accipiat
356 1561 489 1602 Caesar,
519 1569 622 1606 poeta
654 1573 690 1593 se
724 1560 855 1594 lectum

178 1614 285 1648 fuisse
310 1614 516 1660 simpliciter
537 1612 667 1647 credet.
690 1613 757 1646 El).

238 1680 269 1701 1.
285 1668 367 1701 Haec
381 1667 438 1700 tibi
451 1667 613 1700 Palladiae
622 1665 732 1699 codex
742 1666 858 1699 Thua·

180 1732 287 1761 neus3
316 1723 411 1753 uteris
441 1720 538 1753 Albis
563 1718 674 1752 codex
699 1719 781 1752 Vat.
806 1740 857 1745 —-

181 1774 255 1806 Hoc
265 1773 334 1807 tibi.
347 1773 438 1814 Hoc,
452 1771 628 1818 quidquid
643 1771 680 1804 id
689 1779 740 1805 est
754 1771 855 1813 libri,

179 1826 278 1860 hunc
287 1826 578 1872 qualemcumque
598 1825 728 1858 librum
745 1824 855 1857 mitti-

181 1891 258 1912 mus
275 1880 340 1912 tibi
354 1905 363 1920 ‚
383 1892 405 1912 ο
421 1879 546 1912 Caesar.
560 1897 612 1902 —
626 1877 788 1910 Palladiae
803 1890 857 1909 sea

182 1931 324 1966 collibus.
335 1932 376 1965 In
389 1932 563 1965 honorem
576 1930 744 1963 Minervae
757 1930 858 1974 quin-

182 1985 319 2030 quatria
349 1984 536 2031 quotannis
560 1983 756 2016 celebrabat
784 1984 856 2015 Do-

182 2037 347 2072 mitianus
374 2038 411 2071 in
436 2045 556 2070 monte
581 2036 718 2069 Albano
745 2048 882 2081 prope-

182 2092 327 2124 Romam
337 2117 346 2131 ,
363 2103 468 2137 quem
481 2098 646 2135 tanquam
660 2100 777 2122 arcem
792 2088 859 2121 ele·

181 2152 288 2189 gerat.
306 2144 386 2177 Fuit
405 2144 493 2176 Alba
513 2141 643 2187 duplex
656 2167 665 2183 ‚
679 2141 784 2174 altera
801 2141 857 2173 in-

182 2205 235 2230 ter
255 2197 432 2230 Albanum
454 2203 612 2228 montem
629 2203 663 2228 et
680 2195 794 2228 lacum
816 2206 857 2227 ex

185 2249 287 2281 Dion.
308 2250 420 2283 Halic.
443 2248 662 2288 testimonio,
688 2246 857 2280 duodeci-

185 2314 242 2334 mo
260 2302 303 2334 ab
324 2303 420 2335 Urbe
440 2301 605 2335 milliario
617 2326 626 2341 ‚
645 2300 673 2334 si
689 2298 775 2333 fides
790 2300 859 2332 Eu-

185 2354 300 2399 tropio
315 2353 494 2394 habenda3
508 2352 551 2387 de
571 2353 628 2386 illa
643 2353 703 2386 hic
722 2353 855 2397 agitur:

184 2408 291 2440 altera
311 2407 526 2447 Marsorum,
544 2419 647 2451 quam
664 2415 698 2439 et
723 2405 856 2438 Plinius

186 2468 285 2493 vocat
313 2459 514 2492 Albensium
531 2484 540 2499 ,
569 2457 786 2503 distinguens
813 2459 856 2491 al)

187 2514 275 2545 Alba
293 2513 527 2553 Albanorum3
547 2511 609 2544 sita
628 2520 678 2544 est
693 2510 735 2544 ad
756 2511 856 2544 Fuci·

187 2577 270 2598 num
290 2566 426 2606 lacum,
456 2565 489 2598 in
518 2564 570 2596 via
593 2564 746 2603 Valeria,
768 2563 856 2596 circa

261 2637 323 2679 II.

916 1349 1061 1383 Anienis
1091 1351 1215 1385 fontes.
1238 1352 1316 1386 Lib.
1345 1355 1411 1395 IV,
1437 1355 1548 1401 epigr.
1569 1368 1594 1389 ῐ.

916 1424 968 1429 —
988 1403 1164 1437 Palladioe.
1190 1405 1382 1439 Palladiam
1412 1417 1511 1441 vocat
1534 1422 1596 1455 per

916 1454 1155 1489 adulationem
1181 1483 1189 1495 ,
1225 1458 1328 1503 quod
1374 1461 1597 1495 Domitianus

915 1508 1019 1542 vellet
1035 1509 1186 1543 Palladis
1204 1511 1298 1545 filius
1318 1512 1452 1547 haberi.
1474 1515 1596 1549 Philo-

916 1568 1044 1595 stratus
1060 1586 1068 1598 ‚
1090 1562 1154 1595 lib.
1180 1563 1216 1596 II
1235 1576 1242 1595 :
1268 1580 1282 1593 n
1303 1566 1511 1611 Apollonius
1532 1581 1597 1602 no-

915 1623 1013 1648 verat
1028 1614 1218 1659 quemdam
1234 1617 1338 1651 fuisse
1352 1618 1389 1652 in
1402 1619 1598 1654 custodiam

916 1665 1054 1707 (latum,
1070 1667 1165 1713 quod
1180 1670 1331 1713 publicis
1345 1672 1507 1717 precibus
1523 1686 1597 1707 non

915 1718 1107 1754 addidisset
1118 1722 1359 1756 Domitianum
1373 1749 1382 1765 ‚
1397 1725 1546 1760 Palladis
1560 1726 1600 1759 fi-

914 1772 1017 1806 lium.
1033 1773 1184 1808 Palladis
1200 1775 1295 1808 enim
1313 1777 1427 1810 filium
1444 1791 1481 1812 se
1499 1779 1595 1813 credi

916 1824 1056 1870 dicique
1074 1827 1198 1861 voluit.
1221 1845 1234 1857 n
1257 1829 1377 1870 Quum
1394 1831 1505 1865 Pallas
1522 1833 1593 1865 vir-

914 1891 959 1922 go
979 1887 1222 1924 reputaretur,
1239 1893 1274 1914 se
1296 1882 1441 1927 virginis
1462 1885 1594 1927 filium,

915 1931 1061 1976 Josephi
1076 1933 1216 1966 monitu
1230 1959 1239 1974 ‚
1256 1942 1295 1966 ut
1310 1944 1472 1980 putatur,
1487 1939 1594 1982 jacta-

914 1983 974 2016 bat
985 2009 994 2025 ‚
1010 1984 1106 2028 quod
1122 1998 1230 2030 penes
1243 1986 1355 2020 filium
1373 1989 1516 2034 virginis
1531 1991 1595 2024 sci-

915 2044 968 2069 ret
997 2037 1156 2070 futurum
1190 2047 1362 2074 aeternum
1390 2041 1494 2087 impe]
1506 2043 1592 2077 ium.

916 2089 1009 2122 Hinc
1030 2103 1165 2123 summa
1186 2092 1260 2137 lege
1279 2094 1379 2136 jussit
1398 2095 1530 2140 inquiri
1553 2097 1592 2129 in

915 2142 1058 2187 stirpem
1075 2144 1235 2178 Jessaeam
1250 2159 1259 2185 3
1277 2145 1373 2190 quod
1389 2159 1429 2180 ex
1450 2148 1593 2183 Davidis

915 2195 1022 2240 stirpe
1042 2194 1222 2230 diceretur
1241 2198 1268 2230 is
1293 2199 1489 2243 Imperator
1509 2215 1590 2246 pro-

916 2247 1097 2281 creandus.
1115 2249 1200 2282 Yid.
1228 2250 1369 2284 Cardin.
1390 2253 1564 2288 Baronius
1583 2281 1591 2295 ‚

916 2299 960 2333 ad
972 2302 1013 2333 A.
1027 2301 1066 2334 C.
1086 2303 1152 2345 89;
1169 2303 1301 2336 Domit.
1315 2303 1379 2338 IX.
1390 2306 1507 2340 Rader.
1526 2308 1591 2340 Ra-

917 2352 1023 2385 derus
1042 2362 1140 2386 notat
1165 2367 1183 2387 a
1205 2355 1366 2390 Martiale
1387 2358 1590 2394 blandiente

916 2405 1100 2438 Palladiam
1117 2407 1236 2440 Albam
1255 2410 1389 2450 vocari,
1413 2412 1508 2457 qnod
1526 2415 1590 2445 sci-

917 2466 969 2490 ret
998 2459 1197 2493 Domitiano
1224 2462 1464 2505 gratissimam.
1493 2466 1591 2499 Nihil

913 2511 974 2543 hic
990 2510 1209 2547 adulationis.
1229 2515 1380 2548 Palladia
1398 2518 1485 2549 Alba
1499 2542 1508 2557 ,
1531 2519 1589 2551 ubi

918 2563 985 2597 foci
1003 2564 1166 2607 Palladii,
1191 2567 1359 2601 Minervae
1383 2570 1516 2614 signum
1544 2573 1591 2603 sa-

1368 2656 1379 2682 1
