1978 3305
372 246 959 292 EPIGRAMMATUM
1002 247 1122 288 LlB.
1163 248 1215 288 X.

656 408 932 464 LXXII.

245 563 653 593 ADULATORIUM
692 563 759 591 DE
797 561 1020 591 CAESARE
1058 544 1349 593 ΤῘῖΑΙΑΝΟ.λι

268 692 301 732 F
305 703 482 733 RUSTRA
508 687 726 731 blanditiae
750 686 905 730 venitis
931 686 985 730 ad
1010 703 1079 730 me

267 759 434 803 Attritis
463 755 728 802 miserabiles
755 755 929 800 labellis.

267 830 476 873 Dicturus
508 829 773 883 Dominum,
806 829 1036 888 Deumque
1064 844 1153 871 non
1183 845 1302 872 sum:

266 901 362 943 Jam
393 916 482 943 non
511 908 576 942 est
605 897 725 942 locus
754 898 838 942 hac
865 899 908 941 in
938 897 1046 941 urbe
1073 899 1208 943 vobis.

266 970 333 1013 Ad
359 969 544 1013 Parthos
572 968 726 1030 procul
757 969 815 1012 ite
844 967 1048 1029 pileatos,

264 1042 322 1083 Et
350 1050 522 1101 turpes,
548 1038 843 1099 humilesque,
874 1039 1175 1100 supplicesque

266 1111 486 1154 Pictorum
513 1109 601 1154 sola
630 1109 792 1153 basiate
821 1126 987 1169 regum.

266 1182 367 1224 Non
391 1190 455 1224 est
482 1180 552 1223 hic
585 1182 824 1235 Dominus,
853 1179 926 1223 sed
948 1181 1210 1240 imperator,

266 1250 350 1294 Sed
372 1251 634 1310 justissimus
664 1251 860 1294 omnium
892 1259 1091 1293 senator:

145 1391 160 1406 '¹
183 1391 368 1427 Blanditur
390 1393 557 1437 Trajano,
581 1391 668 1426 dum
690 1393 767 1426 nul-

93 1447 164 1479 lum
193 1445 372 1479 blanditiis
400 1444 494 1491 apud
520 1458 602 1479 eum
626 1445 674 1478 ait
697 1458 768 1480 esse

93 1500 206 1532 locum
217 1511 226 1541 ;
238 1499 341 1532 simul
353 1511 397 1531 ex
408 1498 663 1543 vituperatione
674 1498 768 1543 prio-

93 1552 158 1594 ris,
181 1559 387 1597 praesentem
410 1551 662 1596 Imperatorem
689 1550 766 1584 lau-

92 1604 172 1646 dat,
191 1603 286 1650 quod
304 1613 338 1637 et
350 1603 482 1637 Plinius
499 1605 534 1637 in
553 1604 767 1649 Panegyrico

93 1657 416 1691 fecit.—-Caeterum
428 1665 508 1690 nota
517 1657 667 1703 principi
678 1657 768 1702 opti-

93 1723 150 1743 mo
170 1710 319 1743 maximo
340 1709 456 1742 minus
478 1710 647 1755 placuisse
670 1710 767 1743 calli-

92 1762 152 1797 das
172 1762 315 1809 quidem
329 1788 338 1803 ‚
358 1761 419 1796 sed
437 1762 577 1808 putidas
599 1771 632 1796 et
647 1763 684 1796 in
701 1763 766 1796 im·

92 1825 274 1861 perantem
304 1815 462 1861 quemvis
490 1824 615 1862 sponte
641 1815 766 1865 decu-r-

91 1876 206 1902 rentes
239 1868 467 1902 adulationes.
492 1868 566 1903 Nec
598 1869 768 1913 injustum

92 1933 173 1954 sane
202 1934 267 1954 nec
301 1922 432 1954 mirum
464 1921 584 1955 fuisset
609 1923 655 1961 si,
699 1934 768 1967 quo

93 1973 200 2009 modo
219 1986 238 2007 a
254 1974 391 2008 cunctis
409 1974 479 2007 fere
498 1975 697 2020 pictoribus
714 1987 769 2007 ve-

93 2027 160 2061 tuit
183 2026 380 2060 Alexander
403 2027 554 2072 effigiem
584 2040 679 2060 suam
707 2026 768 2060 de-

94 2080 248 2126 turpari,
260 2079 425 2113 vetuisset
440 2079 555 2114 edicto
576 2080 634 2113 ille
650 2079 769 2114 laudes

94 2145 171 2166 suas
202 2132 325 2166 eodem
358 2145 418 2166 ore
448 2133 525 2166 cani
553 2146 623 2179 quo
648 2134 769 2166 Domi-

95 2185 181 2219 tiani
199 2185 513 2231 tyrannidem.E1).

151 2251 182 2271 2.
203 2238 337 2271 Attritis
362 2239 562 2271 miserabiles.
592 2239 770 2284 Loquitur

95 2290 200 2324 Poeta
229 2289 273 2324 de
297 2291 366 2323 suis
397 2299 431 2324 et
454 2292 691 2324 Romanorum
722 2303 772 2324 as-

94 2343 369 2383 sentationibus,
399 2355 476 2390 quae
504 2344 539 2376 in
574 2356 640 2377 usu
671 2352 771 2377 erant

95 2396 315 2442 temporibus
339 2396 550 2436 Domitiani,
575 2396 634 2441 qui
658 2397 768 2429 Deum

95 2449 261 2494 appellari
288 2462 324 2483 se
347 2449 468 2494 jussit,
497 2449 559 2482 lib.
584 2450 629 2489 V,
657 2449 768 2494 epigr.

96 2514 184 2543 vm,
202 2514 251 2535 vs.
277 2513 314 2543 13
333 2502 428 2547 quasi
451 2502 609 2534 homines
628 2503 769 2535 attrive-

95 2554 165 2588 rint
180 2555 274 2589 labra
283 2580 292 2595 ,
305 2555 359 2588 vel
370 2553 474 2600 pedes
484 2555 558 2600 ejus
568 2554 771 2595 osculando,

96 2607 149 2641 vel
172 2607 236 2653 ipsi
255 2606 390 2640 assidue
412 2606 636 2640 blandiendo.

152 2660 183 2692 3.
216 2661 363 2692 Dicturus
392 2660 561 2698 domiuum,
593 2669 657 2693 etc.
691 2661 766 2693 Non

826 1391 1047 1425 blanditurus
1061 1392 1213 1438 Trajano
1224 1418 1234 1432 ,
1249 1400 1288 1426 ut
1302 1394 1503 1428 Domitiano

827 1444 1016 1490 quondam.

884 1498 916 1531 5.
938 1498 998 1531 Ad
1014 1499 1163 1531 Parthos.
1183 1498 1318 1544 Nempe
1337 1508 1436 1534 natos
1458 1500 1503 1535 ad

826 1551 1028 1584 servitutem
1059 1562 1066 1584 :
1095 1552 1242 1597 pileatos
1273 1552 1357 1586 dicit
1371 1579 1380 1596 ‚
1409 1553 1502 1599 quod

825 1612 952 1649 praeter
972 1605 1366 1646 Romanorumrmorem
1386 1607 1503 1652 pileati

826 1655 1043 1690 incederent.
1058 1656 1210 1698 Quidam
1226 1658 1350 1692 volunt
1366 1658 1503 1693 dletum

827 1721 843 1742 a
863 1708 1098 1743 similitudine
1115 1722 1299 1743 servorum
1311 1737 1319 1752 ‚
1331 1712 1393 1757 qui
1404 1712 1505 1746 liber-

827 1770 933 1795 tatem
955 1762 1074 1807 adepti
1091 1763 1222 1809 pileum
1241 1765 1423 1798 sumebant
1436 1792 1444 1807 ‚
1465 1775 1503 1799 ut

827 1814 988 1848 ostendat
1006 1816 1113 1848 Poeta
1131 1816 1276 1849 Parthos
1294 1830 1365 1851 esse
1381 1818 1503 1851 condi-

829 1868 934 1902 tionis
951 1868 1098 1901 servilis.

881 1934 914 1966 7.
928 1922 1099 1954 Pictorum.
1113 1922 1208 1955 Picta
1221 1930 1314 1955 veste
1328 1935 1386 1955 seu
1397 1924 1504 1957 soccis

827 1974 928 2019 pictis
956 1974 1146 2007 utentium.
1167 1997 1219 2001 —
1246 1975 1333 2008 Sola.
1363 1975 1503 2016 soleas,

827 2027 974 2066 calceos,
987 2039 1115 2061 soccos.
1127 2028 1266 2061 Lucret.
1280 2028 1388 2061 «Avia
1400 2029 1504 2062 Pieri-

827 2078 910 2112 dum
924 2092 1069 2125 peragro
1080 2080 1166 2121 loca,
1177 2081 1305 2114 nullius
1317 2090 1396 2114 ante
1406 2082 1503 2116 Trita

827 2132 915 2165 solo.
934 2150 947 2162 n
972 2134 1059 2165 Item
1086 2134 1156 2178 jam
1178 2133 1317 2175 Noster,
1345 2134 1408 2168 Hb.
1432 2136 1500 2173 IX,

828 2185 936 2230 epigr.
953 2198 1059 2227 Lxxv,
1075 2198 1122 2218 vs.
1145 2199 1176 2218 2.
1195 2186 1276 2219 Haec
1298 2186 1401 2220 etiam
1419 2200 1503 2221 con-

827 2237 977 2271 suetudo
990 2246 1131 2271 notatur
1148 2251 1165 2270 a
1183 2239 1310 2272 Seneca
1326 2240 1386 2273 lib.
1406 2240 1441 2272 II
1460 2240 1504 2274 de

827 2291 948 2324 Benef.
979 2303 1053 2336 cap.
1082 2303 1140 2324 12.
1163 2291 1358 2333 «Quaedam
1387 2305 1502 2326 exem·

828 2343 935 2388 plaria
962 2343 1090 2376 liabent
1103 2369 1111 2384 ‚
1132 2345 1238 2376 Pictos
1251 2358 1368 2386 soccos,
1386 2354 1419 2379 et
1433 2347 1503 2379 for-

828 2405 916 2430 tasse
939 2396 1041 2428 bene.
1069 2395 1173 2429 Unde
1203 2399 1282 2441 picti
1317 2411 1402 2442 reges
1435 2399 1503 2433 hoe

829 2449 920 2481 loco.
943 2448 1005 2481 His
1025 2449 1120 2482 enim
1140 2449 1254 2483 verbis
1275 2450 1392 2484 innuit
1406 2452 1503 2485 Mar·

829 2502 916 2534 tialis
943 2502 1083 2535 serviles
1113 2502 1192 2535 isias
1223 2504 1462 2538 venerationes
1487 2518 1502 2538 a

829 2554 965 2587 Parthis
1000 2554 1042 2587 ad
1078 2556 1253 2589 Romanos
1294 2569 1458 2591 manasse.
1486 2576 1498 2587 n

831 2608 963 2640 Ilm-ald.

885 2663 918 2694 8.
948 2661 1020 2693 Νοη
1047 2669 1092 2693 εν
1118 2661 1178 2693 hic.
1206 2662 1375 2705 Trajanus
1401 2663 1501 2695 nimi-

1237 2731 1327 2776 555²
