1978 3305
491 233 588 278 226

865 234 927 276 M.
955 233 1030 275 VA
1047 234 1094 276 L.
1134 234 1519 280 MARTIALIS

698 320 747 364 ld
779 330 866 364 tota
898 321 1002 364 mihi
1034 322 1227 365 nascitur
1253 322 1458 367 Saburra.

545 467 600 487 12.
627 454 664 486 In
695 461 759 486 tota
785 452 991 486 Beverlandi
1018 453 1092 487 MS.
1120 455 1163 488 Id
1219 455 1297 497 rio,
1328 455 1424 501 quod
1454 464 1567 490 tamen
1598 458 1631 490 in
1653 458 1794 491 Saburra
1823 472 1893 492 non

485 513 551 539 tota
567 507 624 539 tibi
638 504 748 539 codex
761 505 959 540 Pulmanni.
972 528 1022 532 —
1036 507 1079 540 Id
1093 515 1159 539 tota

486 560 570 597 mihi,
589 567 653 592 etc.
673 557 714 592 Id
732 571 794 603 ego
812 571 890 592 emo
909 559 945 592 in
965 559 1042 592 foro
1059 560 1160 594 olito-

1219 516 1313 542 erat:
1342 507 1386 542 de
1414 509 1592 551 Suburra,
1612 509 1690 544 vide
1718 511 1778 544 lib.
1809 513 1891 552 ΧΠ,

1218 560 1326 607 epigr.
1349 573 1491 602 xx1‚vs.
1514 561 1546 595 5.

1041 688 1334 743 XXXII.

972 844 1042 872 Al)
1094 824 1400 874 ATTJCUM.⁴

551 976 723 1020 Amaci:
739 1012 750 1030 ,
782 976 979 1020 facundae
1005 992 1191 1020 renovas
1219 978 1291 1037 qui
1316 977 1492 1020 nomina
1519 976 1682 1036 gentis,

621 1046 713 1090 Nec
736 1046 838 1090 sinis
864 1048 1084 1108 ingentem
1111 1048 1369 1091 conticuisse
1390 1046 1596 1098 domum;

547 1118 608 1159 Te
634 1118 704 1178 pia
727 1118 948 1178 Cecropiae
975 1118 1210 1161 comitatur
1232 1117 1360 1161 turba
1383 1118 1594 1160 Minervae
1609 1151 1619 1169 ‚

619 1189 679 1230 Te
704 1197 869 1231 secreta
893 1189 1014 1248 quies
1032 1224 1044 1240 ,
1070 1197 1112 1231 te
1136 1188 1297 1249 sophos
1319 1189 1460 1232 omnis
1484 1196 1612 1230 amat.

551 1260 604 1301 At
624 1259 808 1319 juvenes
834 1257 938 1302 alios
968 1258 1104 1302 fracta
1136 1258 1239 1302 colit
1264 1274 1368 1302 aure
1391 1259 1617 1320 magister,

617 1330 674 1372 Et
699 1329 812 1390 rapit
835 1330 1073 1373 immeritas
1095 1329 1294 1374 sordidus
1319 1339 1478 1374 unctor
1500 1344 1616 1389 opes.

547 1400 646 1442 Non
672 1398 759 1459 pila
777 1435 788 1454 ‚
812 1416 902 1444 non
931 1399 1067 1454 follis,
1091 1417 1180 1444 non
1205 1410 1247 1444 te
1272 1401 1484 1462 paganica
1509 1399 1691 1442 thermis

529 1547 543 1560 *
575 1547 710 1581 Laudat
741 1547 907 1582 currendi
940 1549 1156 1583 exercitatio-

472 1614 552 1635 nem
574 1601 611 1634 in
633 1601 761 1635 Attico.

532 1667 562 1688 1.
586 1654 750 1688 Facundae
775 1666 915 1688 renovas.
943 1654 1153 1688 Memoriam

473 1720 600 1753 nempe
619 1707 807 1753 Pomponii
829 1707 959 1746 Attici,
981 1709 1080 1754 cujus
1100 1709 1152 1741 vi-

473 1770 543 1796 tam
570 1761 710 1806 scripsit
733 1760 918 1795 Cornelius
942 1761 1083 1806 Nepos,
1109 1760 1152 1795 ad

473 1827 577 1861 quem
613 1813 787 1859 Epistulas
829 1814 967 1859 scripsit
1005 1815 1152 1856 Cicero,

471 1880 548 1914 quae
559 1866 800 1900 inscribuntur
811 1865 855 1899 ad
867 1867 1034 1908 Atticum,
1047 1881 1152 1913 quem

470 1921 628 1954 moribus
647 1928 680 1952 et
696 1918 856 1952 doctrina
873 1920 1078 1954 imitabatur
1094 1921 1150 1954 hic

472 1974 622 2007 Atticus.

529 2039 561 2059 2.
587 2025 656 2059 Nec
676 2028 751 2058 sinis
776 2028 951 2070 ingentem,
983 2034 1047 2059 etc.
1077 2027 1151 2060 Nec

470 2080 623 2125 degener
642 2078 790 2124 pateris,
811 2087 850 2112 ut
871 2079 1079 2113 conticescat
1101 2081 1150 2113 fa-

472 2133 577 2167 miliae
599 2140 666 2165 tuae
687 2139 721 2164 et
741 2139 841 2165 ortus
859 2131 980 2176 gloria.

527 2186 562 2219 3.
585 2185 629 2218 Te
641 2187 708 2229 pia.
726 2184 802 2217 Hoc
819 2193 890 2227 est,
904 2184 1020 2218 Graeei
1037 2184 1150 2230 philo-

471 2238 575 2286 sophi
601 2237 663 2271 tibi
696 2250 833 2283 semper
860 2236 1048 2272 adllaerent.
1078 2238 1150 2271 Cur

471 2293 629 2325 Minerva
647 2290 816 2335 Cecropia
831 2289 981 2332 dicatur,
993 2290 1074 2324 vide
1087 2291 1147 2324 lib.

470 2347 485 2378 1
499 2370 509 2384 ,
531 2344 639 2390 epigr.
661 2356 716 2377 xx..

527 2403 560 2439 4.
581 2398 625 2429 Te
641 2404 766 2429 sacrata
782 2398 865 2441 quies
884 2395 994 2430 codex
1005 2397 1147 2431 Vatica-

471 2463 546 2483 nus.
570 2451 614 2482 Te
628 2450 738 2482 chorus
755 2451 854 2482 omnis
870 2458 956 2482 amal
977 2450 1010 2483 in
1027 2449 1147 2485 codice

471 2502 684 2537 Florentino.
696 2523 749 2529 —
768 2503 812 2535 Te
824 2510 939 2535 secreta
957 2505 1051 2549 quies.
1069 2504 1146 2538 Hoc

472 2565 521 2590 est
539 2581 549 2596 ,
574 2568 644 2588 non
674 2555 744 2600 agis
772 2568 890 2590 causas
907 2582 916 2597 ‚
946 2568 1008 2590 nec
1036 2558 1147 2592 ambis

468 2609 710 2655 magistratus;
728 2607 787 2641 sed
811 2617 966 2643 remotus
987 2622 1005 2642 a
1026 2610 1146 2651 turba,

464 2674 606 2707 operam
622 2659 682 2694 das
696 2661 938 2706 philosophiae.
949 2663 1143 2708 —Sopl105,

1213 1550 1369 1595 sapiens3
1389 1549 1485 1596 quod
1515 1560 1644 1582 nomen
1669 1548 1889 1594 philosophis

1212 1610 1291 1636 aute
1311 1603 1560 1649 Pythagoram.

1268 1656 1300 1689 5.
1324 1656 1445 1689 Fracta
1471 1657 1548 1690 colit
1570 1668 1644 1689 aare
1663 1667 1674 1687 .·
1696 1655 1751 1688 vel
1777 1655 1888 1701 Gym-

1212 1709 1394 1742 nasiorum
1427 1710 1598 1744 exercitor
1628 1708 1712 1741 alios
1742 1710 1887 1754 juvenes

1211 1763 1344 1807 magnis
1373 1763 1586 1796 clamoribus
1615 1761 1770 1796 instituit
1793 1774 1802 1795 ε
1832 1761 1886 1794 vel

1203 1816 1314 1857 fracta
1331 1829 1406 1848 aure
1427 1815 1534 1857 dixit,
1553 1813 1648 1862 quod
1664 1827 1772 1860 quum
1789 1826 1887 1848 exer-

1210 1868 1299 1901 citor
1327 1869 1525 1914 pugilatum
1555 1868 1696 1902 doceret
1720 1869 1886 1913 juvenes,

1211 1933 1335 1955 eorum
1353 1934 1452 1956 aures
1469 1922 1675 1956 verberibus
1691 1919 1888 1954 contunde-

1210 1983 1275 2007 ret.
1288 1975 1389 2021 Virg.
1414 1978 1493 2009 AEn.
1512 1976 1557 2016 V,
1576 1974 1670 2016 435:
1695 1991 1709 2004 ι
1724 1982 1886 2019 erratque

1210 2040 1308 2061 aures
1340 2036 1374 2061 et
1402 2038 1560 2074 tempora
1585 2028 1719 2062 circum
1754 2026 1885 2061 Crebra

1209 2093 1331 2114 manus
1342 2107 1350 2122 ,
1368 2080 1458 2114 duro
1473 2081 1644 2126 crepitant
1659 2080 1723 2113 sub
1742 2080 1886 2113 vulnere

1210 2134 1317 2167 malae.
1333 2133 1449 2167 -Vide
1462 2134 1668 2168 Turnebum
1683 2132 1884 2172 lihXXIV,

1208 2199 1282 2232 cap.
1306 2188 1364 2220 28.

1262 2242 1295 2272 (3.
1332 2240 1380 2272 Et
1410 2242 1494 2284 rapit
1523 2242 1698 2272 innumeras
1724 2238 1881 2272 Turneb.

1208 2291 1368 2326 Adverss.
1384 2293 1520 2333 XXIV,
1537 2305 1554 2325 2
1563 2294 1596 2327 8.
1608 2313 1657 2318 -—-
1669 2293 1767 2334 Rapit
1778 2293 1883 2324 imme-

1208 2348 1297 2378 ritas.
1324 2345 1399 2379 Hoc
1421 2355 1470 2379 est
1484 2371 1493 2385 ‚
1511 2347 1655 2391 juvenes
1677 2344 1803 2390 spoliat
1822 2357 1883 2390 pe-

1207 2399 1308 2432 cnnia
1332 2399 1503 2432 immerita
1522 2397 1683 2444 quidem,
1699 2398 1782 2444 quia
1800 2410 1882 2444 ope-

1207 2464 1280 2485 ram
1301 2451 1369 2485 illis
1386 2465 1458 2485 non
1481 2452 1602 2485 utilem
1621 2449 1804 2497 impendit.

1261 2518 1295 2550 7.
1323 2505 1396 2538 Non
1418 2506 1500 2550 pila.
1528 2504 1662 2550 Nempe
1691 2503 1881 2549 trigonalis.

1207 2559 1258 2591 De
1295 2567 1444 2603 quatuor
1486 2557 1637 2603 pilarum
1675 2557 1881 2602 generibus,

1206 2611 1335 2644 scilicet
1363 2610 1406 2644 de
1435 2610 1616 2656 trigonali,
1649 2610 1750 2650 solli,
1778 2621 1881 2654 paga-

1207 2664 1281 2698 nica
1294 2689 1303 2704 ,
1320 2672 1353 2698 et
1375 2664 1539 2709 hai-pasto
1559 2663 1632 2696 fuse
1650 2661 1802 2696 diximus
1819 2662 1880 2695 lib.
