1978 3305
380 234 489 277 EPI
505 235 967 280 GRAMMATUM
1005 237 1128 280 LIB.
1152 238 1297 280 VIII.

1446 239 1540 302 307

749 386 921 442 XIX.

680 531 748 559 Dr,
786 511 1011 559 nmmum*

275 635 491 679 PAUPER
512 635 650 679 videri
673 636 815 679 Cinna
838 634 959 691 vult3
984 645 1027 680 et
1047 645 1112 680 est
1134 653 1312 698 pauper.

185 755 200 770 ⁶
215 761 257 794 In
277 760 344 794 hoc
363 761 621 807 Epigrammate
640 761 730 794 nihil
752 773 809 794 va-

131 812 224 846 riant
248 813 475 858 exemplaria,
492 814 564 848 sive
585 814 713 859 praelo,
737 814 808 847 sive

131 877 239 900 manu
256 873 383 900 exacta.

187 929 218 950 1.
240 919 380 964 Pauper.
396 918 465 952 Hic
483 918 597 952 Cinna
616 932 712 953 suam
729 919 806 952 ino·

129 970 224 1016 piam
239 979 415 1006 ostentans
430 998 440 1013 ‚
452 972 592 1006 volebat
613 971 727 1006 videri
749 971 804 1005 di-

869 760 1225 804 vitiasdissimulare,
1247 763 1438 809 dupliciter
1459 767 1548 800 scili·

867 822 922 847 cet
931 813 1093 856 mendax,
1107 823 1146 848 ut
1165 815 1396 851 simulationis
1410 817 1550 853 simula-

868 875 951 900 tor:
969 875 1004 900 at
1033 880 1117 901 vero
1142 868 1297 902 ostendit
1326 870 1433 904 Poeta
1458 872 1547 905 nihil

866 931 955 966 opus
991 932 1063 954 esse
1093 921 1316 956 simulatione
1328 948 1338 963 ‚
1360 936 1471 969 quum
1508 937 1547 958 re

865 984 948 1006 vera
966 985 1101 1018 pauper
1119 974 1174 1006 sit.

762 1108 905 1164 XX.

658 1247 730 1275 AD
779 1228 1014 1276 VARUM.'⁵

200 1355 353 1412 QUUM
379 1353 512 1399 facias
538 1370 689 1398 versus
719 1353 837 1398 nulla
862 1371 951 1398 non
977 1354 1073 1399 luce
1099 1354 1316 1413 ducenos,

270 1427 412 1480 Vare,
444 1423 551 1468 nihil
582 1426 740 1469 recitas
772 1442 780 1468 :

173 1556 190 1570 ¹
202 1558 336 1592 Varum
352 1556 539 1603 quemdam
549 1583 558 1599 ‚
576 1566 698 1592 caetera
712 1558 811 1603 igno-

130 1618 226 1653 tum,
256 1609 352 1656 quod
379 1610 544 1644 citissime
569 1618 604 1643 et
624 1623 814 1656 propemo-

129 1662 216 1697 dum
229 1661 484 1707 αὐτοσχεδιαστὶ
498 1663 685 1697 versiculos
696 1664 809 1704 faciat,

128 1715 191 1750 sed
212 1725 247 1750 et
268 1717 356 1750 celet
369 1741 379 1758 ‚
400 1716 511 1762 carpit
529 1728 536 1749 :
560 1717 672 1762 carpit
693 1725 808 1751 autem

128 1767 264 1815 duplici
281 1768 406 1811 modo,
425 1770 541 1815 primo
560 1769 704 1815 quidem
719 1770 809 1803 vitu-

127 1834 255 1868 perans
273 1822 371 1868 quod
390 1830 462 1855 tam
478 1823 569 1855 celer
588 1823 625 1855 in
651 1835 808 1868 pangen-

128 1874 183 1909 dis
195 1901 204 1918 ‚
221 1888 304 1909 mox
324 1874 469 1909 laudans
488 1874 584 1921 quod
602 1883 671 1909 tam
688 1884 808 1909 cautus

129 1927 165 1961 in
183 1927 440 1962 abscondendis
455 1929 635 1962 versiculis
648 1928 807 1970 videtum

813 1441 902 1469 non
934 1427 1072 1486 sapis,
1099 1435 1230 1486 atque
1258 1429 1384 1489 sapis.

871 1557 1083 1592 mordaciori
1103 1571 1183 1592 sane
1201 1560 1314 1605 elogio
1336 1572 1442 1606 quam
1457 1562 1549 1595 vitu-

870 1611 981 1656 perio.
993 1612 1062 1644 En.

930 1676 961 1697 1.
982 1665 1067 1697 Luce
1087 1664 1235 1698 ducentos
1257 1664 1338 1698 edd.
1356 1675 1442 1701 vett.
1467 1669 1550 1700 Luce

871 1717 1006 1750 ducenos
1024 1716 1134 1751 codex
1153 1718 1354 1752 Pulmanni.

925 1782 956 1803 2.
988 1771 1064 1804 Non
1092 1773 1197 1815 sapis,
1228 1779 1321 1818 atque
1347 1775 1432 1817 sapis
1466 1773 1548 1807 Ald.

868 1823 966 1856 Junt.
985 1824 1101 1857 Colin.
1119 1824 1256 1870 Gryph.
1270 1825 1383 1859 Plant.
1401 1826 1544 1859 Junian.

869 1876 978 1922 Lang.
1002 1876 1132 1921 Delph.
1150 1877 1238 1910 aliae.
1252 1878 1329 1910 Non
1342 1880 1440 1924 sapis,
1458 1881 1549 1912 immo

869 1931 972 1974 sapis,
993 1928 1200 1964 Beverlaudi
1221 1930 1299 1964 MS.

744 2065 923 2121 XXI.

172 2219 242 2247 AD
280 2218 779 2259 LUCIFERUM7VEL7
818 2217 872 2246 IN
911 2216 1213 2246 ADVENTUM
1254 2216 1503 2246 CAESARIS.

199 2326 508 2380 Pnosmmzn,
530 2324 664 2368 redde
686 2323 800 2367 diem
824 2341 831 2367 :
855 2322 959 2384 quid
982 2323 1141 2383 gaudia
1164 2332 1313 2366 nostra
1336 2324 1549 2368 moraris?

184 2441 197 2454 ¹
213 2445 273 2479 Ad
286 2446 466 2488 Luca-'ferum
489 2445 527 2478 in
548 2444 628 2478 edd.
649 2453 733 2478 vett.
754 2445 815 2479 Ad
871 2452 1013 2477 noctem
1033 2443 1283 2489 praecipitent:
1304 2451 1438 2477 tantum
1457 2445 1552 2478 enim

130 2500 311 2542 Luciferum
330 2498 368 2531 de
381 2498 508 2532 Coesare
522 2497 599 2531 cod.
610 2498 810 2531 Pulmanni.

873 2509 944 2530 esse
959 2495 1102 2529 videndi
1116 2496 1309 2530 Domitiani
1325 2496 1552 2539 desiderium,

185 2574 237 2578 —
257 2550 379 2584 Pridie
409 2563 514 2597 quam
543 2551 579 2584 in
608 2551 744 2584 Urbem
773 2563 814 2584 ex
873 2558 913 2583 ut
931 2562 1003 2583 nox
1022 2549 1225 2594 longissima
1244 2548 1419 2584 videatur.

134 2604 396 2649 Septemtrione
413 2603 543 2638 rediret
562 2604 685 2642 Caesar,
706 2602 750 2636 ad
769 2603 814 2637 si-

934 2615 945 2636 1
956 2629 963 2635 .
979 2603 1172 2647 phosphore.
1182 2603 1332 2636 Veneris
1348 2603 1463 2643 stella,
1477 2616 1554 2649 quae

135 2656 219 2691 dera
233 2656 427 2691 orationem
445 2657 621 2691 convertit
637 2657 761 2698 Poeta,
777 2665 816 2690 ut
876 2663 955 2689 ante
981 2655 1063 2689 solis
1092 2663 1208 2689 ortum
1237 2656 1379 2690 Lucifer
1399 2650 1557 2699 (Graecis

1367 2726 1378 2742 2

1291 2744 1352 2772 20
