1978 3305
377 199 586 243 EPIGR
603 199 957 242 AMMATUM
995 199 1117 242 LIB.
1157 198 1210 241 X.

1397 194 1490 258 537

166 287 235 331 Sic
261 287 373 330 Lare
398 295 636 347 perpetuo,
659 286 718 330 sic
741 286 869 330 turba
895 286 1073 347 sospite,
1099 283 1214 329 solus
1484 300 1497 322 5

235 355 405 400 Flebilis
427 357 470 400 in
495 366 610 400 terra
633 357 685 401 sit
709 355 814 417 lapis
837 357 915 400 iste
941 365 1029 400 tua.

153 493 186 527 5.
206 492 261 526 Sic
288 494 371 526 Lare
392 501 542 539 perpetuo
557 520 565 532 ,
599 501 664 526 etc.
693 493 769 526 Hoc

98 553 166 588 est,
187 545 293 579 domo
315 554 505 592 perpetua,
523 546 560 578 iu
579 558 647 591 qua
664 545 767 578 nimi-

97 611 176 632 rum
193 599 311 632 nullus
326 599 504 632 moriatur.
521 598 650 632 Sensus
663 610 744 643 ergo
762 609 770 630 ε

99 651 154 685 Sic
191 651 334 685 facienti
370 663 496 697 precor
535 651 599 684 tibi
627 649 770 684 domum

828 505 909 526 cum
938 493 1066 526 familia
1090 492 1326 533 incolumem,
1355 502 1419 525 nec
1435 491 1497 524 ha-

828 546 907 579 beas
927 546 1033 579 alium
1047 545 1249 591 quempiam
1268 557 1286 577 e
1306 544 1372 578 tuis
1390 556 1496 589 quem

831 597 925 632 fleas.
939 598 994 631 Sic
1005 598 1140 639 lib.VI‚
1154 610 1210 643 ep.
1226 609 1341 630 xxv111
1352 622 1362 639 ,
1375 610 1425 630 vs.
1441 609 1452 630 1
1463 609 1496 629 o.

837 651 930 691 «Qui
950 650 1011 684 fles
1030 650 1127 693 talia,
1148 651 1198 683 nil
1218 650 1316 692 fleas,
1339 649 1460 683 viator.
1483 666 1494 677 a

702 800 896 855 LXII.

466 957 534 985 An
573 954 912 985 MAGISTRUM
950 956 1095 984 rum.
1115 935 1133 952 *

242 1072 364 1115 LUDI
389 1071 617 1131 magister,
639 1085 769 1130 parce
797 1068 978 1130 simplici
1000 1069 1137 1114 turbae
1156 1086 1163 1112 :

241 1141 311 1185 Sic
333 1150 376 1184 te
400 1140 646 1202 frequentes
670 1139 847 1184 audiant
872 1138 1078 1200 capillati,

242 1212 299 1254 Et
321 1209 513 1255 delicatae
540 1210 690 1271 diligat
712 1210 872 1254 chorus
896 1227 1054 1255 mensae
1076 1227 1085 1253 τ

240 1282 335 1325 Nec
356 1280 616 1335 calculator,
642 1297 721 1324 nec
745 1281 938 1325 notarius
958 1280 1084 1325 velox

240 1351 409 1411 Majore
432 1352 658 1412 quisquam
681 1351 843 1395 circulo
867 1361 1113 1395 coronetur.

242 1420 362 1466 Albae
385 1424 532 1466 Leone
558 1422 761 1466 flammeo
783 1421 925 1465 calent
947 1421 1064 1466 luces
1081 1457 1092 1473 ‚

241 1493 504 1553 Tostamque
526 1492 699 1537 fervens
721 1492 858 1537 Julius
881 1494 1029 1553 coquit
1051 1508 1246 1536 messem.

158 1617 173 1630 '¹
193 1617 341 1652 AEstivas
362 1619 558 1652 vacationes
577 1619 683 1652 Poeta
700 1632 779 1665 pro-

103 1671 247 1712 clamat,
269 1679 457 1717 monetque
477 1671 552 1704 ludi
577 1671 777 1705 moderato-

103 1737 178 1764 res,
207 1731 248 1757 ut
286 1723 447 1758 desinant
477 1724 607 1758 saevire.
640 1725 730 1757 Nam
761 1737 778 1757 a

103 1776 200 1810 Julio
231 1775 274 1809 ad
302 1777 492 1811 Octobrem
522 1789 630 1822 usque
655 1777 779 1811 scholae

104 1830 284 1864 cessabant
296 1856 304 1870 ,
320 1830 372 1863 uti
388 1839 421 1863 et
436 1830 678 1864 Saturnalibus
690 1857 699 1872 ‚
714 1831 781 1863 Mi-

105 1882 307 1917 nervalibus
319 1909 328 1924 ‚
351 1891 385 1916 et
403 1883 478 1916 aliis
496 1896 558 1929 per
577 1895 707 1917 annum
729 1884 779 1917 fe·

104 1935 178 1969 riis.
197 1936 315 1969 Rader.

161 2000 192 2022 α.
214 1988 380 2034 Capillati.
399 1989 549 2022 Romani
565 1989 659 2022 enim
680 1989 780 2035 pueri

105 2040 247 2086 ingenui
267 2041 402 2074 nobiles
414 2053 532 2074 comas
546 2042 681 2076 alebant
693 2068 703 2084 ‚
721 2041 782 2076 do-

107 2105 172 2127 nec
191 2094 424 2139 pubescerent
446 2107 553 2140 genae.

162 2145 196 2179 3.
228 2146 351 2180 Chorus
377 2147 481 2180 Musae
504 2148 587 2193 legit
614 2148 708 2193 Lips.
745 2160 778 2181 1.

108 2198 207 2245 epist.
228 2199 261 2233 5.
277 2208 396 2245 quaest.
422 2209 456 2234 et
482 2200 626 2246 exponit
653 2212 781 2246 pueros

108 2250 245 2285 deditos
273 2252 398 2286 Musis.
423 2253 478 2286 Sic
509 2253 614 2286 etiam
644 2252 783 2298 legend.

108 2312 225 2338 censet
254 2306 409 2350 Dempst.
431 2326 483 2331 -—-
507 2306 628 2339 Chorus
658 2319 779 2338 merzsoe.

108 2357 186 2390 Hoc
220 2365 294 2398 est,
329 2357 453 2390 ameriS
481 2370 499 2391 a
529 2357 683 2392 delicatis
712 2358 782 2391 tuis

108 2408 288 2456 discipulis
300 2435 310 2451 ‚
326 2410 385 2455 qui
399 2410 529 2444 circum
545 2423 700 2444 mensam
718 2411 780 2444 tibi

109 2461 273 2497 assident.
293 2463 394 2496 Prior
414 2463 518 2496 lectio
546 2463 630 2496 mihi
660 2464 782 2497 melior

110 2514 267 2557 videtur,
301 2524 338 2549 ut
359 2525 540 2562 sequentes
563 2529 679 2550 versus
701 2517 782 2550 satis

111 2566 251 2601 docent.

168 2625 201 2660 ά.
219 2621 286 2654 Nec
315 2622 496 2655 salt-alama
520 2623 589 2664 Qui
618 2622 780 2656 arithme-

837 1620 939 1653 ticam
960 1618 1083 1660 docet;
1105 1618 1264 1651 notarius
1285 1630 1367 1650 vero
1390 1617 1418 1649 is
1437 1625 1508 1657 est,

836 1672 896 1717 qui
911 1672 1002 1705 notis
1015 1671 1226 1717 quibusdam
1243 1670 1390 1704 dicentis
1404 1671 1508 1703 verba

835 1725 988 1758 breviter
1005 1725 1162 1770 excipere
1180 1723 1290 1757 docet.
1311 1723 1390 1756 Lib.
1407 1723 1509 1755 XIV.

837 1777 945 1823 epigr.
975 1789 1097 1810 ccvm.
1122 1776 1165 1810 de
1187 1776 1334 1811 Notario
1357 1789 1363 1808 :
1389 1794 1400 1804 «ι
1419 1777 1507 1809 Cur—

836 1838 915 1863 rant
941 1831 1046 1863 verba
1068 1830 1167 1871 licet,
1197 1842 1320 1862 manus
1339 1836 1390 1862 est
1413 1829 1507 1862 velo-

837 1883 911 1917 cior
938 1881 1210 1916 illis:Nondum
1238 1883 1355 1928 lingua
1384 1894 1482 1914 suum
1500 1907 1508 1921 ‚

837 1934 959 1970 dextra
978 1937 1113 1981 peregit
1132 1948 1234 1982 opus.
1251 1953 1264 1965 »ι
1442 1973 1449 1981 ⁸

893 1992 928 2022 6.
961 1989 1070 2023 Albae.
1098 1989 1180 2022 Dies
1207 1988 1338 2022 scilicet
1359 1987 1455 2032 longi
1477 1995 1510 2020 et

837 2042 909 2075 sole
926 2049 1096 2088 perpetuo
1115 2041 1210 2075 clari.
1228 2041 1510 2074 Raderas.—Vel

838 2095 963 2128 sereni.
983 2095 1103 2128 Horat.
1127 2095 1188 2127 lib.
1211 2095 1245 2131 Ι,
1267 2092 1325 2127 od.
1340 2105 1377 2126 vt
1397 2105 1404 2126 :
1423 2107 1436 2119 «
1450 2092 1508 2125 Al-

837 2149 902 2182 bus
912 2157 951 2182 ut
965 2149 1114 2181 obscuro
1127 2146 1277 2192 detergit
1288 2146 1408 2180 nubila
1426 2145 1510 2178 caelo

838 2201 935 2246 Saepe
948 2201 1072 2233 Notus.
1083 2200 1422 2243 n—LeoneflammeO.
1441 2199 1512 2231 Leo

839 2254 935 2287 stella
950 2262 999 2287 est
1013 2251 1151 2286 Zodiaci
1163 2264 1268 2298 quam
1283 2263 1400 2285 mense
1414 2252 1434 2284 J
1438 2251 1509 2284 ulio

839 2306 890 2339 sol
916 2306 982 2339 init
1004 2331 1013 2347 ‚
1047 2304 1142 2338 unde
1168 2306 1338 2351 flammeus
1368 2303 1508 2338 dicitur.

842 2358 985 2397 Clze'mer,
1001 2358 1101 2403 epist.
1119 2356 1163 2391 de
1178 2357 1379 2392 calumnia:

842 2423 872 2446 Et
885 2422 970 2455 quaml
988 2421 1018 2445 dc
1037 2421 1192 2446 Thera-nidor
1208 2421 1231 2445 la
1245 2420 1364 2455 septis-nie
1378 2421 1485 2454 jouinec

839 2468 906 2493 Sous
918 2468 954 2493 les
968 2468 1025 2492 seux
1036 2469 1070 2492 du
1084 2468 1147 2492 Lion
1163 2467 1294 2492 romenei-a
1308 2467 1406 2491 l'annee

843 2514 926 2549 Vid.
945 2524 980 2549 et
998 2515 1117 2550 Nostri
1133 2516 1193 2549 lib.
1210 2516 1273 2549 IV.
1294 2515 1402 2561 epigr.
1423 2527 1509 2548 Lvn.

843 2582 892 2603 vs.
913 2571 945 2602 5.
963 2577 997 2601 et
1011 2569 1070 2602 lib.
1087 2570 1130 2602 V.
1146 2569 1253 2614 epigr.
1276 2580 1386 2602 Lxxn.
1410 2581 1456 2601 vs.
1479 2582 1509 2601 2.

883 2634 915 2666 7.
924 2622 1037 2667 Coquit
1049 2635 1181 2655 messem.
1191 2622 1342 2655 Maturat
1352 2629 1512 2666 segetem.
