1978 3305
500 246 598 302 438

871 248 933 290 M.
958 248 1098 290 VAL.
1138 248 1531 292 MARTIALIS

565 337 608 379 Si
635 335 712 378 tibi
744 344 848 378 tunc
874 335 942 378 isti
974 333 1118 378 vultus
1147 334 1406 396 habitusque
1435 336 1642 392 fuissent,

633 407 869 448 Cesserunt
895 404 1094 449 manibus
1123 421 1257 466 quum
1287 405 1377 449 fera
1406 416 1601 450 monstra
1631 409 1736 462 tuis;

563 474 768 535 Argolico
794 473 1005 518 famulum
1027 492 1116 519 non
1140 485 1181 519 te
1202 477 1363 529 servire
1385 486 1571 537 tyranno

634 545 852 589 Vidissent
874 555 1046 605 gentes,
1069 562 1268 607 saevaque
1293 563 1427 607 regna
1450 548 1538 608 pati
1558 564 1566 590 :

561 615 645 660 Sed
671 625 717 659 tu
737 616 935 676 jussisses
958 616 1227 676 Eurysthea3
1250 633 1329 661 nec
1356 618 1435 661 tibi
1459 616 1587 661 fallax

630 688 849 730 Portasset
869 687 994 730 Nessi
1014 685 1181 748 perfida
1205 687 1320 730 dona
1345 688 1516 732 Lichas.

563 758 709 801 OEtaei
735 757 826 801 sine
851 756 944 818 lege
971 758 1066 818 rogi
1091 774 1268 801 securus
1291 758 1450 802 adisses

639 829 760 871 Astra
789 829 923 888 patris
953 828 1133 882 summi,
1161 845 1255 889 quae
1285 829 1362 872 tibi
1392 844 1519 889 poena
1548 828 1691 882 declit3

562 897 700 958 Lydia
732 915 811 941 nec
841 898 1028 942 dominae
1060 899 1260 942 traxisses
1290 915 1422 959 pensa
1448 899 1672 960 superbae;

630 969 723 1013 Nec
751 970 882 1029 Styga
907 968 1108 1020 vidisses,
1128 970 1473 1029 Tartareumque
1499 986 1663 1012 canem.

562 1040 692 1083 Nunc
718 1039 795 1082 tibi
820 1042 935 1083 Juno
962 1038 1105 1087 favet,
1130 1055 1247 1082 nunc
1273 1048 1315 1082 te
1339 1049 1410 1083 tua
1434 1039 1571 1100 diligit
1598 1039 1744 1091 Hebe;

632 1112 760 1153 Nunc
791 1119 832 1152 te
854 1111 886 1152 si
916 1108 1060 1154 videat
1081 1109 1287 1170 Nympha
1303 1145 1313 1162 ‚
1336 1110 1528 1154 remittet
1549 1108 1704 1170 Hylan.

542 1250 574 1282 5.
598 1248 753 1292 Argolico
773 1256 919 1295 tyranno,
943 1247 1141 1293 Eurystheo
1154 1273 1163 1287 ‚

490 1302 563 1346 regi
595 1301 805 1346 Argivorum
817 1326 826 1342 ‚
844 1300 906 1345 qui
927 1313 993 1346 ope
1009 1301 1163 1334 Junonis

491 1354 589 1400 prior
599 1354 751 1387 Hercule
768 1362 869 1388 natus
882 1362 955 1387 erat
970 1365 978 1387 :
991 1353 1164 1399 quamob-

489 1420 565 1441 rem
584 1409 638 1452 jus
663 1407 789 1440 habuit
810 1407 846 1440 in
863 1407 1068 1447 Herculem,
1084 1406 1165 1452 ipsi-

489 1473 558 1506 que
584 1460 769 1505 imperavit
784 1486 792 1501 ‚
818 1469 856 1493 ut
878 1460 1092 1494 atrocissima
1115 1468 1166 1493 tot

489 1513 623 1546 subiret
634 1512 802 1559 pericula.
826 1513 906 1546 Haec
922 1513 1065 1547 historia
1085 1513 1164 1545 satis

488 1574 584 1600 nota.

534 1633 569 1664 7.
581 1620 730 1652 Jassisses
739 1620 772 1652 E
774 1620 929 1666 mystlwu.
944 1620 1071 1653 Censet
1080 1619 1167 1652 Gro-

487 1673 613 1706 novius
624 1673 818 1706 Martialem
834 1673 952 1718 potius
970 1672 1165 1717 scripsisse:

488 1726 556 1759 Sed
566 1734 598 1758 ta
604 1728 749 1769 jussisses
762 1726 940 1772 Eurystheo
952 1739 963 1758 .·
979 1725 1166 1759 contractis

490 1778 623 1813 duabus
650 1779 810 1824 syllabis,
834 1787 872 1812 ut
896 1780 1010 1812 solent
1038 1787 1162 1824 poetae.

488 1834 571 1865 Ant.
605 1833 643 1864 de
670 1833 761 1878 Rooy
792 1832 933 1876 conjicit
963 1831 1117 1865 evenisse
1147 1844 1165 1865 a

488 1898 593 1918 manu
610 1884 779 1919 Martialis
790 1886 856 1918 Sed
873 1894 905 1917 tu
925 1887 1043 1917 risisses
1060 1886 1165 1932 Eury—

487 1939 599 1977 .t!lwa;
620 1939 687 1970 hoc
713 1946 784 1978 est,
808 1938 979 1982 Sprevisses
995 1965 1003 1977 ‚
1030 1951 1091 1970 non
1110 1952 1163 1971 cu-

487 2005 599 2024 rasses.
608 1991 788 2024 Exliibent
796 1991 967 2037 Eurysthei
975 1989 1052 2023 Ald.
1064 1991 1162 2023 Junt.

484 2044 600 2079 Coliu.
616 2065 668 2070 -—-
681 2044 746 2077 Sed
761 2051 793 2076 ta
805 2046 951 2088 jussisses
967 2044 1160 2090 Eurysthea.

484 2097 635 2130 Unicum
661 2097 729 2130 hoc
757 2097 956 2142 exemplum
982 2105 1031 2129 est
1064 2097 1162 2129 verbi

481 2150 588 2193 jubere
605 2163 686 2183 cum
707 2150 903 2183 accusativo
917 2162 1074 2196 personae
1090 2162 1160 2182 non

484 2203 644 2249 apposito
675 2203 863 2236 infinitivo.
900 2204 952 2235 An
988 2203 1099 2248 placet
1121 2216 1160 2236 ex

481 2256 691 2302 praecedeuti
710 2269 810 2289 versu
831 2256 1042 2301 intelligere,
1064 2269 1160 2299 regna

477 2314 630 2355 stutiP—
651 2309 845 2349 Audacius,
864 2317 897 2342 et
920 2322 997 2341 meo
1017 2308 1158 2354 quidem

478 2362 613 2407 judicio
637 2363 760 2395 melius
776 2363 863 2395 uiliil
884 2363 1060 2408 supplere.
1079 2363 1143 2395 En.

533 2419 566 2449 8.
588 2417 707 2449 Falsas*
728 2416 853 2448 Lichas.
879 2416 1008 2448 Servus
1031 2428 1158 2461 nempe

482 2470 652 2513 Dejauirae
664 2469 806 2502 nomine
824 2477 952 2501 vestem
969 2469 1064 2501 Nessi
1082 2481 1159 2501 cen-

480 2522 567 2555 tauri
586 2522 726 2554 Herculi
748 2522 917 2567 portavit;
939 2534 1042 2567 quam
1060 2530 1157 2554 wear

473 2575 596 2619 perfida
630 2576 712 2607 dmm
725 2602 731 2612 ,
767 2575 847 2620 quia
881 2588 1016 2608 veneno
1044 2575 1156 2607 imbu-

476 2636 544 2661 tam
577 2629 732 2660 mum-ris
756 2629 830 2660 loco
855 2629 946 2660 illam
987 2628 1156 2672 Deianira·

1223 1248 1413 1293 reliquerat
1434 1248 1644 1282 Centaurus.
1663 1247 1903 1291 Haclindutus

1224 1301 1411 1342 Hercules,
1435 1301 1484 1335 sic
1504 1302 1623 1334 furore
1648 1309 1830 1347 correptus
1852 1310 1902 1335 est

1225 1362 1263 1387 ut
1289 1355 1323 1387 in
1347 1354 1501 1387 flammas
1528 1367 1563 1388 se
1591 1354 1787 1387 immiserit·
1810 1353 1904 1388 Vide
1938 1351 1943 1355 ’

1225 1406 1395 1440 Ovidium
1416 1407 1453 1440 in
1472 1408 1656 1453 Dejanira,
1679 1416 1714 1441 et
1735 1407 1900 1442 Senecam

1226 1460 1263 1492 in
1286 1461 1424 1494 Ilercale
1435 1462 1570 1503 furenti.

1280 1513 1438 1558 9.OEtaei
1458 1515 1524 1546 sine
1544 1515 1611 1558 lege
1632 1515 1715 1557 rogi.
1736 1512 1812 1546 Hoc
1831 1521 1903 1556 est,

1225 1579 1296 1599 non
1322 1567 1523 1600 combustus
1548 1578 1634 1612 rogo
1661 1573 1838 1599 exstructo
1864 1565 1899 1599 in

1226 1619 1318 1654 OEta
1338 1628 1457 1653 monte
1478 1620 1597 1653 caelum
1624 1618 1765 1653 adiisses
1778 1644 1787 1660 ,
1804 1618 1864 1652 sed
1883 1631 1899 1651 a

1226 1680 1338 1706 morte
1360 1672 1528 1707 immunis
1547 1673 1639 1706 iuter
1660 1673 1752 1706 Deos
1773 1672 1901 1706 relatus

1224 1726 1357 1760 fuisses.

1283 1791 1338 1812 11.
1365 1779 1466 1824 Isrdiu
1488 1792 1543 1812 nec
1570 1779 1716 1811 dominae.
1743 1778 1900 1823 Ompha-

1224 1832 1279 1864 len
1310 1833 1463 1876 reginam
1486 1830 1607 1878 Lydiae
1629 1831 1800 1876 intellige,
1823 1844 1900 1877 quae

1224 1884 1411 1917 Herculem
1434 1897 1551 1918 amore
1574 1883 1750 1930 perditum
1776 1882 1820 1916 ad
1842 1884 1898 1917 fila

1225 1936 1429 1971 deducenda
1445 1938 1625 1983 compulit.

1282 2002 1295 2023 1
1308 2005 1340 2024 2.
1365 1992 1431 2024 Nec
1446 1991 1549 2036 Stiga
1565 1991 1709 2025 ‘vidia-ses.
1729 1991 1805 2023 Hoc
1825 1998 1874 2023 est
1888 2016 1897 2031 ‚

1223 2055 1287 2077 nec
1303 2044 1345 2076 ab
1361 2044 1536 2089 Omphale
1553 2045 1670 2089 jussus
1682 2070 1690 2084 ‚
1703 2053 1741 2077 ut
1756 2042 1899 2076 videtur

1223 2096 1394 2129 Martialis
1416 2096 1627 2142 intelligere,
1646 2105 1706 2130 aut
1724 2097 1839 2142 potius
1856 2097 1899 2129 ab

1221 2149 1441 2194 Eurystheo,
1459 2158 1498 2182 nt
1516 2150 1589 2183 aliis
1607 2150 1742 2195 placet,
1761 2148 1898 2184 descen-

1222 2200 1328 2235 disses
1348 2201 1389 2235 ad
1408 2203 1553 2235 Inferos.

1280 2268 1290 2288 1
1304 2254 1334 2287 3.
1358 2255 1458 2288 llehe.
1474 2254 1625 2288 sunonis
1645 2254 1714 2288 filia
1735 2255 1810 2288 sine
1834 2267 1895 2300 pa·-

1222 2316 1292 2348 tre,
1311 2309 1379 2341 Dea
1396 2309 1608 2352 juventutis,
1626 2321 1701 2352 quae
1717 2321 1803 2341 uxor
1818 2306 1896 2341 data

1221 2369 1271 2394 est
1293 2361 1432 2394 Herculi
1451 2362 1486 2394 iu
1508 2361 1628 2394 caelum
1651 2361 1771 2394 relato.

1278 2419 1335 2454 ri.
1357 2415 1448 2447 Nunc
1471 2423 1509 2447 te.
1536 2415 1674 2447 Scilicet
1694 2414 1721 2447 si
1740 2414 1894 2447 referen-

1221 2477 1289 2500 tcm
1310 2468 1498 2501 Domitiani
1529 2468 1679 2512 effigiem
1716 2476 1750 2500 te
1780 2464 1892 2499 videat

1221 2520 1449 2566 Amphidacia
1464 2517 1771 2567 Ny1npha(lib.v,
1787 2519 1892 2565 epigr

1221 2586 1415 2614 x1,v1n‚v5.
1447 2577 1464 2607 5
1482 2568 1515 2611 l,
1541 2586 1618 2620 quae
1649 2582 1746 2606 tuum
1782 2572 1893 2616 Hylan

1219 2627 1352 2673 rapuit,
1376 2628 1472 2660 illum
1491 2625 1623 2660 reddet.
