<?xml version="1.0" encoding="UTF-8"?>
<!DOCTYPE html PUBLIC "-//W3C//DTD XHTML 1.0 Transitional//EN"
    "http://www.w3.org/TR/xhtml1/DTD/xhtml1-transitional.dtd">
<html xmlns="http://www.w3.org/1999/xhtml" xml:lang="en" lang="en">
 <head>
  <title>
</title>
<meta http-equiv="Content-Type" content="text/html;charset=utf-8" />
  <meta name='ocr-system' content='tesseract 3.04.00' />
  <meta name='ocr-capabilities' content='ocr_page ocr_carea ocr_par ocr_line ocrx_word'/>
</head>
<body>
  <div class='ocr_page' id='page_1' title='image "./epigrammata02martuoft/epigrammata02martuoft_0393.png"; bbox 0 0 1978 3305; ppageno 0'>
   <div class='ocr_carea' id='block_1_1' title="bbox 356 239 1233 300">
    <p class='ocr_par' dir='ltr' id='par_1_1' title="bbox 356 239 1233 300">
     <span class='ocr_line' id='line_1_1' title="bbox 356 239 1233 300; baseline -0.005 -16"><span class='ocrx_word' id='word_1_1' title='bbox 356 239 938 284; x_wconf 84' lang='lat' dir='ltr'><strong>EPIGRAMMATUM</strong></span> <span class='ocrx_word' id='word_1_2' title='bbox 981 240 1105 282; x_wconf 88' lang='lat' dir='ltr'>LlB.</span> <span class='ocrx_word' id='word_1_3' title='bbox 1148 239 1233 300; x_wconf 70' lang='lat' dir='ltr'>IX.</span> 
     </span>
    </p>
   </div>
   <div class='ocr_carea' id='block_1_2' title="bbox 1408 236 1506 298">
    <p class='ocr_par' dir='ltr' id='par_1_2' title="bbox 1408 236 1506 298">
     <span class='ocr_line' id='line_1_2' title="bbox 1408 236 1506 298; baseline -0.01 0"><span class='ocrx_word' id='word_1_4' title='bbox 1408 236 1506 298; x_wconf 75' lang='lat'>379</span> 
     </span>
    </p>
   </div>
   <div class='ocr_carea' id='block_1_3' title="bbox 723 391 870 447">
    <p class='ocr_par' dir='ltr' id='par_1_3' title="bbox 723 391 870 447">
     <span class='ocr_line' id='line_1_3' title="bbox 723 391 870 447; baseline 0.02 -4"><span class='ocrx_word' id='word_1_5' title='bbox 723 391 870 447; x_wconf 91' lang='lat' dir='ltr'>VII.</span> 
     </span>
    </p>
   </div>
   <div class='ocr_carea' id='block_1_4' title="bbox 544 545 1060 574">
    <p class='ocr_par' dir='ltr' id='par_1_4' title="bbox 544 545 1060 574">
     <span class='ocr_line' id='line_1_4' title="bbox 544 545 1060 574; baseline -0.006 0"><span class='ocrx_word' id='word_1_6' title='bbox 544 547 615 574; x_wconf 77' lang='lat' dir='ltr'>AD</span> <span class='ocrx_word' id='word_1_7' title='bbox 662 545 1060 574; x_wconf 76' lang='lat' dir='ltr'><strong>DOMITIANUM·</strong></span> 
     </span>
    </p>
   </div>
   <div class='ocr_carea' id='block_1_5' title="bbox 238 667 1395 1292">
    <p class='ocr_par' dir='ltr' id='par_1_5' title="bbox 238 667 1395 1009">
     <span class='ocr_line' id='line_1_5' title="bbox 240 667 1395 727; baseline -0.002 -14"><span class='ocrx_word' id='word_1_8' title='bbox 240 671 367 725; x_wconf 70' lang='lat' dir='ltr'>Tun,</span> <span class='ocrx_word' id='word_1_9' title='bbox 393 685 560 713; x_wconf 88' lang='lat' dir='ltr'>summe</span> <span class='ocrx_word' id='word_1_10' title='bbox 588 668 731 712; x_wconf 84' lang='lat' dir='ltr'>Rheni</span> <span class='ocrx_word' id='word_1_11' title='bbox 761 667 972 722; x_wconf 87' lang='lat' dir='ltr'>domitor,</span> <span class='ocrx_word' id='word_1_12' title='bbox 1000 676 1044 710; x_wconf 83' lang='lat' dir='ltr'>et</span> <span class='ocrx_word' id='word_1_13' title='bbox 1067 683 1223 727; x_wconf 85' lang='lat' dir='ltr'>parens</span> <span class='ocrx_word' id='word_1_14' title='bbox 1251 668 1395 722; x_wconf 79' lang='lat' dir='ltr'>orbis,</span> 
     </span>
     <span class='ocr_line' id='line_1_6' title="bbox 238 737 1182 800; baseline -0.004 -17"><span class='ocrx_word' id='word_1_15' title='bbox 238 739 397 783; x_wconf 86' lang='lat' dir='ltr'>Pudice</span> <span class='ocrx_word' id='word_1_16' title='bbox 422 739 645 800; x_wconf 88' lang='lat' dir='ltr'>princeps,</span> <span class='ocrx_word' id='word_1_17' title='bbox 672 739 831 799; x_wconf 84' lang='lat' dir='ltr'>gratias</span> <span class='ocrx_word' id='word_1_18' title='bbox 860 746 997 798; x_wconf 87' lang='lat' dir='ltr'>agunt</span> <span class='ocrx_word' id='word_1_19' title='bbox 1021 737 1152 781; x_wconf 88' lang='lat' dir='ltr'>urbes</span> <span class='ocrx_word' id='word_1_20' title='bbox 1173 753 1182 779; x_wconf 92' lang='lat'>:</span> 
     </span>
     <span class='ocr_line' id='line_1_7' title="bbox 241 806 1393 870; baseline -0.003 -17"><span class='ocrx_word' id='word_1_21' title='bbox 241 808 430 870; x_wconf 93' lang='lat' dir='ltr'>Populos</span> <span class='ocrx_word' id='word_1_22' title='bbox 455 808 705 863; x_wconf 84' lang='lat' dir='ltr'>habebunt3</span> <span class='ocrx_word' id='word_1_23' title='bbox 733 824 886 869; x_wconf 85' lang='lat' dir='ltr'>parere</span> <span class='ocrx_word' id='word_1_24' title='bbox 910 807 1000 867; x_wconf 86' lang='lat' dir='ltr'>jam</span> <span class='ocrx_word' id='word_1_25' title='bbox 1028 806 1167 851; x_wconf 87' lang='lat' dir='ltr'>scelus</span> <span class='ocrx_word' id='word_1_26' title='bbox 1197 824 1285 851; x_wconf 91' lang='lat' dir='ltr'>non</span> <span class='ocrx_word' id='word_1_27' title='bbox 1317 816 1393 851; x_wconf 84' lang='lat' dir='ltr'>est.</span> 
     </span>
     <span class='ocr_line' id='line_1_8' title="bbox 240 878 1163 940; baseline -0.003 -16"><span class='ocrx_word' id='word_1_28' title='bbox 240 881 341 924; x_wconf 89' lang='lat' dir='ltr'>Non</span> <span class='ocrx_word' id='word_1_29' title='bbox 366 895 476 940; x_wconf 89' lang='lat' dir='ltr'>puer</span> <span class='ocrx_word' id='word_1_30' title='bbox 500 879 618 923; x_wconf 87' lang='lat' dir='ltr'>avari</span> <span class='ocrx_word' id='word_1_31' title='bbox 649 888 792 924; x_wconf 85' lang='lat' dir='ltr'>sectus</span> <span class='ocrx_word' id='word_1_32' title='bbox 817 888 909 923; x_wconf 84' lang='lat' dir='ltr'>arte</span> <span class='ocrx_word' id='word_1_33' title='bbox 935 878 1163 938; x_wconf 87' lang='lat' dir='ltr'>mangonis</span> 
     </span>
     <span class='ocr_line' id='line_1_9' title="bbox 240 948 1047 1009; baseline -0.001 -16"><span class='ocrx_word' id='word_1_34' title='bbox 240 948 468 993; x_wconf 86' lang='lat' dir='ltr'>Virilitatis</span> <span class='ocrx_word' id='word_1_35' title='bbox 496 949 655 993; x_wconf 86' lang='lat' dir='ltr'>damna</span> <span class='ocrx_word' id='word_1_36' title='bbox 680 959 835 993; x_wconf 83' lang='lat' dir='ltr'>moeret</span> <span class='ocrx_word' id='word_1_37' title='bbox 859 957 1047 1009; x_wconf 80' lang='lat' dir='ltr'>ereptae3</span> 
     </span>
    </p>

    <p class='ocr_par' dir='ltr' id='par_1_6' title="bbox 239 1017 1307 1151">
     <span class='ocr_line' id='line_1_10' title="bbox 240 1017 1307 1081; baseline -0.002 -18"><span class='ocrx_word' id='word_1_38' title='bbox 240 1020 333 1063; x_wconf 87' lang='lat' dir='ltr'>Nec</span> <span class='ocrx_word' id='word_1_39' title='bbox 358 1035 488 1080; x_wconf 86' lang='lat' dir='ltr'>quam</span> <span class='ocrx_word' id='word_1_40' title='bbox 514 1019 727 1081; x_wconf 86' lang='lat' dir='ltr'>superbus</span> <span class='ocrx_word' id='word_1_41' title='bbox 753 1028 978 1080; x_wconf 84' lang='lat' dir='ltr'>computet</span> <span class='ocrx_word' id='word_1_42' title='bbox 1003 1019 1156 1079; x_wconf 83' lang='lat' dir='ltr'><strong>stipem</strong></span> <span class='ocrx_word' id='word_1_43' title='bbox 1185 1017 1307 1072; x_wconf 83' lang='lat' dir='ltr'>leno,</span> 
     </span>
     <span class='ocr_line' id='line_1_11' title="bbox 239 1088 1128 1151; baseline -0.002 -18"><span class='ocrx_word' id='word_1_44' title='bbox 239 1091 329 1134; x_wconf 85' lang='lat' dir='ltr'>Dat</span> <span class='ocrx_word' id='word_1_45' title='bbox 355 1091 589 1151; x_wconf 84' lang='lat' dir='ltr'>prostituto</span> <span class='ocrx_word' id='word_1_46' title='bbox 613 1091 770 1134; x_wconf 86' lang='lat' dir='ltr'>misera</span> <span class='ocrx_word' id='word_1_47' title='bbox 795 1099 934 1134; x_wconf 84' lang='lat' dir='ltr'>mater</span> <span class='ocrx_word' id='word_1_48' title='bbox 959 1088 1128 1133; x_wconf 90' lang='lat' dir='ltr'>infanti.</span> 
     </span>
    </p>

    <p class='ocr_par' dir='ltr' id='par_1_7' title="bbox 241 1158 1215 1292">
     <span class='ocr_line' id='line_1_12' title="bbox 241 1158 1215 1220; baseline -0.003 -16"><span class='ocrx_word' id='word_1_49' title='bbox 241 1160 330 1217; x_wconf 86' lang='lat' dir='ltr'>Qui</span> <span class='ocrx_word' id='word_1_50' title='bbox 360 1177 442 1205; x_wconf 85' lang='lat' dir='ltr'>nec</span> <span class='ocrx_word' id='word_1_51' title='bbox 473 1160 606 1205; x_wconf 79' lang='lat' dir='ltr'>cubili</span> <span class='ocrx_word' id='word_1_52' title='bbox 635 1160 777 1204; x_wconf 84' lang='lat' dir='ltr'>fuerat</span> <span class='ocrx_word' id='word_1_53' title='bbox 801 1170 902 1204; x_wconf 83' lang='lat' dir='ltr'>ante</span> <span class='ocrx_word' id='word_1_54' title='bbox 926 1169 970 1203; x_wconf 87' lang='lat' dir='ltr'>te</span> <span class='ocrx_word' id='word_1_55' title='bbox 995 1158 1215 1220; x_wconf 83' lang='lat' dir='ltr'>quondam</span> 
     </span>
     <span class='ocr_line' id='line_1_13' title="bbox 243 1229 1183 1292; baseline -0.003 -18"><span class='ocrx_word' id='word_1_56' title='bbox 243 1230 412 1283; x_wconf 79' lang='lat' dir='ltr'>Pudor,</span> <span class='ocrx_word' id='word_1_57' title='bbox 443 1247 535 1275; x_wconf 87' lang='lat' dir='ltr'>esse</span> <span class='ocrx_word' id='word_1_58' title='bbox 566 1247 644 1292; x_wconf 87' lang='lat' dir='ltr'>per</span> <span class='ocrx_word' id='word_1_59' title='bbox 670 1241 712 1274; x_wconf 93' lang='lat' dir='ltr'>te</span> <span class='ocrx_word' id='word_1_60' title='bbox 741 1231 872 1292; x_wconf 88' lang='lat' dir='ltr'>coepit</span> <span class='ocrx_word' id='word_1_61' title='bbox 902 1240 944 1274; x_wconf 82' lang='lat' dir='ltr'>et</span> <span class='ocrx_word' id='word_1_62' title='bbox 974 1229 1183 1291; x_wconf 85' lang='lat' dir='ltr'>lupanari.</span> 
     </span>
    </p>
   </div>
   <div class='ocr_carea' id='block_1_6' title="bbox 102 1368 779 1678">
    <p class='ocr_par' dir='ltr' id='par_1_8' title="bbox 102 1368 779 1678">
     <span class='ocr_line' id='line_1_14' title="bbox 158 1368 776 1408; baseline 0 -7"><span class='ocrx_word' id='word_1_63' title='bbox 158 1380 187 1402; x_wconf 85' lang='lat'>1.</span> <span class='ocrx_word' id='word_1_64' title='bbox 199 1368 300 1401; x_wconf 80' lang='lat' dir='ltr'><em>Rheni</em></span> <span class='ocrx_word' id='word_1_65' title='bbox 315 1368 460 1408; x_wconf 82' lang='lat' dir='ltr'>domitor,</span> <span class='ocrx_word' id='word_1_66' title='bbox 477 1379 542 1402; x_wconf 87' lang='lat' dir='ltr'>etc.</span> <span class='ocrx_word' id='word_1_67' title='bbox 555 1369 776 1402; x_wconf 84' lang='lat' dir='ltr'>Germanice.</span> 
     </span>
     <span class='ocr_line' id='line_1_15' title="bbox 102 1421 777 1466; baseline -0.001 -12"><span class='ocrx_word' id='word_1_68' title='bbox 102 1421 180 1455; x_wconf 83' lang='lat' dir='ltr'>Lib.</span> <span class='ocrx_word' id='word_1_69' title='bbox 191 1421 238 1462; x_wconf 88' lang='lat' dir='ltr'>V,</span> <span class='ocrx_word' id='word_1_70' title='bbox 249 1421 372 1466; x_wconf 54' lang='lat' dir='ltr'>wpigr.</span> <span class='ocrx_word' id='word_1_71' title='bbox 393 1434 443 1463; x_wconf 87' lang='lat'>11,</span> <span class='ocrx_word' id='word_1_72' title='bbox 461 1434 513 1454; x_wconf 74' lang='lat' dir='ltr'>vs.</span> <span class='ocrx_word' id='word_1_73' title='bbox 533 1434 568 1466; x_wconf 90' lang='lat'>7.</span> <span class='ocrx_word' id='word_1_74' title='bbox 586 1443 638 1448; x_wconf 92' lang='lat'>-—</span> <span class='ocrx_word' id='word_1_75' title='bbox 654 1422 777 1454; x_wconf 72' lang='lat' dir='ltr'>Par-ens</span> 
     </span>
     <span class='ocr_line' id='line_1_16' title="bbox 103 1473 778 1520; baseline 0.003 -14"><span class='ocrx_word' id='word_1_76' title='bbox 103 1474 197 1507; x_wconf 81' lang='lat' dir='ltr'>orbis.</span> <span class='ocrx_word' id='word_1_77' title='bbox 238 1473 382 1520; x_wconf 87' lang='lat' dir='ltr'><strong>Quippe</strong></span> <span class='ocrx_word' id='word_1_78' title='bbox 419 1487 526 1520; x_wconf 88' lang='lat' dir='ltr'>quem</span> <span class='ocrx_word' id='word_1_79' title='bbox 568 1483 747 1520; x_wconf 87' lang='lat' dir='ltr'>parentem</span> <span class='ocrx_word' id='word_1_80' title='bbox 769 1499 778 1514; x_wconf 88' lang='lat'>,</span> 
     </span>
     <span class='ocr_line' id='line_1_17' title="bbox 103 1526 778 1572; baseline 0 -13"><span class='ocrx_word' id='word_1_81' title='bbox 103 1539 210 1572; x_wconf 88' lang='lat' dir='ltr'>quem</span> <span class='ocrx_word' id='word_1_82' title='bbox 236 1535 372 1572; x_wconf 90' lang='lat' dir='ltr'>patrem</span> <span class='ocrx_word' id='word_1_83' title='bbox 403 1528 525 1572; x_wconf 85' lang='lat' dir='ltr'>patriae</span> <span class='ocrx_word' id='word_1_84' title='bbox 558 1529 666 1561; x_wconf 86' lang='lat' dir='ltr'>Roma</span> <span class='ocrx_word' id='word_1_85' title='bbox 680 1554 688 1569; x_wconf 93' lang='lat'>‚</span> <span class='ocrx_word' id='word_1_86' title='bbox 718 1526 778 1561; x_wconf 85' lang='lat' dir='ltr'>sed</span> 
     </span>
     <span class='ocr_line' id='line_1_18' title="bbox 103 1579 779 1626; baseline 0.001 -14"><span class='ocrx_word' id='word_1_87' title='bbox 103 1592 175 1613; x_wconf 88' lang='lat' dir='ltr'>non</span> <span class='ocrx_word' id='word_1_88' title='bbox 198 1591 236 1612; x_wconf 85' lang='lat' dir='ltr'>ea</span> <span class='ocrx_word' id='word_1_89' title='bbox 258 1580 385 1621; x_wconf 87' lang='lat' dir='ltr'>libera,</span> <span class='ocrx_word' id='word_1_90' title='bbox 404 1579 598 1614; x_wconf 83' lang='lat' dir='ltr'>dixit.Vid.</span> <span class='ocrx_word' id='word_1_91' title='bbox 616 1581 676 1614; x_wconf 82' lang='lat' dir='ltr'>lib.</span> <span class='ocrx_word' id='word_1_92' title='bbox 701 1593 779 1626; x_wconf 91' lang='lat' dir='ltr'>spe-</span> 
     </span>
     <span class='ocr_line' id='line_1_19' title="bbox 104 1633 612 1678; baseline 0.002 -13"><span class='ocrx_word' id='word_1_93' title='bbox 104 1633 321 1666; x_wconf 86' lang='lat' dir='ltr'>ctaculorum</span> <span class='ocrx_word' id='word_1_94' title='bbox 340 1633 447 1678; x_wconf 83' lang='lat' dir='ltr'>epigr.</span> <span class='ocrx_word' id='word_1_95' title='bbox 471 1645 529 1666; x_wconf 91' lang='lat'>111.</span> <span class='ocrx_word' id='word_1_96' title='bbox 544 1634 612 1666; x_wconf 85' lang='lat' dir='ltr'>En.</span> 
     </span>
    </p>
   </div>
   <div class='ocr_carea' id='block_1_7' title="bbox 160 1685 781 1730">
    <p class='ocr_par' dir='ltr' id='par_1_9' title="bbox 160 1685 781 1730">
     <span class='ocr_line' id='line_1_20' title="bbox 160 1685 781 1730; baseline 0 -12"><span class='ocrx_word' id='word_1_97' title='bbox 160 1697 192 1718; x_wconf 80' lang='lat'>2.</span> <span class='ocrx_word' id='word_1_98' title='bbox 223 1685 355 1718; x_wconf 80' lang='lat' dir='ltr'><em>Pudice.</em></span> <span class='ocrx_word' id='word_1_99' title='bbox 380 1685 485 1727; x_wconf 90' lang='lat' dir='ltr'>Quod</span> <span class='ocrx_word' id='word_1_100' title='bbox 510 1685 678 1719; x_wconf 87' lang='lat' dir='ltr'>adulteria</span> <span class='ocrx_word' id='word_1_101' title='bbox 701 1697 781 1730; x_wconf 89' lang='lat' dir='ltr'>pro-</span> 
     </span>
    </p>
   </div>
   <div class='ocr_carea' id='block_1_8' title="bbox 103 1738 784 2524">
    <p class='ocr_par' dir='ltr' id='par_1_10' title="bbox 103 1738 781 2248">
     <span class='ocr_line' id='line_1_21' title="bbox 103 1738 779 1784; baseline 0.001 -13"><span class='ocrx_word' id='word_1_102' title='bbox 103 1738 286 1771; x_wconf 88' lang='lat' dir='ltr'>hibuisset.</span> <span class='ocrx_word' id='word_1_103' title='bbox 308 1759 358 1764; x_wconf 83' lang='lat'>——-</span> <span class='ocrx_word' id='word_1_104' title='bbox 379 1739 500 1771; x_wconf 83' lang='lat' dir='ltr'><em>Pudice</em></span> <span class='ocrx_word' id='word_1_105' title='bbox 519 1741 675 1784; x_wconf 78' lang='lat' dir='ltr'>princeps.</span> <span class='ocrx_word' id='word_1_106' title='bbox 699 1739 779 1772; x_wconf 91' lang='lat' dir='ltr'>Lib.</span> 
     </span>
     <span class='ocr_line' id='line_1_22' title="bbox 105 1788 780 1836; baseline 0.001 -13"><span class='ocrx_word' id='word_1_107' title='bbox 105 1792 180 1832; x_wconf 90' lang='lat' dir='ltr'>VI,</span> <span class='ocrx_word' id='word_1_108' title='bbox 203 1790 311 1836; x_wconf 85' lang='lat' dir='ltr'>epigr.</span> <span class='ocrx_word' id='word_1_109' title='bbox 340 1803 390 1831; x_wconf 83' lang='lat' dir='ltr'>iv,</span> <span class='ocrx_word' id='word_1_110' title='bbox 416 1804 464 1825; x_wconf 87' lang='lat' dir='ltr'>vs.</span> <span class='ocrx_word' id='word_1_111' title='bbox 497 1792 529 1826; x_wconf 88' lang='lat'>5.</span> <span class='ocrx_word' id='word_1_112' title='bbox 544 1812 596 1818; x_wconf 87' lang='lat'>—-</span> <span class='ocrx_word' id='word_1_113' title='bbox 615 1788 661 1824; x_wconf 90' lang='lat' dir='ltr'>Et</span> <span class='ocrx_word' id='word_1_114' title='bbox 690 1791 780 1824; x_wconf 89' lang='lat' dir='ltr'>hanc</span> 
     </span>
     <span class='ocr_line' id='line_1_23' title="bbox 105 1843 779 1890; baseline -0.001 -13"><span class='ocrx_word' id='word_1_115' title='bbox 105 1856 186 1877; x_wconf 86' lang='lat' dir='ltr'>sane</span> <span class='ocrx_word' id='word_1_116' title='bbox 222 1843 362 1877; x_wconf 85' lang='lat' dir='ltr'>laudem</span> <span class='ocrx_word' id='word_1_117' title='bbox 403 1845 553 1878; x_wconf 83' lang='lat' dir='ltr'><strong>maxime</strong></span> <span class='ocrx_word' id='word_1_118' title='bbox 595 1845 779 1890; x_wconf 83' lang='lat' dir='ltr'>appetebat</span> 
     </span>
     <span class='ocr_line' id='line_1_24' title="bbox 104 1897 780 1943; baseline 0 -13"><span class='ocrx_word' id='word_1_119' title='bbox 104 1898 265 1943; x_wconf 84' lang='lat' dir='ltr'>princeps</span> <span class='ocrx_word' id='word_1_120' title='bbox 283 1897 363 1931; x_wconf 83' lang='lat' dir='ltr'>alias</span> <span class='ocrx_word' id='word_1_121' title='bbox 381 1897 580 1943; x_wconf 89' lang='lat' dir='ltr'>impudicus</span> <span class='ocrx_word' id='word_1_122' title='bbox 596 1905 630 1931; x_wconf 93' lang='lat' dir='ltr'>et</span> <span class='ocrx_word' id='word_1_123' title='bbox 649 1897 780 1930; x_wconf 85' lang='lat' dir='ltr'>nullius</span> 
     </span>
     <span class='ocr_line' id='line_1_25' title="bbox 105 1950 778 1996; baseline 0 -13"><span class='ocrx_word' id='word_1_124' title='bbox 105 1962 176 1983; x_wconf 85' lang='lat' dir='ltr'>non</span> <span class='ocrx_word' id='word_1_125' title='bbox 200 1950 364 1996; x_wconf 80' lang='lat' dir='ltr'>nequitiae</span> <span class='ocrx_word' id='word_1_126' title='bbox 386 1951 600 1984; x_wconf 85' lang='lat' dir='ltr'>manifestus.</span> <span class='ocrx_word' id='word_1_127' title='bbox 620 1951 694 1984; x_wconf 83' lang='lat' dir='ltr'>Nec</span> <span class='ocrx_word' id='word_1_128' title='bbox 707 1963 778 1983; x_wconf 92' lang='lat' dir='ltr'>ma-</span> 
     </span>
     <span class='ocr_line' id='line_1_26' title="bbox 106 2003 778 2049; baseline 0.001 -14"><span class='ocrx_word' id='word_1_129' title='bbox 106 2003 156 2048; x_wconf 86' lang='lat' dir='ltr'>gis</span> <span class='ocrx_word' id='word_1_130' title='bbox 166 2004 293 2037; x_wconf 85' lang='lat' dir='ltr'>mirum</span> <span class='ocrx_word' id='word_1_131' title='bbox 308 2015 412 2049; x_wconf 86' lang='lat' dir='ltr'>quam</span> <span class='ocrx_word' id='word_1_132' title='bbox 431 2004 616 2049; x_wconf 80' lang='lat' dir='ltr'>singularis</span> <span class='ocrx_word' id='word_1_133' title='bbox 633 2003 692 2036; x_wconf 87' lang='lat' dir='ltr'>ille</span> <span class='ocrx_word' id='word_1_134' title='bbox 706 2016 778 2049; x_wconf 92' lang='lat' dir='ltr'>quo</span> 
     </span>
     <span class='ocr_line' id='line_1_27' title="bbox 106 2055 779 2102; baseline 0.001 -13"><span class='ocrx_word' id='word_1_135' title='bbox 106 2055 301 2090; x_wconf 86' lang='lat' dir='ltr'>Minervam</span> <span class='ocrx_word' id='word_1_136' title='bbox 313 2057 590 2102; x_wconf 87' lang='lat' dir='ltr'>prosequebatur</span> <span class='ocrx_word' id='word_1_137' title='bbox 609 2057 723 2090; x_wconf 88' lang='lat' dir='ltr'>cultus</span> <span class='ocrx_word' id='word_1_138' title='bbox 745 2065 779 2090; x_wconf 86' lang='lat' dir='ltr'>et</span> 
     </span>
     <span class='ocr_line' id='line_1_28' title="bbox 107 2109 781 2155; baseline 0.003 -14"><span class='ocrx_word' id='word_1_139' title='bbox 107 2121 216 2143; x_wconf 88' lang='lat' dir='ltr'>amor.</span> <span class='ocrx_word' id='word_1_140' title='bbox 231 2109 344 2142; x_wconf 90' lang='lat' dir='ltr'>Immo</span> <span class='ocrx_word' id='word_1_141' title='bbox 361 2109 494 2155; x_wconf 90' lang='lat' dir='ltr'>optime</span> <span class='ocrx_word' id='word_1_142' title='bbox 514 2109 589 2143; x_wconf 89' lang='lat' dir='ltr'>duo</span> <span class='ocrx_word' id='word_1_143' title='bbox 607 2110 682 2143; x_wconf 84' lang='lat' dir='ltr'>haec</span> <span class='ocrx_word' id='word_1_144' title='bbox 699 2122 781 2143; x_wconf 88' lang='lat' dir='ltr'>con·</span> 
     </span>
     <span class='ocr_line' id='line_1_29' title="bbox 107 2161 781 2209; baseline 0.003 -15"><span class='ocrx_word' id='word_1_145' title='bbox 107 2161 263 2195; x_wconf 87' lang='lat' dir='ltr'>sentiunt</span> <span class='ocrx_word' id='word_1_146' title='bbox 289 2169 324 2195; x_wconf 91' lang='lat' dir='ltr'>et</span> <span class='ocrx_word' id='word_1_147' title='bbox 343 2162 409 2195; x_wconf 89' lang='lat' dir='ltr'>sibi</span> <span class='ocrx_word' id='word_1_148' title='bbox 428 2163 580 2197; x_wconf 83' lang='lat' dir='ltr'>invicem</span> <span class='ocrx_word' id='word_1_149' title='bbox 604 2162 781 2209; x_wconf 80' lang='lat' dir='ltr'>aptissime</span> 
     </span>
     <span class='ocr_line' id='line_1_30' title="bbox 107 2214 376 2248; baseline 0.004 -1"><span class='ocrx_word' id='word_1_150' title='bbox 107 2214 293 2248; x_wconf 86' lang='lat' dir='ltr'>cohaerent.</span> <span class='ocrx_word' id='word_1_151' title='bbox 309 2215 376 2248; x_wconf 84' lang='lat' dir='ltr'>En-</span> 
     </span>
    </p>

    <p class='ocr_par' dir='ltr' id='par_1_11' title="bbox 103 2266 784 2524">
     <span class='ocr_line' id='line_1_31' title="bbox 163 2266 781 2314; baseline 0.003 -15"><span class='ocrx_word' id='word_1_152' title='bbox 163 2266 195 2300; x_wconf 85' lang='lat'>3.</span> <span class='ocrx_word' id='word_1_153' title='bbox 211 2268 352 2312; x_wconf 82' lang='lat' dir='ltr'>Populus</span> <span class='ocrx_word' id='word_1_154' title='bbox 371 2267 546 2308; x_wconf 78' lang='lat' dir='ltr'>habebunt,</span> <span class='ocrx_word' id='word_1_155' title='bbox 574 2280 619 2302; x_wconf 88' lang='lat' dir='ltr'>sc.</span> <span class='ocrx_word' id='word_1_156' title='bbox 640 2269 781 2314; x_wconf 70' lang='lat' dir='ltr'>gratias,</span> 
     </span>
     <span class='ocr_line' id='line_1_32' title="bbox 107 2318 782 2365; baseline 0.003 -13"><span class='ocrx_word' id='word_1_157' title='bbox 107 2318 294 2365; x_wconf 87' lang='lat' dir='ltr'>legendum</span> <span class='ocrx_word' id='word_1_158' title='bbox 319 2329 434 2353; x_wconf 86' lang='lat' dir='ltr'>censet</span> <span class='ocrx_word' id='word_1_159' title='bbox 453 2321 636 2354; x_wconf 84' lang='lat' dir='ltr'>Gruterus.</span> <span class='ocrx_word' id='word_1_160' title='bbox 649 2341 702 2346; x_wconf 93' lang='lat'>—</span> <span class='ocrx_word' id='word_1_161' title='bbox 716 2322 782 2354; x_wconf 86' lang='lat' dir='ltr'>Po-</span> 
     </span>
     <span class='ocr_line' id='line_1_33' title="bbox 103 2371 783 2419; baseline 0.004 -15"><span class='ocrx_word' id='word_1_162' title='bbox 103 2373 196 2417; x_wconf 80' lang='lat' dir='ltr'><em>pulos</em></span> <span class='ocrx_word' id='word_1_163' title='bbox 225 2371 390 2406; x_wconf 77' lang='lat' dir='ltr'>habebunt.</span> <span class='ocrx_word' id='word_1_164' title='bbox 407 2373 499 2414; x_wconf 85' lang='lat' dir='ltr'><strong>Quia</strong></span> <span class='ocrx_word' id='word_1_165' title='bbox 518 2386 646 2419; x_wconf 85' lang='lat' dir='ltr'>nempe</span> <span class='ocrx_word' id='word_1_166' title='bbox 667 2373 783 2406; x_wconf 85' lang='lat' dir='ltr'>infan-</span> 
     </span>
     <span class='ocr_line' id='line_1_34' title="bbox 109 2424 784 2467; baseline 0.003 -9"><span class='ocrx_word' id='word_1_167' title='bbox 109 2424 154 2458; x_wconf 88' lang='lat' dir='ltr'>da</span> <span class='ocrx_word' id='word_1_168' title='bbox 186 2424 297 2458; x_wconf 86' lang='lat' dir='ltr'>libido</span> <span class='ocrx_word' id='word_1_169' title='bbox 323 2434 383 2458; x_wconf 88' lang='lat' dir='ltr'>tuo</span> <span class='ocrx_word' id='word_1_170' title='bbox 411 2425 526 2459; x_wconf 81' lang='lat' dir='ltr'>edicto</span> <span class='ocrx_word' id='word_1_171' title='bbox 552 2426 686 2460; x_wconf 90' lang='lat' dir='ltr'>sublata</span> <span class='ocrx_word' id='word_1_172' title='bbox 716 2435 784 2467; x_wconf 85' lang='lat' dir='ltr'>est;</span> 
     </span>
     <span class='ocr_line' id='line_1_35' title="bbox 109 2477 784 2524; baseline 0.001 -13"><span class='ocrx_word' id='word_1_173' title='bbox 109 2477 203 2524; x_wconf 85' lang='lat' dir='ltr'>quod</span> <span class='ocrx_word' id='word_1_174' title='bbox 233 2487 268 2512; x_wconf 84' lang='lat' dir='ltr'>et</span> <span class='ocrx_word' id='word_1_175' title='bbox 288 2478 454 2512; x_wconf 84' lang='lat' dir='ltr'>Horatius</span> <span class='ocrx_word' id='word_1_176' title='bbox 476 2479 619 2524; x_wconf 81' lang='lat' dir='ltr'>Augusti</span> <span class='ocrx_word' id='word_1_177' title='bbox 648 2479 784 2524; x_wconf 84' lang='lat' dir='ltr'>sapien-</span> 
     </span>
    </p>
   </div>
   <div class='ocr_carea' id='block_1_9' title="bbox 837 1365 1526 2523">
    <p class='ocr_par' dir='ltr' id='par_1_12' title="bbox 837 1365 1518 1836">
     <span class='ocr_line' id='line_1_36' title="bbox 837 1365 1515 1412; baseline -0.003 -12"><span class='ocrx_word' id='word_1_178' title='bbox 837 1367 921 1401; x_wconf 83' lang='lat' dir='ltr'>tiam</span> <span class='ocrx_word' id='word_1_179' title='bbox 958 1368 993 1400; x_wconf 90' lang='lat' dir='ltr'>in</span> <span class='ocrx_word' id='word_1_180' title='bbox 1031 1365 1303 1400; x_wconf 83' lang='lat' dir='ltr'>administranda</span> <span class='ocrx_word' id='word_1_181' title='bbox 1335 1366 1515 1412; x_wconf 82' lang='lat' dir='ltr'>republica</span> 
     </span>
     <span class='ocr_line' id='line_1_37' title="bbox 837 1419 1514 1455; baseline -0.003 -1"><span class='ocrx_word' id='word_1_182' title='bbox 837 1419 981 1455; x_wconf 87' lang='lat' dir='ltr'>laudans</span> <span class='ocrx_word' id='word_1_183' title='bbox 1005 1432 1012 1453; x_wconf 74' lang='lat'>2</span> <span class='ocrx_word' id='word_1_184' title='bbox 1037 1438 1050 1450; x_wconf 73' lang='grc' dir='ltr'>«ι</span> <span class='ocrx_word' id='word_1_185' title='bbox 1067 1420 1146 1453; x_wconf 84' lang='lat' dir='ltr'>Mos</span> <span class='ocrx_word' id='word_1_186' title='bbox 1168 1429 1201 1453; x_wconf 90' lang='lat' dir='ltr'>et</span> <span class='ocrx_word' id='word_1_187' title='bbox 1223 1420 1278 1453; x_wconf 89' lang='lat' dir='ltr'>lex</span> <span class='ocrx_word' id='word_1_188' title='bbox 1301 1420 1514 1453; x_wconf 90' lang='lat' dir='ltr'>maculosum</span> 
     </span>
     <span class='ocr_line' id='line_1_38' title="bbox 837 1472 1516 1514; baseline -0.004 -6"><span class='ocrx_word' id='word_1_189' title='bbox 837 1473 995 1508; x_wconf 88' lang='lat' dir='ltr'>edomuit</span> <span class='ocrx_word' id='word_1_190' title='bbox 1023 1473 1130 1506; x_wconf 88' lang='lat' dir='ltr'>nefas.</span> <span class='ocrx_word' id='word_1_191' title='bbox 1148 1490 1162 1502; x_wconf 73' lang='grc' dir='ltr'>ιι</span> <span class='ocrx_word' id='word_1_192' title='bbox 1190 1474 1283 1514; x_wconf 87' lang='lat' dir='ltr'>Aut,</span> <span class='ocrx_word' id='word_1_193' title='bbox 1320 1481 1358 1506; x_wconf 91' lang='lat' dir='ltr'>ut</span> <span class='ocrx_word' id='word_1_194' title='bbox 1398 1472 1516 1505; x_wconf 89' lang='lat' dir='ltr'>multis</span> 
     </span>
     <span class='ocr_line' id='line_1_39' title="bbox 837 1524 1517 1572; baseline -0.003 -12"><span class='ocrx_word' id='word_1_195' title='bbox 837 1527 973 1572; x_wconf 90' lang='lat' dir='ltr'>placet,</span> <span class='ocrx_word' id='word_1_196' title='bbox 993 1525 1086 1571; x_wconf 89' lang='lat' dir='ltr'>quod</span> <span class='ocrx_word' id='word_1_197' title='bbox 1110 1526 1250 1559; x_wconf 82' lang='lat' dir='ltr'>castrari</span> <span class='ocrx_word' id='word_1_198' title='bbox 1269 1538 1380 1558; x_wconf 86' lang='lat' dir='ltr'>mares</span> <span class='ocrx_word' id='word_1_199' title='bbox 1402 1524 1517 1558; x_wconf 88' lang='lat' dir='ltr'>edicto</span> 
     </span>
     <span class='ocr_line' id='line_1_40' title="bbox 838 1577 1514 1625; baseline -0.003 -13"><span class='ocrx_word' id='word_1_200' title='bbox 838 1579 1062 1625; x_wconf 84' lang='lat' dir='ltr'>prohibuisti.</span> <span class='ocrx_word' id='word_1_201' title='bbox 1074 1577 1159 1611; x_wconf 83' lang='lat' dir='ltr'>Vid·</span> <span class='ocrx_word' id='word_1_202' title='bbox 1177 1579 1300 1612; x_wconf 79' lang='lat' dir='ltr'>lib.VI</span> <span class='ocrx_word' id='word_1_203' title='bbox 1313 1604 1322 1619; x_wconf 86' lang='lat'>,</span> <span class='ocrx_word' id='word_1_204' title='bbox 1336 1579 1445 1624; x_wconf 84' lang='lat' dir='ltr'>epigr.</span> <span class='ocrx_word' id='word_1_205' title='bbox 1462 1589 1491 1610; x_wconf 85' lang='lat'>11</span> <span class='ocrx_word' id='word_1_206' title='bbox 1505 1603 1514 1618; x_wconf 93' lang='lat'>,</span> 
     </span>
     <span class='ocr_line' id='line_1_41' title="bbox 840 1631 1516 1678; baseline -0.001 -14"><span class='ocrx_word' id='word_1_207' title='bbox 840 1645 888 1666; x_wconf 90' lang='lat' dir='ltr'>vs.</span> <span class='ocrx_word' id='word_1_208' title='bbox 907 1633 925 1666; x_wconf 84' lang='grc'>3</span> <span class='ocrx_word' id='word_1_209' title='bbox 939 1658 948 1673; x_wconf 92' lang='grc'><em>,</em></span> <span class='ocrx_word' id='word_1_210' title='bbox 965 1641 998 1665; x_wconf 86' lang='lat' dir='ltr'>et</span> <span class='ocrx_word' id='word_1_211' title='bbox 1014 1632 1095 1664; x_wconf 87' lang='lat' dir='ltr'>libri</span> <span class='ocrx_word' id='word_1_212' title='bbox 1106 1632 1210 1677; x_wconf 87' lang='lat' dir='ltr'>hujus</span> <span class='ocrx_word' id='word_1_213' title='bbox 1221 1632 1331 1678; x_wconf 86' lang='lat' dir='ltr'>epigr.</span> <span class='ocrx_word' id='word_1_214' title='bbox 1345 1644 1380 1664; x_wconf 84' lang='lat' dir='ltr'>1x</span> <span class='ocrx_word' id='word_1_215' title='bbox 1391 1657 1399 1671; x_wconf 83' lang='lat'>‚</span> <span class='ocrx_word' id='word_1_216' title='bbox 1415 1631 1516 1664; x_wconf 87' lang='lat' dir='ltr'>infra.</span> 
     </span>
     <span class='ocr_line' id='line_1_42' title="bbox 839 1684 1518 1730; baseline -0.003 -12"><span class='ocrx_word' id='word_1_217' title='bbox 839 1687 1018 1718; x_wconf 83' lang='lat' dir='ltr'>—Parere</span> <span class='ocrx_word' id='word_1_218' title='bbox 1027 1686 1117 1729; x_wconf 83' lang='lat' dir='ltr'>jam‚·</span> <span class='ocrx_word' id='word_1_219' title='bbox 1137 1685 1219 1730; x_wconf 83' lang='lat' dir='ltr'>quia</span> <span class='ocrx_word' id='word_1_220' title='bbox 1239 1697 1310 1717; x_wconf 92' lang='lat' dir='ltr'>non</span> <span class='ocrx_word' id='word_1_221' title='bbox 1333 1684 1399 1717; x_wconf 87' lang='lat' dir='ltr'>erit</span> <span class='ocrx_word' id='word_1_222' title='bbox 1428 1684 1518 1716; x_wconf 91' lang='lat' dir='ltr'>ulte-</span> 
     </span>
     <span class='ocr_line' id='line_1_43' title="bbox 839 1735 1517 1778; baseline -0.003 -7"><span class='ocrx_word' id='word_1_223' title='bbox 839 1738 911 1771; x_wconf 90' lang='lat' dir='ltr'>rius</span> <span class='ocrx_word' id='word_1_224' title='bbox 931 1737 1092 1771; x_wconf 86' lang='lat' dir='ltr'>castratio</span> <span class='ocrx_word' id='word_1_225' title='bbox 1105 1762 1114 1778; x_wconf 89' lang='lat'><strong>‚</strong></span> <span class='ocrx_word' id='word_1_226' title='bbox 1128 1746 1186 1770; x_wconf 88' lang='lat' dir='ltr'>aut</span> <span class='ocrx_word' id='word_1_227' title='bbox 1204 1736 1414 1770; x_wconf 82' lang='lat' dir='ltr'>adulterium</span> <span class='ocrx_word' id='word_1_228' title='bbox 1425 1752 1433 1777; x_wconf 74' lang='lat'><em>3</em></span> <span class='ocrx_word' id='word_1_229' title='bbox 1445 1735 1517 1769; x_wconf 81' lang='lat' dir='ltr'>vid.</span> 
     </span>
     <span class='ocr_line' id='line_1_44' title="bbox 839 1791 1249 1836; baseline -0.002 -12"><span class='ocrx_word' id='word_1_230' title='bbox 839 1791 902 1824; x_wconf 86' lang='lat' dir='ltr'>lib.</span> <span class='ocrx_word' id='word_1_231' title='bbox 915 1791 967 1823; x_wconf 89' lang='lat' dir='ltr'>VI</span> <span class='ocrx_word' id='word_1_232' title='bbox 980 1817 988 1831; x_wconf 88' lang='lat'><strong>‚</strong></span> <span class='ocrx_word' id='word_1_233' title='bbox 1003 1791 1114 1836; x_wconf 85' lang='lat' dir='ltr'>epigr.</span> <span class='ocrx_word' id='word_1_234' title='bbox 1133 1802 1249 1824; x_wconf 75' lang='lat' dir='ltr'>van.</span> 
     </span>
    </p>

    <p class='ocr_par' dir='ltr' id='par_1_13' title="bbox 840 1841 1519 1996">
     <span class='ocr_line' id='line_1_45' title="bbox 896 1841 1519 1888; baseline -0.003 -12"><span class='ocrx_word' id='word_1_235' title='bbox 896 1849 928 1884; x_wconf 76' lang='grc'>4.</span> <span class='ocrx_word' id='word_1_236' title='bbox 952 1844 1028 1877; x_wconf 83' lang='lat' dir='ltr'>Non</span> <span class='ocrx_word' id='word_1_237' title='bbox 1046 1856 1126 1888; x_wconf 76' lang='lat' dir='ltr'>puer·</span> <span class='ocrx_word' id='word_1_238' title='bbox 1150 1851 1207 1876; x_wconf 78' lang='lat' dir='ltr'>aut</span> <span class='ocrx_word' id='word_1_239' title='bbox 1232 1846 1286 1875; x_wconf 66' lang='lat' dir='ltr'>‘vir</span> <span class='ocrx_word' id='word_1_240' title='bbox 1312 1841 1519 1875; x_wconf 83' lang='lat' dir='ltr'>Beverlandi</span> 
     </span>
     <span class='ocr_line' id='line_1_46' title="bbox 840 1894 1518 1941; baseline -0.003 -12"><span class='ocrx_word' id='word_1_241' title='bbox 840 1896 915 1931; x_wconf 79' lang='lat' dir='ltr'>MS.</span> <span class='ocrx_word' id='word_1_242' title='bbox 927 1897 1063 1930; x_wconf 84' lang='lat' dir='ltr'>—-Non</span> <span class='ocrx_word' id='word_1_243' title='bbox 1080 1909 1172 1941; x_wconf 73' lang='lat' dir='ltr'>puer.</span> <span class='ocrx_word' id='word_1_244' title='bbox 1189 1894 1282 1928; x_wconf 87' lang='lat' dir='ltr'>Vide</span> <span class='ocrx_word' id='word_1_245' title='bbox 1300 1895 1342 1928; x_wconf 86' lang='lat' dir='ltr'>ad</span> <span class='ocrx_word' id='word_1_246' title='bbox 1362 1896 1424 1928; x_wconf 89' lang='lat' dir='ltr'>lib.</span> <span class='ocrx_word' id='word_1_247' title='bbox 1444 1895 1497 1927; x_wconf 88' lang='lat' dir='ltr'>VI</span> <span class='ocrx_word' id='word_1_248' title='bbox 1509 1920 1518 1934; x_wconf 93' lang='lat'>‚</span> 
     </span>
     <span class='ocr_line' id='line_1_47' title="bbox 840 1951 1118 1996; baseline -0.011 -12"><span class='ocrx_word' id='word_1_249' title='bbox 840 1951 950 1996; x_wconf 87' lang='lat' dir='ltr'>epigr.</span> <span class='ocrx_word' id='word_1_250' title='bbox 970 1961 998 1982; x_wconf 96' lang='lat'>11</span> <span class='ocrx_word' id='word_1_251' title='bbox 1016 1957 1050 1983; x_wconf 91' lang='lat' dir='ltr'>et</span> <span class='ocrx_word' id='word_1_252' title='bbox 1069 1961 1118 1982; x_wconf 80' lang='grc' dir='ltr'>ιν.</span> 
     </span>
    </p>

    <p class='ocr_par' dir='ltr' id='par_1_14' title="bbox 839 2000 1521 2102">
     <span class='ocr_line' id='line_1_48' title="bbox 894 2000 1521 2048; baseline -0.006 -11"><span class='ocrx_word' id='word_1_253' title='bbox 894 2006 928 2037; x_wconf 88' lang='grc'>6.</span> <span class='ocrx_word' id='word_1_254' title='bbox 947 2002 1126 2048; x_wconf 79' lang='lat' dir='ltr'>Superbus;</span> <span class='ocrx_word' id='word_1_255' title='bbox 1141 2014 1267 2047; x_wconf 90' lang='lat' dir='ltr'>nempe</span> <span class='ocrx_word' id='word_1_256' title='bbox 1285 2000 1417 2034; x_wconf 81' lang='lat' dir='ltr'>divitiis</span> <span class='ocrx_word' id='word_1_257' title='bbox 1433 2012 1440 2033; x_wconf 73' lang='grc' dir='ltr'>ε</span> <span class='ocrx_word' id='word_1_258' title='bbox 1462 2012 1521 2033; x_wconf 86' lang='lat' dir='ltr'>sae-</span> 
     </span>
     <span class='ocr_line' id='line_1_49' title="bbox 839 2054 1501 2102; baseline -0.006 -13"><span class='ocrx_word' id='word_1_259' title='bbox 839 2069 882 2102; x_wconf 89' lang='lat' dir='ltr'>pe</span> <span class='ocrx_word' id='word_1_260' title='bbox 896 2056 1026 2089; x_wconf 85' lang='lat' dir='ltr'>Nostro</span> <span class='ocrx_word' id='word_1_261' title='bbox 1035 2056 1138 2100; x_wconf 82' lang='lat' dir='ltr'>hujus</span> <span class='ocrx_word' id='word_1_262' title='bbox 1148 2054 1310 2088; x_wconf 75' lang='lat' dir='ltr'>vocabuli</span> <span class='ocrx_word' id='word_1_263' title='bbox 1321 2054 1398 2086; x_wconf 83' lang='lat' dir='ltr'>talis</span> <span class='ocrx_word' id='word_1_264' title='bbox 1410 2065 1501 2086; x_wconf 88' lang='lat' dir='ltr'>usus.</span> 
     </span>
    </p>

    <p class='ocr_par' dir='ltr' id='par_1_15' title="bbox 841 2104 1521 2249">
     <span class='ocr_line' id='line_1_50' title="bbox 895 2104 1521 2154; baseline -0.006 -12"><span class='ocrx_word' id='word_1_265' title='bbox 895 2122 928 2154; x_wconf 86' lang='lat'>7.</span> <span class='ocrx_word' id='word_1_266' title='bbox 955 2110 1027 2141; x_wconf 86' lang='lat' dir='ltr'>Dat</span> <span class='ocrx_word' id='word_1_267' title='bbox 1044 2109 1225 2153; x_wconf 82' lang='lat' dir='ltr'>prostituto.</span> <span class='ocrx_word' id='word_1_268' title='bbox 1255 2104 1521 2140; x_wconf 84' lang='lat' dir='ltr'>Prostituendos</span> 
     </span>
     <span class='ocr_line' id='line_1_51' title="bbox 841 2157 1521 2208; baseline -0.006 -13"><span class='ocrx_word' id='word_1_269' title='bbox 841 2162 974 2208; x_wconf 88' lang='lat' dir='ltr'>quippe</span> <span class='ocrx_word' id='word_1_270' title='bbox 996 2162 1146 2195; x_wconf 78' lang='lat' dir='ltr'>infantes</span> <span class='ocrx_word' id='word_1_271' title='bbox 1163 2173 1180 2194; x_wconf 90' lang='lat' dir='ltr'>a</span> <span class='ocrx_word' id='word_1_272' title='bbox 1200 2160 1371 2193; x_wconf 85' lang='lat' dir='ltr'>matribus</span> <span class='ocrx_word' id='word_1_273' title='bbox 1391 2157 1521 2192; x_wconf 83' lang='lat' dir='ltr'>condu-</span> 
     </span>
     <span class='ocr_line' id='line_1_52' title="bbox 841 2214 1134 2249; baseline -0.007 0"><span class='ocrx_word' id='word_1_274' title='bbox 841 2216 964 2249; x_wconf 84' lang='lat' dir='ltr'>cebant</span> <span class='ocrx_word' id='word_1_275' title='bbox 979 2214 1134 2248; x_wconf 89' lang='lat' dir='ltr'>lenones.</span> 
     </span>
    </p>

    <p class='ocr_par' dir='ltr' id='par_1_16' title="bbox 842 2264 1526 2523">
     <span class='ocr_line' id='line_1_53' title="bbox 897 2264 1520 2311; baseline -0.006 -11"><span class='ocrx_word' id='word_1_276' title='bbox 897 2270 932 2303; x_wconf 87' lang='lat'>8.</span> <span class='ocrx_word' id='word_1_277' title='bbox 958 2268 1027 2311; x_wconf 77' lang='lat' dir='ltr'>Qui</span> <span class='ocrx_word' id='word_1_278' title='bbox 1046 2280 1100 2299; x_wconf 84' lang='lat' dir='ltr'>nec</span> <span class='ocrx_word' id='word_1_279' title='bbox 1122 2266 1228 2299; x_wconf 77' lang='lat' dir='ltr'>cubili.</span> <span class='ocrx_word' id='word_1_280' title='bbox 1249 2266 1325 2298; x_wconf 88' lang='lat' dir='ltr'>Hoc</span> <span class='ocrx_word' id='word_1_281' title='bbox 1347 2272 1419 2305; x_wconf 88' lang='lat' dir='ltr'>est,</span> <span class='ocrx_word' id='word_1_282' title='bbox 1438 2264 1520 2297; x_wconf 91' lang='lat' dir='ltr'>sub-</span> 
     </span>
     <span class='ocr_line' id='line_1_54' title="bbox 842 2316 1519 2362; baseline -0.007 -9"><span class='ocrx_word' id='word_1_283' title='bbox 842 2321 920 2354; x_wconf 82' lang='lat' dir='ltr'>latis</span> <span class='ocrx_word' id='word_1_284' title='bbox 949 2319 1130 2352; x_wconf 88' lang='lat' dir='ltr'>adulteriis</span> <span class='ocrx_word' id='word_1_285' title='bbox 1156 2331 1227 2352; x_wconf 88' lang='lat' dir='ltr'>non</span> <span class='ocrx_word' id='word_1_286' title='bbox 1254 2318 1366 2351; x_wconf 86' lang='lat' dir='ltr'>solum</span> <span class='ocrx_word' id='word_1_287' title='bbox 1389 2316 1519 2362; x_wconf 84' lang='lat' dir='ltr'>pudica</span> 
     </span>
     <span class='ocr_line' id='line_1_55' title="bbox 844 2369 1519 2416; baseline -0.007 -10"><span class='ocrx_word' id='word_1_288' title='bbox 844 2381 924 2406; x_wconf 82' lang='lat' dir='ltr'>sunt</span> <span class='ocrx_word' id='word_1_289' title='bbox 942 2371 1162 2406; x_wconf 82' lang='lat' dir='ltr'>matrimonia</span> <span class='ocrx_word' id='word_1_290' title='bbox 1175 2397 1184 2409; x_wconf 72' lang='grc'>,</span> <span class='ocrx_word' id='word_1_291' title='bbox 1206 2369 1265 2404; x_wconf 90' lang='lat' dir='ltr'>sed</span> <span class='ocrx_word' id='word_1_292' title='bbox 1282 2378 1315 2403; x_wconf 87' lang='lat' dir='ltr'>et</span> <span class='ocrx_word' id='word_1_293' title='bbox 1337 2369 1452 2416; x_wconf 90' lang='lat' dir='ltr'>pudor</span> <span class='ocrx_word' id='word_1_294' title='bbox 1469 2377 1519 2402; x_wconf 91' lang='lat' dir='ltr'>est</span> 
     </span>
     <span class='ocr_line' id='line_1_56' title="bbox 844 2423 1526 2471; baseline -0.004 -13"><span class='ocrx_word' id='word_1_295' title='bbox 844 2426 880 2459; x_wconf 87' lang='lat' dir='ltr'>in</span> <span class='ocrx_word' id='word_1_296' title='bbox 900 2425 1080 2471; x_wconf 84' lang='lat' dir='ltr'>lupanari,</span> <span class='ocrx_word' id='word_1_297' title='bbox 1098 2425 1158 2458; x_wconf 91' lang='lat' dir='ltr'>ubi</span> <span class='ocrx_word' id='word_1_298' title='bbox 1172 2426 1243 2470; x_wconf 86' lang='lat' dir='ltr'>jam</span> <span class='ocrx_word' id='word_1_299' title='bbox 1260 2436 1331 2457; x_wconf 89' lang='lat' dir='ltr'>non</span> <span class='ocrx_word' id='word_1_300' title='bbox 1349 2423 1430 2457; x_wconf 89' lang='lat' dir='ltr'>licet</span> <span class='ocrx_word' id='word_1_301' title='bbox 1445 2435 1526 2469; x_wconf 88' lang='lat' dir='ltr'>pro-</span> 
     </span>
     <span class='ocr_line' id='line_1_57' title="bbox 846 2479 1150 2523; baseline -0.003 -12"><span class='ocrx_word' id='word_1_302' title='bbox 846 2479 991 2512; x_wconf 82' lang='lat' dir='ltr'>stituere</span> <span class='ocrx_word' id='word_1_303' title='bbox 1012 2490 1150 2523; x_wconf 81' lang='lat' dir='ltr'>pueros.</span> 
     </span>
    </p>
   </div>
  </div>
 </body>
</html>
