1978 3305
481 250 577 312 396

547 338 730 381 Lumine
759 354 837 382 nos
848 373 859 393 ‚

851 253 911 293 M.
937 253 1076 295 VAL.
1115 253 1507 296 MARTIALIS

887 337 1014 393 Afer,
1039 337 1276 382 turbidiore
1301 348 1437 382 notas.

479 407 634 465 Quod,
655 423 761 468 rogo
776 443 788 463 ‚
810 407 926 467 quod
947 406 1084 452 scelus
1110 417 1174 452 est
1194 407 1368 452 mollem
1391 417 1586 468 spectare
1611 408 1879 453 ministrum?

551 477 793 537 Aspicimus
818 476 972 534 solem,
999 477 1162 534 sidera,
1190 477 1372 538 templa,
1399 480 1529 522 Deos.

477 549 680 591 Avertam
713 547 883 604 vultus,
908 557 1115 608 tanquam
1145 548 1249 592 mihi
1274 547 1430 609 pocula
1456 549 1637 608 Gorgon
1866 569 1878 591 5

546 617 768 677 Porrigat,
793 627 922 679 atque
948 617 1096 662 oculos
1121 634 1284 679 oraque
1308 628 1457 662 nostra
1483 617 1653 678 tegam?

477 688 596 730 Trux
624 697 717 731 erat
737 686 928 744 Alcides;
955 688 1029 732 sed
1058 688 1215 750 Hylam
1242 698 1437 750 spectare
1466 687 1633 732 licebat.

548 757 720 801 Ludere
744 759 965 803 Mercurio
987 775 1086 803 cum
1115 759 1368 819 Ganymede
1393 758 1505 803 licet.

479 829 521 871 Si
547 844 635 871 non
659 829 724 872 vis
749 838 920 873 teneros
946 839 1111 890 spectet
1136 831 1321 874 conviva
1348 830 1567 874 ministros
1596 845 1605 871 ;

547 898 730 942 Phineas
761 900 936 956 invites,
963 899 1086 954 Afer,
1111 909 1154 943 et
1181 899 1445 960 OEdipodas.

618 1005 854 1065 Σκυθρωπὸς
880 1009 1037 1065 ςυγνοῖς
1067 1006 1107 1063 μ’
1134 1006 1329 1065 ὄμμασιν,
1359 993 1495 1064 Ᾰφρε,
1526 1005 1698 1059 βλέπεις.

549 1074 631 1116 Καὶ
657 1074 698 1118 τί
723 1071 835 1134 ἔρεξα
859 1076 979 1118 κακὸν
1006 1075 1213 1134 θηεύμενος
1240 1071 1360 1134 ἀὲρὸν
1387 1075 1607 1136 ὑπουργόν;

559 1200 573 1206 „
619 1146 801 1203 Θηεῢμαι
825 1146 963 1199 νηοὺς,
984 1148 1116 1198 ἥλιον,
1143 1142 1272 1205 dig-pot,
1297 1145 1417 1194 θεούς.

549 1208 624 1274 Ᾱρ’
650 1214 811 1275 ἀντικρὺ
840 1215 1053 1275 πρόσωπον
1080 1216 1319 1275 ἀποςρέφω,
1345 1218 1469 1275 ὥςπερ
1501 1212 1545 1257 ἂν
1571 1215 1605 1257 εἴ
1630 1232 1696 1274 μοι

619 1287 683 1341 Δῷ
705 1279 831 1336 δέπας
853 1290 876 1333 ἡ
902 1287 1085 1357 Γοργὼν,
1107 1287 1197 1328 ὄσσε
1219 1287 1550 1345 καλυπτόμενος·
1541 1319 1551 1338 ,

551 1347 798 1405 Ᾱλκείὸης
777 1361 822 1402 ἣν
853 1357 982 1415 ὠμὸς,
1009 1344 1115 1398 Ῠλαν
1143 1355 1245 1415 ἀτὰρ
1272 1351 1423 1416 είδέμεν
1451 1352 1562 1406 ἐξῆν·

618 1416 775 1482 Εψιοίαν
803 1417 919 1486 Ερμῆ
946 1427 1013 1468 σὺν
1038 1426 1200 1487 Φρυῇ.
1189 1421 1305 1470 ’παιδὶ
1329 1444 1452 1484 παρα.

551 1495 599 1536 Εἰ
620 1496 788 1554 φθονέεις
809 1495 983 1551 συσσίτῳ
1009 1500 1101 1568 ὁρᾷν
1124 1498 1325 1556 μαλακοὺς
1348 1497 1614 1556 θεράποντας,

620 1557 795 1616 Εςίασον
825 1567 974 1620 Φινεῒς,
1006 1555 1142 1627 Ᾰφρε,
1168 1568 1234 1611 καὶ
1263 1561 1358 1609 Οίδῖ
1348 1561 1505 1617 ιποδας.

485 1682 607 1716 Horat.
619 1683 734 1717 Carm.
749 1683 810 1716 lib.
821 1683 855 1723 Ι,
867 1682 926 1716 od.
941 1683 985 1716 32
998 1709 1007 1723 ‚
1021 1695 1034 1716 1
1048 1696 1077 1716 1.
1089 1684 1157 1717 En.

542 1749 573 1768 α.
608 1736 739 1768 Lumine
767 1735 936 1769 turbidiore
965 1744 1066 1769 notas.
1096 1737 1157 1769 Ti-

486 1800 582 1821 mens
603 1801 728 1834 nempe
744 1801 788 1822 ne
802 1789 877 1834 quis
893 1801 973 1822 eum
995 1798 1085 1822 amet
1098 1815 1106 1824 ,
1125 1798 1159 1823 et

488 1849 602 1874 amato
618 1842 784 1886 potiatur.

545 1894 577 1927 5.
602 1894 745 1939 Gorgon.
767 1893 823 1928 Sic
843 1893 972 1928 dicitur
993 1894 1135 1928 Medusa
1150 1922 1157 1936 ‚

489 1945 586 1992 quod
613 1960 631 1980 e
661 1947 772 1981 tribus
805 1946 1029 1992 Gorgonibus
1066 1948 1157 1992 apud

490 2006 610 2044 poetas
628 2008 678 2033 est
699 2000 980 2039 celebratissima,
1003 2001 1158 2045 quamvis

490 2052 562 2085 sola
573 2053 680 2087 morti
689 2053 834 2086 obnoxia
847 2062 933 2086 esset
946 2078 955 2094 ‚
968 2065 1074 2098 quum
1083 2052 1159 2086 duae

491 2105 583 2139 illius
610 2117 745 2139 sorores
771 2118 888 2151 neque
920 2114 1160 2146 senectutem,

491 2170 607 2204 neque
628 2166 775 2192 mortem
797 2158 867 2204 pati
889 2167 1040 2204 possent.
1062 2159 1159 2192 Hanc

488 2219 622 2257 raptam
653 2220 687 2245 et
720 2212 756 2244 in
792 2212 959 2257 templum
993 2211 1160 2245 Minervae

492 2264 690 2300 translatam
726 2265 910 2310 Neptunus
945 2266 1158 2310 compressit.

491 2317 669 2358 Minerva,
690 2326 728 2350 ut
750 2317 847 2350 aiunt
872 2318 927 2351 alii
946 2343 955 2358 ‚
975 2317 1160 2351 formosam

494 2369 646 2404 Medusae
660 2382 794 2404 comam
809 2371 843 2403 in
860 2383 987 2416 angues
999 2370 1161 2404 horridos

496 2423 617 2464 vertit,
636 2432 669 2457 et
690 2423 783 2456 illius
803 2423 912 2457 oculis
939 2436 1012 2457 eam
1035 2423 1160 2457 indidit

493 2476 586 2516 vim,
611 2488 677 2521 qua
703 2484 856 2510 mutaret
884 2477 919 2509 in
941 2489 1036 2517 saxa,
1057 2489 1161 2522 quos-

495 2541 645 2573 cumque
666 2529 843 2574 aspiceret.
871 2530 972 2562 Hom.
996 2528 1095 2563 Iliad.
1117 2531 1161 2569 V,

501 2594 510 2614 ι
529 2594 557 2622 ι;
580 2581 718 2615 Hesiod.
739 2583 872 2628 Theog.
893 2582 1034 2616 Pindar.
1057 2583 1160 2629 Pyth.

496 2634 583 2673 Vll,
603 2634 744 2680 Olymp.
764 2637 814 2668 111
828 2648 836 2675 ;
852 2635 1013 2681 Apollod.
1032 2637 1063 2669 Il
1081 2662 1089 2676 ‚
1114 2640 1131 2675 l.
1156 2648 1164 2675 ;

494 2685 635 2721 Pausan.
661 2689 713 2727 ll,
743 2689 985 2734 16;Ap0110n.
1007 2690 1078 2729 lv]
1103 2689 1160 2723 Ci-

1218 1697 1285 1718 cer.
1309 1685 1452 1717 Werrin.
1476 1684 1542 1725 IV,
1567 1683 1636 1723 563
1657 1681 1783 1727 virgil.
1807 1683 1887 1714 AEn.

1217 1738 1253 1771 ΙΙ,
1268 1764 1277 1779 ,
1299 1739 1394 1778 6163
1418 1735 1523 1769 ovid.
1544 1736 1686 1768 Metam.
1704 1736 1768 1775 IV,
1791 1735 1862 1768 655
1876 1758 1885 1774 ,

1218 1790 1265 1831 V,
1294 1792 1375 1825 180.
1392 1789 1459 1823 En.

1271 1846 1304 1876 6.
1325 1843 1494 1888 Porrigat,
1513 1850 1541 1873 et
1571 1842 1671 1873 vultus
1694 1853 1811 1886 oraque
1829 1852 1886 1872 no-

1217 1903 1281 1927 str-cz
1308 1904 1395 1940 tegat
1414 1894 1523 1929 codex
1544 1893 1728 1927 Pulmanui
1745 1905 1752 1926 :
1772 1906 1887 1938 oraque

1218 1957 1323 1981 nostra
1334 1956 1425 1993 petat
1441 1945 1645 1981 Beverlandi
1664 1945 1735 1979 MS.

1272 2014 1304 2046 7.
1325 2001 1390 2034 Sed
1409 2001 1536 2033 liv-lam.
1560 1999 1716 2032 Herculis
1738 2010 1883 2044 puerum

1217 2054 1435 2087 notissimum
1455 2052 1498 2086 de
1518 2065 1587 2098 quo
1612 2052 1744 2097 egimus
1769 2051 1827 2083 lib.
1841 2051 1887 2089 V,

1218 2108 1325 2152 epigr.
1344 2118 1468 2139 xuni.

1273 2162 1304 2193 8.
1326 2158 1402 2193 Cum
1425 2156 1739 2192 G‹1n›·mde.Jovis
1764 2168 1885 2200 puero.

1220 2213 1251 2243 V
1257 2211 1302 2244 id.
1324 2224 1418 2257 supr.
1439 2211 1546 2256 epigr.
1568 2222 1662 2247 xvu,
1679 2222 1728 2242 v.s
1749 2212 1782 2241 6.

1277 2278 1331 2298 ιο.
1343 2265 1491 2297 Phineas.
1504 2263 1722 2296 Accusativus
1738 2269 1788 2295 est
1802 2273 1888 2307 grae-

1220 2331 1294 2352 cus,
1323 2317 1474 2350 Phineus
1498 2315 1584 2349 duas
1610 2327 1738 2348 uxores
1763 2313 1889 2354 duxit;

1220 2370 1358 2404 alterius
1383 2382 1485 2404 suasu
1510 2377 1685 2414 susceptos
1706 2380 1745 2401 ex
1773 2367 1890 2412 priore

1219 2423 1347 2457 liberos
1364 2423 1561 2464 excaecavit,
1573 2434 1676 2467 quam
1693 2421 1738 2453 ob
1754 2431 1887 2452 causam

1221 2486 1253 2510 et
1274 2478 1344 2522 ipse
1365 2489 1382 2509 a
1402 2476 1475 2509 Diis
1492 2482 1677 2509 excaecatus
1696 2481 1756 2506 est.
1778 2470 1889 2504 OEdi-

1220 2530 1255 2576 pi
1284 2543 1365 2563 vero
1391 2529 1532 2562 historia
1560 2536 1640 2561 nota
1663 2535 1710 2559 est
1737 2537 1777 2557 ex
1801 2525 1890 2556 auti-

1221 2583 1299 2628 quis
1328 2583 1489 2616 omnibus
1506 2607 1514 2621 ‚
1541 2581 1624 2626 qui,
1648 2577 1795 2623 cognitis
1822 2577 1890 2609 suis

1221 2636 1406 2669 sceleribus
1421 2662 1428 2674 ,
1448 2635 1512 2667 sibi
1532 2634 1603 2678 ipse
1617 2632 1735 2665 oculos
1753 2628 1888 2662 effodit.

1222 2690 1345 2722 Sensus
1368 2697 1413 2722 est
1434 2700 1439 2720 :
1458 2687 1487 2719 Ο
1512 2687 1606 2724 Afer,
1623 2698 1730 2719 circos
1753 2682 1888 2716 invites.
