1978 3305
367 234 961 280 EPIGRAMMATUM
999 233 1256 278 LIB.VII.

1421 236 1517 282 215

250 325 307 367 Et
327 324 592 367 Punicorum
620 340 757 385 pauca
783 340 917 386 grana
937 324 1172 379 malorum,

251 395 307 437 Et
327 404 544 439 excavatae
565 394 687 455 pellis
713 395 915 439 indecens
941 394 1101 449 vulvae,

250 465 306 507 Et
332 463 447 525 lippa
474 464 582 509 ficus
596 501 608 520 ,
629 465 868 527 debilisque
889 465 1071 510 boletus.

249 533 333 578 Sed
359 551 516 597 mappa
542 553 676 597 quum
704 536 796 596 jain
826 534 941 581 mille
968 538 1185 598 rumpitur
1211 537 1359 590 furtis,

250 607 390 649 Rosos
414 608 577 667 tepenti
598 606 833 668 spondylos
856 608 954 651 sinu
978 606 1149 661 condit,

249 678 303 720 'Et
324 676 534 720 devorato
557 678 698 738 capite
724 687 938 721 turturem
964 687 1182 722 truncum.

248 745 464 806 Colligere
489 746 620 808 longa
645 757 772 808 turpe
794 764 875 792 nec
896 757 1022 808 putat
1042 747 1194 792 dextra

248 816 479 871 Analecta,
503 818 712 879 quidquid
733 827 775 862 et
796 834 927 862 canes
951 817 1230 878 reliquerunt.

245 888 337 931 Nec
367 887 588 932 esculenta
613 888 777 933 sufficit
807 888 918 950 gulae
947 888 1118 949 praeda,

244 958 385 1002 Mixto
410 957 608 1020 lagenam
635 959 774 1020 replet
796 959 851 1003 ad
877 959 1008 1020 pedes
1034 960 1150 1003 vino.

245 1029 348 1072 Haec
376 1045 453 1089 per
479 1029 687 1074 ducentas
714 1047 848 1091 quum
879 1030 1058 1074 domum
1090 1029 1188 1074 tulit
1215 1030 1376 1085 scalas,

101 1184 180 1217 ollis
209 1186 446 1219 servabantur.
472 1186 564 1220 Plin.
583 1187 629 1227 V,
652 1200 681 1220 c.
711 1199 776 1232 173

103 1238 244 1271 Colum.
260 1238 350 1278 XII,
369 1251 398 1272 c.
417 1238 476 1279 43.
498 1240 565 1273 En.

160 1302 214 1323 11.
245 1291 293 1323 Et
319 1299 477 1325 eoecavatce
499 1293 620 1337 pelvis,
653 1294 779 1327 Bever-

101 1342 196 1376 laudi
220 1343 298 1377 MS.
323 1364 374 1370 —-
403 1346 451 1378 Et
473 1354 641 1379 eoecavatoe.
669 1347 777 1380 Exesa

99 1396 195 1429 enim
221 1408 328 1430 carne
353 1398 425 1432 sola
455 1398 556 1444 pellis
586 1408 776 1445 supererat.

100 1449 242 1495 Apicius
255 1476 264 1490 ,
281 1450 343 1483 lib.
364 1451 455 1492 VII,
474 1463 548 1497 cap.
576 1464 607 1485 1.
629 1453 697 1486 En.

157 1514 171 1536 1
183 1515 215 1536 2.
234 1504 284 1536 Et
300 1503 491 1549 lippaficus.
512 1505 541 1538 E
557 1517 625 1550 qua
642 1513 776 1539 matura

100 1555 229 1589 lacteus
249 1556 392 1599 humor,
412 1557 635 1603 lippitudinis
653 1559 775 1601 instar,

99 1607 191 1644 fluit.
202 1630 254 1635 —
265 1610 446 1656 Debilc'sque
462 1611 590 1644 boletus.
608 1612 701 1654 Quia
713 1625 774 1657 pa-

99 1674 177 1694 rum
200 1661 328 1707 durat,
356 1676 428 1696 non
454 1664 632 1710 optimus,
660 1665 777 1711 inquit

99 1714 126 1747 F
128 1716 292 1750 arnabius
308 1728 316 1750 ε
331 1716 439 1750 immo
456 1718 589 1751 recisus
605 1718 660 1751 vel
676 1719 775 1752 nullo

99 1776 158 1801 aut
173 1767 281 1802 debili
292 1770 401 1803 caule.
419 1770 776 1814 G1·0novius.—Quid-

98 1821 135 1854 ni
162 1822 303 1856 mollem
325 1818 374 1856 εἰ(
387 1824 618 1857 tenerrimum
645 1824 775 1859 intelli-

96 1886 172 1919 gas,
186 1875 283 1910 velut
294 1888 372 1923 quae
388 1876 482 1922 apud
496 1877 676 1912 helluones
688 1879 775 1912 istos

100 1928 247 1962 maxime
261 1929 297 1963 in
309 1930 425 1975 pretio
440 1939 475 1964 et
493 1929 641 1973 deliciis,
655 1935 774 1966 ameris

98 1981 267 2015 medullula
280 2010 289 2024 ,
308 1992 373 2017 etc.
389 1983 458 2017 En.

155 2033 212 2068 13.
241 2035 411 2081 Rumpitur
429 2039 536 2078 cunis,
558 2036 671 2072 codex
694 2039 773 2072 Flo-

97 2087 267 2122 rentinus.
289 2110 340 2115 —
362 2089 455 2123 Mille
470 2091 583 2132 furtis.
606 2091 682 2124 Hoc
703 2099 774 2133 est,

97 2140 283 2175 esculentis
304 2142 340 2175 in
363 2155 488 2188 mappa
508 2143 684 2178 involutis.

154 2197 209 2233 14.
231 2194 412 2240 Spondylos
429 2198 499 2228 sinu
518 2197 636 2231 condit.
647 2197 774 2231 Verte-

98 2246 222 2280 brasne
235 2248 465 2282 animalium?
485 2262 528 2283 an
546 2250 676 2296 pisces,
693 2263 773 2284 cum

97 2298 280 2332 Macrobio
314 2308 348 2334 et
383 2300 513 2335 Seneca
529 2328 538 2344 ,
572 2303 634 2349 qui
670 2304 774 2349 vulgo

98 2352 229 2385 υτεΙιίηοῖὶ
237 2357 256 2384 :⁷
272 2365 315 2385 an
329 2354 532 2388 salsamenta
544 2380 554 2396 ,
571 2368 650 2389 cum
665 2356 774 2390 Athe-

97 2404 196 2437 naeo?
212 2404 396 2440 Salmasius
411 2419 495 2441 vero
512 2406 557 2440 de
575 2409 650 2442 aliis
667 2422 772 2454 spon·

97 2457 188 2502 dylis
205 2471 277 2491 non
295 2459 361 2492 hoc
377 2459 647 2505 intelligendum
665 2460 769 2501 dicit,

96 2523 200 2556 quam
217 2509 261 2544 de
279 2520 474 2546 ostrearum
491 2513 695 2548 cervicibus.
710 2514 772 2547 Pe-

98 2564 215 2597 tronio
236 2565 456 2599 cochlearum
478 2567 629 2600 cervices
647 2566 774 2600 dicun·

97 2624 166 2657 tur,
179 2617 239 2662 qui
250 2618 380 2652 Graecis
400 2620 775 2666 τράχηλει.-8Ι)οη(ζγίι“

96 2677 179 2702 sunt
192 2670 294 2705 etiarn
310 2673 476 2706 vertebrae
495 2673 621 2718 quihus
641 2682 773 2707 constat

837 1188 935 1233 spina
947 1186 1052 1221 dorsi.
1063 1187 1155 1222 Plin.
1167 1187 1325 1229 XXXII,
1339 1201 1369 1221 c.
1379 1200 1392 1221 1
1405 1199 1418 1220 1
1427 1214 1435 1222 .
1446 1189 1512 1223 En.

895 1240 952 1274 15.
974 1241 1161 1275 Indevorato
1183 1242 1284 1286 capite
1307 1240 1388 1274 Ald.
1413 1241 1510 1275 Junt.

837 1293 953 1327 Colin.
977 1293 1114 1340 Gryph.
1141 1301 1205 1328 etc.
1233 1292 1433 1328 Sedffllant.
1449 1294 1512 1328 Ju-

835 1346 928 1380 nian.
941 1354 976 1380 et
985 1347 1112 1392 Delph.
1124 1347 1203 1380 Inde
1215 1354 1328 1380 ”exorato
1341 1350 1451 1392 capite.
1460 1370 1512 1374 ——-

836 1400 886 1433 Et
901 1400 1062 1440 devorata,
1084 1408 1150 1434 etc.
1171 1399 1313 1434 Sanctra
1332 1408 1509 1434 turturem

835 1453 950 1498 capite
968 1452 1126 1487 detracto
1147 1453 1285 1487 furatus*
1302 1462 1363 1487 est.

893 1509 950 1540 16.
968 1507 1038 1540 Nec
1051 1506 1153 1552 pudet
1171 1505 1226 1540 ed.
1247 1507 1356 1552 antiq.
1375 1506 1509 1540 Ferrar.

835 1571 915 1593 ann.
942 1564 1052 1604 1471.
1079 1559 1199 1592 Aldin.
1225 1559 1368 1594 Juntin.
1394 1560 1510 1594 Colin.

835 1612 973 1658 Gryph.
996 1612 1107 1658 Lang.
1127 1613 1241 1646 Plant.
1260 1613 1407 1646 Junian.
1428 1613 1511 1646 Pul·

834 1670 926 1699 mah.
959 1665 1087 1711 Delph.
1118 1666 1203 1700 aliae.
1235 1665 1358 1699 Lectio
1393 1674 1511 1700 nostra

833 1717 985 1752 debetur
1007 1720 1135 1752 Dousae
1156 1719 1214 1761 Ρ.,
1238 1719 1408 1764 probante
1426 1720 1509 1752 Pul-

833 1773 1166 1818 mauno.—-Longa.
1189 1772 1354 1806 Porrecta
1373 1784 1381 1806 ε
1400 1772 1511 1817 longae

831 1825 1008 1859 latronum
1027 1837 1162 1859 manus.

890 1890 948 1924 17.
971 1878 1142 1912 Analecta.
1165 1878 1252 1920 Quae
1270 1878 1335 1911 sub
1353 1890 1510 1912 mensam

832 1930 1003 1965 cadebant
1011 1956 1021 1973 ,
1032 1931 1086 1964 vel
1096 1931 1384 1978 projiciebantur,
1394 1939 1510 1965 erant-

833 1995 902 2030 que
926 1984 1095 2018 ministris
1120 1983 1421 2030 relegenda.Vide
1448 1984 1509 2017 lib.

833 2038 934 2081 XIV,
953 2038 1062 2084 epigr.
1082 2050 1183 2071 Lxxx.

891 2093 949 2125 18.
972 2091 1041 2125 Nec
1061 2091 1220 2131 esculetis,
1244 2090 1430 2123 Pulmanni
1451 2101 1509 2122 co-

833 2142 910 2177 dex.
922 2144 991 2178 Nec
1006 2144 1192 2184 esculentus,
1212 2142 1418 2177 Beverlandi
1433 2143 1510 2176 MS.

836 2196 932 2231 Gulce
951 2197 1108 2242 praedari,
1137 2194 1246 2230 codex
1263 2197 1344 2229 Vat.
1368 2216 1419 2221 --
1442 2195 1510 2229 Nec

832 2251 1000 2290 esculenta,
1022 2258 1086 2283 etc.
1103 2250 1136 2283 N
1139 2262 1178 2283 ec
1194 2249 1288 2282 cibos
1306 2256 1442 2283 tantum
1460 2260 1510 2282 ra·

833 2303 906 2348 pit,
928 2311 962 2337 et
984 2315 1076 2336 escas
1096 2302 1243 2336 furatur.

891 2367 948 2400 19.
973 2355 1033 2389 Ad
1046 2355 1141 2400 pedes
1163 2367 1257 2393 mero,
1282 2352 1391 2386 codex
1414 2354 1441 2387 F
1443 2354 1507 2388 lor.

834 2409 941 2447 male,
959 2417 997 2442 ut
1014 2420 1055 2441 ex
1070 2407 1228 2441 numeris
1241 2407 1510 2452 paten—Misto

833 2462 990 2505 lagenam.
1001 2459 1174 2494 subducit
1185 2460 1288 2493 etiam
1296 2460 1415 2493 vinum
1424 2472 1510 2505 aqua

835 2522 1079 2559 temperatum,
1089 2512 1183 2559 quod
1194 2513 1282 2546 servi
1293 2512 1335 2546 ad
1344 2512 1450 2558 pedes
1462 2513 1513 2546 bie

835 2567 974 2607 bebant;
984 2567 1037 2600 vel
1047 2568 1211 2612 lagenam,
1224 2578 1329 2611 quam
1342 2566 1447 2599 habet
1454 2578 1511 2610 pa·

836 2628 941 2653 ratam
956 2619 998 2653 ad
1016 2619 1234 2665 petle5‚vino
1251 2619 1358 2652 mixto
1376 2619 1508 2664 implet.

891 2686 943 2706 πο.
971 2674 1042 2706 Hoc
1065 2687 1121 2716 per
1149 2673 1296 2705 ducentas
1327 2672 1360 2704 in
1389 2671 1508 2705 codice

1222 2733 1307 2798 14⁴
