1978 3305
480 228 573 277 558

851 229 911 271 Μ.
939 227 1073 269 VAL.
1113 226 1500 269 MARTIALIS

649 315 781 376 Cydae
805 324 918 358 stare.
947 313 1120 375 putabis
1150 313 1450 356 Hermeroten.

650 387 729 430 Vis
757 394 803 428 tu
835 383 1072 445 simplicius
1103 398 1247 427 senem
1283 382 1437 426 fateri?

651 458 715 499 Ut
734 455 911 499 tandem
933 453 1121 497 videaris
1149 469 1261 496 unus
1284 469 1377 497 esse
1391 489 1402 508 ,
1853 478 1882 493 ι.)

650 528 820 570 Tonsor
838 525 928 586 jam
952 523 1140 585 reliquos
1161 532 1297 567 metat
1320 522 1510 584 capillos.

651 595 789 640 Calvo
812 595 982 657 turpius
1003 604 1068 639 est
1091 593 1197 638 nihil
1221 603 1405 638 comato.

480 719 610 753 tionem
637 719 717 751 fecit
739 718 803 752 lib.
823 717 896 758 IX,
926 716 1037 763 epigr.
1057 727 1152 755 mn,

478 771 684 818 Telesphori
709 771 771 804 lib.
809 771 863 803 XI
875 795 884 812 ‚
913 769 1022 816 epigr.
1058 781 1152 802 xxw.

482 825 612 858 Sensus
631 825 740 858 totius
754 823 824 857 loci
839 831 905 856 est:
920 821 1049 857 Credes
1065 830 1155 855 stare

481 878 715 923 Halmyroten‚
740 877 847 910 latine
874 875 1051 909 Marinum
1080 872 1155 913 (vel

482 932 598 964 forsan
618 931 863 964 Hermerotem
879 929 944 974 leg.
961 937 998 961 ut
1013 936 1087 960 not.
1110 925 1155 960 ad

479 996 531 1018 vs.
544 983 594 1025 8),
613 983 703 1016 inter
719 981 808 1015 duos
824 994 954 1027 pueros
975 988 1128 1014 comatos
1146 991 1154 1012 ε

480 1037 528 1071 ita
542 1037 602 1070 lib.
621 1037 669 1073 V,
687 1048 742 1081 ep.
762 1047 843 1068 xnx
857 1060 866 1076 ‚
883 1034 1076 1069 Labienum
1090 1032 1158 1066 cal-

481 1102 562 1123 vum
580 1088 739 1134 Geryoni
760 1087 909 1132 tricipiti
929 1085 1154 1133 comparavit.

537 1145 570 1178 8.
603 1142 732 1175 Cidesta
757 1140 914 1185 reputabis
933 1141 1157 1173 lzermorontem

480 1195 558 1229 cod.
588 1195 721 1228 Beverl.
754 1193 836 1227 cide·
855 1193 970 1227 Colin.
996 1201 1031 1226 et
1058 1193 1157 1225 Junt.

484 1249 576 1282 Cidae
610 1246 693 1281 edd.
721 1247 830 1280 Paris.
866 1248 977 1291 1617.
1010 1246 1157 1279 Farnab.

480 1302 594 1334 Maitt.
618 1301 721 1334 Barb.
745 1301 962 1333 Hermerotem
982 1297 1061 1333 cod.
1079 1299 1160 1332 Pul-

480 1367 598 1387 mann.
628 1362 662 1387 et
683 1353 784 1387 Barb.
820 1352 874 1386 ed.
889 1353 1096 1386 Hermeroten
1117 1365 1158 1386 ex

480 1415 548 1440 vet.
564 1408 625 1441 lib.
640 1406 830 1452 legendum
845 1414 943 1440 notat
963 1405 1156 1439 Flosculus.

480 1462 703 1506 Halmyroten.
721 1459 801 1494 edd.
818 1459 1062 1506 vett.—Q7'dae
1074 1467 1158 1491 stare

475 1516 603 1559 putabis
616 1541 625 1554 ,
646 1521 712 1547 etc.
732 1512 840 1559 Cydae
860 1512 977 1546 nescio
1000 1513 1097 1557 cujus
1117 1512 1158 1545 fi-

479 1568 564 1600 lium
584 1593 593 1607 ,
634 1567 880 1600 Hermerotem
918 1564 1060 1611 quidam
1095 1578 1158 1598 vo-

481 1621 588 1657 luere,
602 1620 659 1653 alii
674 1619 877 1661 dominum;
891 1619 1033 1665 utrique
1049 1618 1156 1652 male:

481 1674 605 1718 Crdam
619 1681 676 1706 aut
692 1673 877 1719 pictorem,
888 1673 942 1705 vel
955 1672 1159 1705 statuarium

479 1726 646 1772 intellige.
673 1726 854 1760 Flosculus
879 1725 979 1759 Statii
1005 1725 1160 1758 auctori-

1212 723 1284 749 tate
1293 715 1403 749 fretus
1410 740 1419 758 ,
1429 715 1558 761 probat
1567 714 1702 761 Cydam
1719 715 1885 749 artificem

1212 769 1316 802 fuisse
1336 777 1440 815 atque
1462 768 1634 802 effinxisse
1655 768 1886 815 Halmyroten

1213 830 1272 854 aut
1303 822 1546 855 Hermeroten.
1570 822 1728 868 Uterque
1761 834 1886 867 nempe

1213 875 1307 908 Deus
1329 886 1337 907 :
1367 873 1426 908 sed
1458 887 1516 908 eos
1544 875 1620 920 quis
1649 874 1774 908 novit?
1796 875 1885 907 Dein

1214 928 1440 973 Compositus
1453 927 1642 961 Hermeros
1654 940 1693 961 ex
1708 927 1886 961 Mercurio

1214 988 1248 1013 et
1263 982 1391 1014 Amore
1411 993 1454 1014 an
1476 981 1591 1014 calvus
1612 980 1712 1014 erat?
1728 981 1888 1026 Denique

1214 1032 1386 1067 Heraldus
1400 1032 1561 1066 emendat
1574 1034 1668 1066 hunc
1681 1045 1815 1066 versum
1827 1058 1837 1074 ,
1854 1041 1887 1066 et

1215 1085 1297 1131 legit
1309 1099 1316 1119 :
1328 1086 1382 1120 Sic
1402 1094 1505 1118 astare
1513 1085 1645 1132 putabis
1666 1087 1887 1133 Halmyroten.

1214 1138 1259 1172 Et
1276 1138 1320 1172 ad
1340 1139 1376 1172 id
1394 1139 1708 1184 interrogantibus:
1731 1137 1847 1180 «Quid
1861 1139 1887 1171 si

1215 1192 1305 1238 legas
1326 1205 1408 1225 cum
1427 1191 1600 1234 Heraldo,
1615 1192 1668 1226 Sic
1686 1192 1811 1224 adstare
1827 1205 1889 1237 pu-

1217 1246 1315 1285 tabis,
1328 1254 1393 1279 etc.
1411 1253 1445 1279 et
1460 1246 1619 1291 sequenti
1638 1257 1738 1278 versu
1751 1270 1760 1285 ‚
1782 1245 1842 1277 Vis
1858 1253 1890 1277 tu

1215 1299 1412 1343 simplicius?
1425 1311 1524 1331 senem
1530 1299 1638 1341 fatere
1651 1315 1664 1328 n
1682 1297 1892 1343 ,respondet

1217 1351 1444 1386 Gronovius:
1470 1369 1483 1381 «ι
1508 1352 1601 1385 Male
1626 1351 1778 1385 fecerim.
1802 1351 1890 1383 Nam

1219 1405 1321 1451 Cydoe
1341 1404 1549 1438 vocabulum
1570 1418 1641 1438 non
1665 1417 1736 1438 esse
1755 1412 1892 1437 mutan-

1218 1457 1301 1491 dum
1321 1459 1400 1492 satis
1418 1458 1545 1504 probat
1563 1457 1757 1491 Scriverius
1773 1469 1781 1490 t
1806 1456 1893 1490 illud

1217 1519 1351 1553 autem,
1372 1513 1424 1544 vis
1448 1519 1481 1543 lu
1501 1512 1603 1554 fateri
1612 1537 1620 1550 ,
1644 1511 1818 1556 eleganter
1840 1508 1888 1542 di-

1218 1573 1314 1599 ctum
1348 1563 1564 1598 ostendimus
1590 1562 1632 1598 ad
1662 1563 1829 1597 Senecam
1851 1561 1894 1596 de

1219 1619 1276 1651 Ira
1302 1618 1341 1659 3,
1370 1618 1432 1659 38,
1455 1625 1488 1651 et
1508 1617 1681 1664 epist.58.
1700 1634 1713 1645 n

1279 1684 1334 1705 12.
1361 1670 1505 1704 Comata.
1526 1670 1711 1705 Calvitiem
1733 1668 1894 1703 dissimu-

1219 1725 1312 1758 lante
1323 1750 1333 1765 ‚
1351 1733 1389 1757 ut
1406 1731 1565 1758 comatus
1579 1722 1753 1756 videatur.

993 1843 1376 1900 LXXXIV.

765 1984 825 2012 Dr,
865 1983 1034 2019 Arno,
1076 1982 1143 2010 An
1183 1961 1618 2011 CAEDITIANUM.*

550 2094 778 2145 MIRARIS,
803 2106 937 2151 quare
961 2089 1197 2134 dormitum
1223 2106 1311 2133 non
1333 2099 1401 2132 eat
1424 2087 1560 2132 Afer?

622 2161 868 2207 Accumbat
894 2177 994 2205 cum
1021 2176 1129 2221 qua,
1153 2160 1412 2211 Caeditiane,
1438 2159 1568 2203 vides.

536 2278 549 2293 ⁶
573 2282 780 2316 Coecilianum
804 2281 883 2323 alii,
910 2293 928 2314 e
957 2279 1086 2327 quibus
1105 2278 1162 2313 ed.

483 2336 559 2370 Par.
590 2339 700 2381 1617.
726 2344 760 2369 et
783 2335 957 2369 Caeciliane
984 2334 1020 2366 in
1041 2345 1075 2367 v.
1099 2345 1163 2379 po-

483 2390 632 2423 steriori.
654 2390 730 2422 Hoc
758 2389 861 2422 etiam
884 2387 1052 2422 exhibent
1083 2385 1162 2419 Ald.

482 2444 582 2476 Junt.
613 2442 731 2476 Colin.
764 2454 841 2488 quae
871 2440 956 2474 dant
991 2440 1163 2486 epigram-

483 2496 584 2529 matis
595 2496 698 2529 titulo
709 2495 784 2529 haec
794 2495 866 2528 sola
881 2494 988 2527 verba
1000 2494 1051 2526 De
1066 2495 1162 2535 Ali-o.

540 2562 573 2582 α.
598 2549 785 2581 Accumbat.
816 2548 949 2594 Saepins
977 2546 1071 2581 dicta
1099 2559 1164 2580 vox

486 2601 528 2635 de
543 2602 765 2647 epulantibus
778 2609 812 2635 et
834 2601 868 2634 in
889 2610 966 2635 toro
984 2599 1026 2634 ad
1046 2600 1165 2633 convi-

486 2654 637 2688 vandum
678 2655 976 2688 recumbentibus.
1010 2652 1079 2686 Sed
1107 2652 1164 2685 hic

1223 2278 1268 2313 de
1295 2280 1485 2313 concubitu
1505 2279 1624 2313 uxoris
1641 2287 1675 2312 et
1703 2279 1831 2313 mariti.
1849 2279 1901 2312 Si-

1223 2332 1307 2366 mile
1337 2332 1434 2379 apud
1465 2333 1607 2367 Graecos
1636 2332 1837 2378 παρακοίτης
1868 2340 1901 2366 et

1224 2388 1414 2431 παράκοιτις
1435 2408 1488 2413 --
1509 2385 1696 2419 Coeditiane.
1733 2385 1903 2419 Caeciliane

1226 2439 1260 2472 in
1285 2439 1338 2472 his
1359 2440 1417 2485 qui
1439 2440 1474 2473 in
1493 2440 1656 2473 lemmate
1677 2439 1900 2474 Caecilianum

1226 2492 1404 2526 exhibent.
1419 2493 1498 2526 Cum
1511 2506 1584 2540 qua.
1598 2492 1774 2527 Nimirum
1795 2503 1902 2525 uxore

1225 2545 1397 2587 deformi,
1411 2546 1485 2580 sine
1496 2558 1564 2591 qun
1575 2545 1679 2579 satius
1690 2554 1739 2579 est
1749 2544 1904 2589 vigilare.

1225 2611 1328 2645 quam
1350 2612 1428 2633 cum
1453 2600 1509 2632 illa
1532 2598 1758 2632 dormire.--
1782 2597 1899 2632 l'n'a'es.

1227 2651 1368 2697 quidam
1396 2653 1475 2684 ride.
