1978 3305
422 222 512 274 104

785 219 848 261 M.
872 218 1015 261 VAL.
1054 215 1450 259 MARTIALIS

950 364 1291 422 LXXXII.

917 522 976 552 IN
1026 500 1324 552 clinnum*

490 650 619 706 QUID
640 646 926 708 promittebas
945 646 1052 690 mihi
1073 645 1207 691 millia
1222 681 1234 703 ,
1258 647 1429 702 Gaure‚
1449 645 1662 701 ducenta3

560 719 604 762 Si
625 717 728 762 dare
750 733 840 762 non
861 727 1037 778 poteras
1059 715 1194 761 millia
1208 752 1221 773 ,
1242 717 1413 773 Gaure,
1434 714 1615 760 decem?

491 790 559 832 An
582 797 728 850 potes,
753 797 798 832 et
816 804 906 832 non
930 786 1024 832 vis?
1043 804 1174 849 rogo,
1191 803 1282 831 non
1302 796 1368 831 est
1387 787 1557 848 turpius
1577 784 1721 831 istud?

561 859 606 915 Ι,
627 859 705 903 tibi
732 858 975 920 dispereas,
997 860 1146 903 Gaure
1167 874 1176 901 :
1204 856 1384 919 pusillus
1405 857 1540 902 hoino
1564 873 1623 901 es.

489 992 502 1006 '‘
523 997 679 1030 Avarum
698 995 811 1042 carpit
831 995 992 1029 Gaurum
1005 1019 1015 1036 ,
1038 994 1103 1040 qui

428 1062 537 1097 quum
554 1058 667 1096 poetae
687 1048 836 1084 ducenta
850 1048 959 1082 millia
975 1047 1044 1080 HS.
1066 1047 1105 1080 in

429 1105 541 1137 foenus
555 1102 770 1149 promisisset
781 1127 790 1144 ,
805 1101 940 1147 petenti
961 1113 1026 1134 nec
1043 1098 1105 1133 de-

430 1169 507 1191 cem
522 1156 631 1189 millia
647 1155 790 1189 credere
806 1153 928 1188 voluit.

488 1222 503 1242 1
512 1236 520 1243 .
533 1209 632 1254 Quid.
641 1225 653 1238 u
662 1210 703 1241 In
713 1206 919 1253 denegando
931 1206 1031 1252 queis
1041 1218 1107 1251 pu-

433 1264 500 1298 dor
512 1270 563 1296 est
576 1262 758 1308 paululum
775 1272 783 1294 :
798 1268 880 1306 post
893 1259 958 1292 uhi
971 1267 1108 1304 tempus

433 1326 485 1352 est
500 1315 671 1363 promissa
681 1316 753 1359 jam
765 1313 909 1359 perfici,
923 1320 986 1346 etc.
996 1311 1109 1345 »Cha-

433 1371 534 1405 rinus
551 1367 645 1413 apud
665 1368 807 1401 Terent.
818 1365 1085 1399 —Promittebas
1096 1392 1107 1406 ,

435 1431 500 1457 etc.
517 1422 644 1455 Mutuo
654 1444 664 1462 ‚
683 1420 818 1453 foenore
830 1445 839 1461 ‚
857 1419 914 1453 vel
928 1417 1045 1464 gratis.
1059 1439 1110 1444 —

438 1476 547 1510 Millia
582 1474 714 1507 ducenta
725 1484 739 1513 ‚·
778 1472 936 1514 circiter,
974 1472 993 1505 3
1004 1476 1110 1512 Ι,4οο

438 1528 675 1563 francicorum
686 1526 790 1560 :Tab.
806 1525 914 1559 Num.
926 1524 987 1558 fin.
1001 1526 1018 1557 Ι
1029 1524 1111 1559 Vol.

503 1594 534 1614 2.
557 1580 594 1613 Si
620 1580 697 1613 dare
718 1592 780 1612 non
799 1587 938 1624 poteras.
960 1577 1028 1611 Vel
1050 1577 1112 1611 foe·

440 1635 541 1675 nori,
563 1633 619 1666 vel
640 1632 756 1679 gratis.

495 1688 530 1721 3.
551 1687 638 1720 Ante
649 1693 739 1731 poles
750 1693 781 1717 et
794 1698 855 1717 non
867 1684 1041 1718 Schrevel.
1057 1682 1114 1717 ed.

443 1753 497 1774 an.
520 1753 533 1774 1
544 1742 617 1784 670
631 1765 640 1780 ‚
658 1750 843 1784 operarum
858 1738 968 1783 lapsu.
987 1737 1043 1770 An
1055 1750 1114 1781 po-

443 1803 500 1833 tes,
519 1801 549 1825 et
561 1805 622 1824 non
638 1795 688 1825 vis
701 1819 710 1832 ‚
728 1804 806 1835 rogo
815 1796 833 1823 Ρ
845 1790 921 1824 Non
936 1798 983 1822 est
997 1792 1116 1835 turpius

443 1846 530 1880 istud
545 1845 583 1879 Si
601 1844 658 1877 tibi
674 1858 686 1877 .-
705 1845 875 1889 Dispereas
888 1870 897 1883 ‚
923 1842 1044 1883 Gaul-e,
1055 1856 1117 1888 pu-

442 1900 531 1932 sillus
542 1900 631 1931 homo
646 1911 676 1930 es
691 1897 844 1931 correxit
854 1896 992 1941 Lipsius
1005 1896 1117 1941 Epist.

444 1953 579 1994 Quaest.
594 1963 626 1992 1,
647 1951 666 1984 5
677 1975 687 1992 ,
704 1962 780 1995 quae
795 1950 899 1983 lectio
911 1962 982 1982 non
999 1949 1118 1982 minus

444 2005 608 2038 intricata
627 2011 698 2044 est,
715 2002 851 2049 judicio
867 2001 1011 2035 Heraldi
1024 2026 1034 2040 ,
1057 2002 1118 2048 qui

444 2057 631 2104 proposuit
657 2068 665 2089 :
687 2058 743 2090 An
765 2064 853 2100 potes
868 2083 875 2094 ‚
901 2063 931 2087 et
953 2068 1014 2088 nou
1042 2057 1087 2087 ris
1100 2060 1118 2086 :²

446 2113 537 2156 Rogo
559 2123 620 2143 non
641 2117 686 2142 cst
709 2112 828 2154 turpius
849 2108 936 2141 istud
955 2109 1008 2141 Sic
1030 2108 1086 2140 tibi
1099 2114 1118 2140 ,ἃ

445 2166 643 2209 Ηίςμενεαηι,
667 2162 790 2203 Gom-e,
809 2170 872 2195 otc.
885 2162 966 2193 Ant.
979 2161 1016 2193 a'c
1030 2162 1118 2207 Boo)-

447 2220 540 2262 conj.
555 2217 701 2261 Atpoles
716 2242 724 2255 ,
744 2224 773 2247 et
784 2227 845 2248 non
858 2217 907 2247 vis
921 2228 932 2247 .·
944 2228 1034 2259 rogo,
1049 2222 1115 2247 etc.

446 2278 487 2303 ut
508 2270 552 2303 sit
572 2268 752 2314 prolepsis.
774 2269 820 2301 At
843 2266 937 2301 dices
956 2268 1118 2308 fortasse,

446 2331 480 2355 te
494 2335 592 2367 posse
609 2321 770 2367 quidem3
787 2319 931 2355 sednon
946 2320 1042 2353 velle.
1061 2320 1116 2353 Cf.

447 2375 521 2409 Cic.
538 2374 632 2407 Fam.
652 2375 714 2408 lib.
734 2375 827 2416 Vll,
841 2373 942 2419 epist.
961 2386 1066 2406 xx111.
1081 2373 1117 2405 Si

447 2428 504 2460 tihi
521 2428 663 2472 desperas
681 2426 759 2460 cod.
779 2427 962 2460 Pulmanni
984 2439 991 2460 z
1009 2426 1046 2460 Si
1063 2427 1119 2458 tihi

444 2481 546 2514 etiam
562 2480 596 2513 in
611 2479 816 2514 Beverlandi
833 2480 907 2513 MS.
921 2479 1040 2513 Lectio
1058 2492 1117 2512 no-

445 2541 513 2566 stra
528 2533 676 2566 debetur
687 2533 870 2578 Scaligero.
884 2533 989 2566 Homo
998 2542 1043 2565 es!
1052 2534 1115 2566 Be-

444 2585 599 2620 verlandi
620 2585 694 2619 MS.
718 2606 770 2613 --
790 2587 845 2620 Aa
862 2595 950 2629 potes
965 2614 972 2626 ,
995 2585 1030 2619 Si
1051 2598 1115 2630 po·

1162 1003 1252 1028 teras
1261 1019 1270 1035 ‚
1285 993 1401 1040 inquit
1413 1003 1534 1040 poeta,
1547 1002 1583 1028 et
1596 994 1758 1035 nolebas,
1772 1006 1835 1029 cur

1162 1059 1198 1081 es
1208 1047 1406 1093 pollicitus?
1415 1059 1536 1081 nonne
1547 1047 1616 1081 hoc
1626 1055 1678 1081 est
1688 1047 1837 1092 turpius,

1163 1112 1270 1147 quam
1279 1100 1307 1134 si
1318 1100 1406 1133 mihi
1418 1100 1551 1146 petenti
1563 1126 1572 1142 ,
1586 1100 1704 1134 statim
1714 1113 1731 1134 a
1741 1100 1839 1146 prin-

1164 1153 1257 1199 cipio
1284 1164 1461 1198 negasses3
1485 1160 1546 1187 aut
1565 1153 1656 1186 nihil
1683 1153 1839 1200 petenti,

1165 1206 1256 1239 nihil
1274 1206 1454 1252 pollicitus
1472 1218 1573 1240 esses.
1590 1206 1678 1248 Quae
1695 1206 1838 1240 noluisti

1165 1259 1255 1292 mihi
1269 1259 1373 1301 dare,
1393 1271 1432 1293 ea
1446 1259 1510 1293 tibi
1524 1259 1674 1300 habeas,
1691 1260 1781 1293 male
1797 1259 1840 1293 iis

1167 1312 1293 1354 utaris,
1314 1325 1392 1358 quae
1409 1324 1476 1346 nec
1496 1312 1586 1346 bene
1604 1312 1669 1345 tibi
1689 1320 1838 1346 vertant.

1167 1366 1221 1399 Ita
1237 1365 1437 1399 emendavit
1453 1364 1645 1399 Scriverius
1663 1364 1707 1399 de
1726 1365 1840 1400 cousi-

1166 1418 1218 1451 lio
1230 1417 1412 1464 Scaligeri;
1427 1431 1537 1464 quum
1551 1426 1651 1452 antea
1666 1419 1842 1465 legeretur

1168 1471 1318 1517 disperas.

1215 1528 1247 1565 4.
1262 1526 1291 1565 I,
1305 1525 1361 1557 tibi
1370 1524 1531 1569 disperdas
1543 1524 1746 1570 (dispereas).
1758 1524 1842 1558 Haec

1169 1578 1274 1611 lectio
1285 1578 1373 1610 mihi
1382 1575 1522 1612 videtur
1531 1578 1760 1623 perobscura:
1772 1589 1844 1610 om-

1171 1630 1272 1664 nium
1303 1631 1456 1676 optime,
1485 1643 1563 1664 meo
1587 1630 1742 1675 judicio,
1763 1630 1845 1676 legit

1172 1683 1345 1717 Heraldus
1358 1696 1366 1717 ;
1382 1684 1439 1717 An
1446 1691 1549 1729 potes,
1563 1692 1593 1716 et
1605 1697 1667 1717 non
1678 1687 1755 1716 vis?
1767 1697 1845 1728 rogo

1174 1749 1236 1769 non
1254 1745 1299 1770 est
1319 1738 1437 1781 turpius
1455 1737 1542 1770 istud
1557 1736 1612 1771 Sic
1631 1737 1686 1769 tibi
1695 1742 1714 1769 :²
1736 1737 1846 1782 Dispe-

1175 1803 1272 1830 ream,
1297 1789 1426 1830 Guure,
1444 1790 1580 1836 pusillus
1599 1790 1688 1823 homo
1711 1803 1751 1823 es.
1773 1791 1846 1823 Nos

1174 1843 1402 1889 praetulimuS.
1424 1843 1459 1883 I,
1487 1843 1544 1876 tihi
1567 1843 1733 1888 (chpereus.
1755 1843 1846 1877 Male

1174 1909 1306 1941 pereas.
1332 1897 1364 1929 T
1362 1896 1405 1928 ibi
1432 1895 1589 1929 abundat
1606 1896 1674 1929 hoe
1691 1896 1787 1937 loco,
1808 1905 1847 1930 ut

1175 1962 1265 1994 saepe
1293 1949 1384 1982 alias.
1419 1949 1627 1995 Imprecatio
1659 1949 1822 1983 solemnis
1841 1975 1850 1990 ‚

1177 2012 1215 2036 ut
1240 2003 1300 2035 lib.
1325 2003 1340 2034 I
1356 2028 1365 2042 ‚
1387 2002 1496 2047 epigr.
1521 2015 1562 2035 χι.
1580 2029 1589 2043 ,
1611 2020 1623 2031 «
1646 2002 1848 2048 Dispeream

1177 2055 1204 2088 si
1226 2068 1297 2087 non
1316 2055 1373 2088 liic
1396 2055 1570 2088 Decianus
1590 2055 1656 2088 erit
1671 2068 1708 2096 »3
1733 2064 1767 2088 et
1787 2055 1845 2089 lib.

1180 2108 1211 2140 ll
1224 2133 1233 2149 ‚
1247 2109 1356 2153 epigr.
1379 2120 1459 2140 inx
1474 2133 1481 2143 .
1500 2127 1513 2137 ‹-
1528 2108 1562 2141 Si
1582 2121 1653 2141 non
1673 2108 1848 2148 mentiris,

1179 2162 1345 2202 Classico,
1361 2160 1773 2205 dispeream·.—-—Potcst
1791 2174 1848 2194 ex·

1179 2214 1299 2259 plicari
1316 2214 1418 2247 ctiam
1432 2214 1607 2259 ‹lepet·‹l‹1s‚
1621 2214 1752 2248 scilicet
1762 2240 1771 2254 ‚
1784 2213 1850 2247 dis-

1178 2266 1286 2312 perdo
1306 2276 1402 2300 tuam
1420 2280 1494 2299 reni
1515 2279 1636 2307 avare,
1656 2268 1744 2301 male
1766 2279 1849 2300 con-

1177 2333 1285 2353 sume.
1299 2320 1424 2353 Sensus
1443 2333 1514 2353 csse
1533 2320 1636 2353 totius
1655 2320 1758 2365 liujus
1776 2320 1849 2365 cpi-

1175 2373 1375 2417 gramniatis
1405 2372 1546 2407 videtur
1566 2385 1572 2406 :
1597 2373 1664 2406 Pro
1699 2382 1757 2406 tua
1788 2385 1851 2418 pe·

1176 2427 1278 2459 cunia
1298 2438 1399 2471 quam
1420 2426 1648 2470 promiseras,
1667 2436 1763 2460 tuum
1786 2439 1849 2458 no-

1176 2492 1255 2513 men
1275 2479 1524 2512 immortalitati
1540 2480 1826 2512 consecravissmn
1840 2493 1848 2519 ;

1175 2533 1320 2577 pusillus
1347 2545 1430 2577 ergo
1463 2533 1570 2565 honio
1599 2545 1633 2565 cs
1653 2558 1661 2574 ,
1691 2533 1751 2578 qni
1784 2532 1850 2565 tal«-

1175 2599 1303 2619 munus
1322 2584 1493 2630 respuisti.
1519 2586 1582 2618 En.
