1978 3305
387 256 970 301 EPIGRAMMATUM
1008 258 1134 300 LIB.
1178 258 1262 299 lX.

1428 255 1522 316 [13⁹7

193 346 291 400 Qua
316 345 472 388 Triviae
492 361 722 389 nemorosa
744 347 850 406 petit
873 345 975 388 dum
1000 361 1133 405 regna
1154 345 1312 392 viator,

262 417 478 459 Octavum
509 414 685 459 domina
712 431 905 459 marmor
933 416 987 459 ab
1015 415 1123 458 urbe
1154 414 1266 474 legit.

192 487 304 528 Ante
333 484 558 528 colebatur
582 487 693 529 votis
709 522 720 540 ‚
741 495 784 529 et
809 487 1015 547 sanguine
1039 485 1180 545 largo3

259 555 473 614 Majorem
499 555 678 600 Alciden
705 572 821 599 nunc
848 557 990 599 minor
1016 557 1105 615 ipse
1136 554 1248 598 colit.

195 626 324 669 Hunc
355 641 534 686 magnas
564 635 690 685 rogat
716 625 824 668 alter
850 642 953 686 opes
971 660 982 677 ‚
1004 633 1128 684 rogat
1158 624 1265 668 alter
1296 624 1506 672 honorem

262 694 330 738 llli
361 712 537 739 securus
566 705 668 738 vota
694 697 862 739 minora
891 695 1003 738 facit.

126 831 281 876 telligere
295 833 386 864 viam
407 832 576 878 Appiam,
593 845 697 878 quam
716 841 799 866 tem-

125 884 182 928 plo
210 882 385 917 decoravit
407 885 627 918 Domitianus
641 911 652 925 ‚
671 886 706 918 in
729 898 798 930 quo

124 936 187 968 sub
210 936 370 970 Herculis
399 937 548 982 imagine
575 937 712 970 adorari
736 950 797 969 vo-

124 989 229 1022 lebat.

179 1041 213 1074 3.
231 1042 304 1085 Qua
332 1043 457 1076 Trione.
475 1043 550 1076 Hoc
572 1052 640 1082 est,
658 1044 796 1089 Dianae,

126 1094 186 1126 lib.
204 1094 317 1140 Spect.
329 1096 439 1141 epigr.
462 1108 552 1128 1.-
564 1096 735 1130 Νεηιονωα
753 1110 797 1128 re-

124 1159 201 1191 gna.
212 1147 399 1192 Templum
417 1149 681 1182 celeberrimum
696 1158 729 1182 et
743 1161 800 1182 an·

129 1199 360 1244 liquissimum
393 1201 545 1246 intellige
567 1228 576 1243 ,
609 1201 664 1235 cui
703 1203 800 1235 lucus

128 1252 246 1285 Dianae
288 1253 438 1286 Aricinae
476 1266 570 1287 sacer
608 1253 797 1299 adjacebat.

127 1304 234 1339 Ovid.
258 1304 319 1338 lib.
348 1306 402 1338 111
423 1306 605 1340 Fastorum
633 1306 799 1340 describit

127 1358 240 1390 locum
263 1365 298 1391 et
322 1358 451 1392 lucum.
469 1381 520 1386 —
545 1360 670 1392 Viator.
691 1359 799 1392 Pedes

125 1410 274 1450 scilicet3
307 1411 416 1456 equiti
446 1412 540 1445 enim
561 1425 682 1446 nemus
709 1413 798 1445 illud

127 1461 222 1496 adire
238 1475 309 1496 non
326 1463 466 1498 licebat.
485 1464 540 1498 Sic
557 1464 706 1498 Ovidius
723 1466 800 1498 loco

127 1516 250 1559 citato,
283 1529 331 1549 vs.
369 1520 441 1551 266
462 1529 469 1550 :
504 1535 516 1548 «ι
539 1517 644 1551 Unde
678 1531 800 1551 nemus

127 1569 231 1603 nullis
249 1567 337 1602 illud
357 1569 474 1603 aditur
495 1571 603 1616 equis.
624 1589 636 1599 »

185 1626 219 1660 4.
246 1622 408 1654 Decimum
444 1635 507 1668 pro
545 1624 698 1655 dommum
723 1625 749 1654 V
755 1632 798 1656 at.

126 1674 342 1708 —Octavmn
363 1688 506 1708 marmor.
524 1676 599 1709 Hoc
619 1684 668 1709 est
683 1702 692 1715 ,
708 1687 800 1709 octa-

128 1739 208 1760 vum
237 1727 279 1760 ab
304 1728 402 1762 Urbe
428 1728 639 1762 milliarium.
661 1728 716 1761 Sic
741 1728 801 1761 do-

859 833 991 866 minam
1014 834 1162 866 Romam
1183 831 1292 872 dixit,
1313 833 1373 865 lib.
1400 834 1436 873 1,
1460 833 1531 877 epi-

860 898 1005 930 gramm.
1024 897 1074 919 xv.

914 939 947 971 5.
966 939 1053 971 Ante
1070 966 1077 978 ,
1105 946 1168 971 etc.
1194 939 1266 971 Hos
1285 946 1434 983 quatuor
1457 949 1533 969 ver-

859 1004 914 1024 sus
943 991 999 1024 alii
1027 1003 1044 1024 a
1070 991 1310 1036 superioribus
1337 998 1534 1034 segregant,

859 1052 892 1077 et
912 1044 964 1076 De
989 1044 1096 1076 eadem
1120 1051 1226 1076 statua
1254 1043 1463 1076 inscribunt.
1485 1063 1534 1069 --

862 1096 1020 1129 Colcha-tis
1037 1097 1073 1129 in
1099 1095 1179 1129 edd.
1201 1095 1278 1129 Ald.
1297 1096 1394 1128 Junt.
1419 1094 1534 1127 Colin.

859 1150 1048 1194 Par.1617.
1064 1149 1191 1194 Delph.

914 1205 947 1235 6.
982 1203 1063 1246 lpse.
1094 1203 1162 1235 Pro
1195 1202 1263 1234 hoc
1296 1200 1435 1246 quidam
1469 1208 1536 1232 tote.

859 1277 911 1280 —
931 1255 1084 1299 lllajorem
1105 1255 1262 1288 Alcidem.
1291 1252 1534 1287 Domitianum

859 1307 1035 1352 intellige,
1059 1320 1161 1353 quem
1191 1307 1351 1353 precibus
1373 1314 1407 1338 et
1436 1305 1535 1338 victi-

860 1360 923 1393 mis
943 1361 1104 1394 colebant
1126 1361 1273 1393 Romani
1290 1372 1296 1393 ι
1314 1372 1393 1393 eum
1416 1370 1536 1390 rursus

861 1414 1040 1458 anteponit
1060 1413 1219 1454 Herculi,
1232 1413 1266 1445 in
1286 1413 1534 1457 epigrammate

857 1468 926 1511 jam
947 1478 1050 1512 supra
1068 1466 1186 1500 citato.

916 1532 947 1563 7.
969 1520 1076 1553 Hunc.
1099 1519 1340 1552 Domitianum
1362 1528 1499 1560 nempe.

916 1574 949 1605 S.
964 1572 1020 1605 Illi
1030 1585 1164 1605 securus.
1179 1571 1269 1612 Quia
1282 1569 1448 1603 Hercules
1463 1581 1533 1600 non

861 1636 950 1669 aegre
979 1626 1066 1658 feret
1097 1638 1114 1657 a
1150 1637 1184 1657 se
1212 1624 1338 1656 minori
1359 1624 1434 1655 Deo
1466 1620 1535 1665 peti

862 1677 1017 1717 minora,
1051 1690 1153 1722 quam
1185 1691 1203 1710 a
1235 1675 1438 1709 Domitiano
1465 1675 1537 1705 Deo

861 1731 996 1774 majori.

725 1868 950 1923 LXVI.

309 2025 372 2052 AD
412 2025 704 2053 HERCULEM
724 2045 733 2057 2

1332 2002 1349 2019 *

776 2026 838 2053 DF,
877 2025 902 2052 1³
916 2025 1061 2052 ADEM
1105 2024 1268 2053 STATU
1284 2027 1321 2051 A.

201 2151 376 2193 Ancum
392 2185 402 2200 ,
428 2151 554 2193 Latio
581 2167 696 2194 nunc
722 2150 996 2211 agnoscende
1017 2150 1231 2203 Tonanti,

268 2220 502 2279 Postquam
531 2219 715 2281 pulchra
740 2222 821 2264 Dei
850 2221 1031 2265 Caesaris
1060 2237 1133 2263 ora
1162 2219 1296 2280 geris,

184 2350 195 2362 ⁶
210 2355 260 2386 De
284 2353 410 2394 eadem,
433 2356 476 2387 ud
493 2357 658 2389 Iler-cidem
687 2358 722 2389 in
745 2356 799 2389 ed.

133 2407 259 2439 Barbon
276 2434 282 2443 .
307 2407 382 2440 Par.
406 2408 514 2452 1754.

189 2480 225 2485 —-
251 2459 395 2492 Nullum
413 2460 493 2493 facit
511 2460 674 2494 adulandi
696 2461 800 2494 finem

131 2521 231 2557 poeta
245 2538 253 2553 ‚
275 2511 533 2558 Herculemque
554 2527 571 2547 a
593 2514 736 2547 Caesaris
753 2515 800 2546 fa-

131 2565 183 2598 cie
194 2573 323 2598 tantam
339 2564 543 2609 dignitatem
560 2578 682 2612 capere
698 2565 800 2603 dicit.

133 2626 181 2656 nt,
198 2619 223 2651 si
239 2617 336 2651 illum
351 2619 472 2652 vultus
491 2619 661 2652 honorem
679 2628 712 2652 et
734 2620 801 2652 ele-

132 2671 280 2715 gantiam
315 2672 467 2704 mortalis
502 2672 676 2705 habuisset
700 2672 800 2712 olim,

862 2356 999 2389 nullum
1026 2356 1170 2388 omnino
1197 2355 1392 2400 periculum
1427 2352 1538 2386 aditu-

862 2422 920 2442 rus
939 2410 1066 2441 fuisset.

917 2474 939 2494 1.
953 2462 1046 2493 Nunc
1060 2460 1254 2505 agnoscende
1268 2461 1418 2493 Tonanti.
1435 2458 1536 2491 Nunc

865 2513 1004 2547 tandem
1024 2514 1150 2558 probas
1174 2522 1206 2547 te
1229 2513 1326 2546 Jovis
1347 2511 1537 2556 Capitolini

864 2566 998 2601 filium,
1025 2574 1208 2611 postquam
1238 2565 1379 2599 indutus
1408 2578 1442 2596 es
1467 2565 1537 2596 for-

865 2632 952 2652 mam
973 2619 1183 2657 Domitiani,
1205 2618 1310 2652 modo
1332 2629 1435 2662 supra
1447 2617 1536 2661 epig.

865 2685 940 2713 mv,
963 2685 1074 2705 versu.
1092 2685 1114 2704 1.

1246 2735 1335 2785 23⁵
