1978 3305
461 234 553 280 158

831 236 891 279 M.
922 237 996 279 VA
1011 237 1060 279 L.
1093 236 1482 281 MARTIALIS

668 323 800 367 Rides
825 339 905 366 nos
921 355 932 376 ,
957 323 1196 379 Coracine,
1216 322 1278 367 nil
1306 323 1498 381 olentes3

668 392 788 437 Malo
803 425 814 446 ,
842 408 973 453 quam
998 392 1110 437 bene
1140 391 1256 438 olere
1271 428 1283 450 ,
1308 393 1370 437 nil
1396 392 1524 438 olere.

462 531 498 564 in
511 530 652 571 umbra,
667 537 706 563 ut
722 528 825 562 docet
837 529 929 563 Plin.
948 529 1010 563 lib.
1027 530 1136 572 XIII,

461 595 536 629 cap.
560 595 592 615 2.
618 583 663 615 At
685 582 743 614 alii
759 582 918 615 referunt
935 581 979 616 ad
999 583 1137 629 sagittas

462 636 660 681 plumbeas,
676 635 802 680 quibus
819 635 1079 669 cinnamomum
1091 648 1138 670 ex

464 688 639 722 Phoenicis
648 686 734 720 nido
746 686 929 722 decussum
944 687 1052 723 tradit
1064 689 1139 722 Ari-

465 749 544 774 stot.
567 741 626 774 lib.
641 741 711 783 VI,
734 739 778 774 de
798 741 877 775 Nat.
899 741 1138 785 Animfflium,

465 806 540 840 cap.
567 792 609 826 13
626 805 635 828 :
655 793 780 840 Papin.
808 794 904 841 Sylv.
924 795 972 829 ΙΙ.
992 795 1139 828 Phariae-

466 860 524 894 que
552 846 692 892 exempla
715 847 840 880 volucri
862 846 1030 882 Cinnama.
1047 847 1140 882 Vide

1196 531 1357 564 Turneb.
1377 530 1524 565 Advers.
1541 530 1602 565 lib.
1616 531 1733 574 XXV,
1752 544 1783 566 c.
1808 544 1867 578 ²7·

1251 583 1285 617 5.
1302 584 1364 617 Nil
1376 584 1470 617 olere.
1490 583 1563 617 Cur
1579 584 1678 618 malit
1694 584 1784 618 nihil
1801 585 1872 618 ole-

1196 648 1252 678 re,
1272 636 1440 683 explicuit
1457 636 1563 670 Poeta
1581 636 1642 670 lib.
1659 637 1715 679 H,
1732 649 1787 683 ep.
1801 650 1870 672 ¹11.

1203 706 1216 719 κ
1229 689 1306 723 Hoc
1333 689 1421 722 mihi
1446 696 1647 735 suspectum
1675 697 1746 732 est,
1774 689 1870 736 quod

1198 743 1270 776 oles
1304 742 1394 776 bene
1413 767 1422 780 ‚
1456 742 1645 776 Posthume
1659 767 1669 784 ‚
1705 755 1840 789 semper
1862 754 1871 776 :

1199 795 1389 829 Posthume
1401 821 1412 838 ,
1424 807 1498 829 non
1516 795 1606 829 bene
1621 795 1692 829 olet
1707 795 1768 842 qui
1783 796 1873 830 hene

1198 860 1337 894 semper
1357 848 1436 882 olet.
1455 866 1470 878 ι

1094 982 1194 1039 LV
1207 983 1248 1038 Ι.

912 1140 969 1167 ΙΝ
1020 1138 1430 1167 CHARlDEMUM.

542 1266 686 1322 QUOD
713 1265 790 1308 tibi
817 1281 945 1309 crura
972 1266 1114 1326 rigent
1141 1266 1267 1320 setis,
1288 1274 1332 1308 et
1351 1274 1531 1326 pectora
1556 1263 1692 1319 villis3

614 1335 763 1380 Verba
782 1345 908 1396 putas
932 1335 1058 1380 famae
1084 1345 1148 1391 te,
1173 1335 1436 1380 Charideme
1451 1371 1462 1389 ‚
1485 1334 1599 1379 dare.

549 1407 774 1467 Exstirpa‚
795 1406 900 1450 mihi
925 1406 1053 1450 crede
1069 1441 1080 1461 ,
1101 1405 1210 1467 pilos
1233 1405 1287 1450 de
1312 1422 1498 1467 corpore
1521 1415 1639 1461 tote,

614 1480 760 1538 Teque
784 1475 920 1538 pilare
940 1486 1036 1521 tuas
1059 1476 1291 1521 testificare
1314 1485 1448 1521 nates.

547 1548 658 1605 Quae
684 1549 795 1592 ratio
817 1546 910 1592 est?
932 1548 1076 1608 inquis
1103 1563 1111 1590 :
1143 1548 1224 1591 scis
1249 1546 1410 1591 multos
1438 1546 1580 1590 dicere
1606 1544 1755 1590 multa.
1871 1565 1885 1590 5

617 1620 703 1663 Fac
729 1618 931 1679 paedicari
958 1628 1000 1662 te
1016 1653 1027 1674 ‚
1051 1617 1336 1674 Charideme,
1361 1626 1530 1679 putent.

537 1771 567 1792 1.
590 1759 689 1803 Quod
705 1758 763 1791 tibi
780 1772 885 1799 crura,
907 1767 970 1792 etc·
991 1759 1103 1792 Crura
1122 1766 1156 1792 et

480 1820 601 1858 pectus
617 1810 754 1857 hispida
769 1819 948 1857 setosaque
967 1823 1039 1856 prae
1057 1819 1090 1845 te
1105 1811 1155 1845 fe-

481 1864 610 1906 rendo,
633 1873 736 1911 putas
760 1873 794 1898 te
817 1873 938 1898 contra
966 1864 1095 1897 iturum
1123 1873 1157 1898 et

481 1917 710 1963 decepturum
722 1918 847 1952 famam
859 1930 938 1964 quae
948 1916 991 1952 de
1001 1926 1058 1952 tua
1069 1918 1158 1951 mol-

482 1972 554 2005 litie
571 1971 757 2005 increbuit.

539 2038 571 2059 α.
592 2025 747 2070 Exstirpa
760 2052 769 2066 ‚
788 2033 854 2058 etc.
874 2023 953 2057 Lib.
975 2024 1031 2064 ΙΙ,
1050 2023 1157 2070 epigr.

486 2091 589 2119 xxix,
611 2090 714 2111 versu
740 2079 774 2111 6.

541 2132 573 2166 5.
593 2131 662 2165 Scis
683 2131 794 2164 multos
815 2131 916 2163 dicere
937 2131 1052 2163 multis.
1078 2129 1160 2162 Pul-

484 2185 603 2218 manni
637 2183 759 2218 codex.
786 2183 880 2217 Vide
910 2183 1067 2217 Turneb.
1098 2182 1159 2215 lib.

486 2238 607 2278 XXV,
632 2250 707 2283 cap.
740 2251 799 2282 27.
826 2258 878 2264 --
906 2237 1020 2270 Dicere
1051 2236 1161 2269 multa.

1213 1758 1330 1803 Loqui
1360 1757 1455 1791 varia
1488 1756 1532 1790 de
1566 1765 1625 1790 tua
1656 1755 1889 1802 turpitudine.

1214 1809 1326 1845 Πολλὰ
1339 1812 1394 1843 καὶ
1404 1812 1545 1843 παντοῖα
1560 1808 1682 1843 dicunt
1699 1809 1814 1844 Graeci
1826 1809 1893 1843 ele-

1215 1872 1346 1910 ganter.
1375 1862 1575 1896 Herodotus
1590 1889 1599 1903 ‚
1618 1862 1719 1896 Musa
1736 1863 1799 1896 IX.
1819 1863 1892 1896 Nos

1217 1916 1366 1950 dicimus
1404 1929 1475 1950 non
1514 1916 1641 1949 minori
1683 1922 1888 1949 venustate:

1218 1971 1300 2003 Dire
1317 1971 1422 2003 choses
1439 1978 1470 2002 et
1485 1977 1600 2002 autres.

1274 2026 1307 2057 6.
1333 2023 1522 2056 lerideme
1547 2022 1648 2056 Junt.
1672 2034 1753 2055 ann.
1784 2020 1893 2055 1512.

1219 2097 1270 2102 —
1299 2076 1384 2116 Fac,
1415 2084 1481 2110 etc.
1506 2075 1605 2109 Hanc
1628 2075 1724 2121 quasi
1754 2073 1895 2107 levioris

1220 2129 1378 2163 criminis
1411 2128 1641 2174 suspicionem
1673 2140 1812 2174 oppone
1845 2127 1896 2160 illi

1221 2181 1371 2228 graviori
1388 2209 1396 2223 ,
1416 2180 1511 2227 quod
1532 2189 1564 2215 te
1583 2182 1806 2228 suspicantur
1826 2185 1896 2214 Φοι-

1220 2237 1357 2274 νικὶζεῑν.
