<?xml version="1.0" encoding="UTF-8"?>
<!DOCTYPE html PUBLIC "-//W3C//DTD XHTML 1.0 Transitional//EN"
    "http://www.w3.org/TR/xhtml1/DTD/xhtml1-transitional.dtd">
<html xmlns="http://www.w3.org/1999/xhtml" xml:lang="en" lang="en">
 <head>
  <title>
</title>
<meta http-equiv="Content-Type" content="text/html;charset=utf-8" />
  <meta name='ocr-system' content='tesseract 3.04.00' />
  <meta name='ocr-capabilities' content='ocr_page ocr_carea ocr_par ocr_line ocrx_word'/>
</head>
<body>
  <div class='ocr_page' id='page_1' title='image "./epigrammata02martuoft/epigrammata02martuoft_0053.png"; bbox 0 0 1978 3305; ppageno 0'>
   <div class='ocr_carea' id='block_1_1' title="bbox 419 236 1258 282">
    <p class='ocr_par' dir='ltr' id='par_1_1' title="bbox 419 236 1258 282">
     <span class='ocr_line' id='line_1_1' title="bbox 419 236 1258 282; baseline -0.006 0"><span class='ocrx_word' id='word_1_1' title='bbox 419 237 1003 282; x_wconf 87' lang='lat' dir='ltr'><strong>EPIGRAMMATUM</strong></span> <span class='ocrx_word' id='word_1_2' title='bbox 1041 236 1165 278; x_wconf 89' lang='lat' dir='ltr'><strong>LIB.</strong></span> <span class='ocrx_word' id='word_1_3' title='bbox 1205 236 1258 278; x_wconf 89' lang='lat' dir='ltr'><strong>V.</strong></span> 
     </span>
    </p>
   </div>
   <div class='ocr_carea' id='block_1_2' title="bbox 1481 238 1537 290">
    <p class='ocr_par' dir='ltr' id='par_1_2' title="bbox 1481 238 1537 290">
     <span class='ocr_line' id='line_1_2' title="bbox 1481 238 1537 290; baseline 0 -11"><span class='ocrx_word' id='word_1_4' title='bbox 1481 238 1537 290; x_wconf 72' lang='grc' dir='ltr'><strong>[μ</strong></span> 
     </span>
    </p>
   </div>
   <div class='ocr_carea' id='block_1_3' title="bbox 133 321 1549 526">
    <p class='ocr_par' dir='ltr' id='par_1_3' title="bbox 133 321 1549 526">
     <span class='ocr_line' id='line_1_3' title="bbox 203 321 1549 385; baseline -0.004 -17"><span class='ocrx_word' id='word_1_5' title='bbox 203 327 371 369; x_wconf 83' lang='lat' dir='ltr'><strong>Aureus</strong></span> <span class='ocrx_word' id='word_1_6' title='bbox 392 333 441 368; x_wconf 84' lang='lat' dir='ltr'><strong>ut</strong></span> <span class='ocrx_word' id='word_1_7' title='bbox 461 325 618 385; x_wconf 85' lang='lat' dir='ltr'><strong>Scorpi</strong></span> <span class='ocrx_word' id='word_1_8' title='bbox 637 340 767 369; x_wconf 88' lang='lat' dir='ltr'><strong>nasus</strong></span> <span class='ocrx_word' id='word_1_9' title='bbox 791 323 952 384; x_wconf 88' lang='lat' dir='ltr'><strong>ubique</strong></span> <span class='ocrx_word' id='word_1_10' title='bbox 971 321 1131 366; x_wconf 78' lang='lat' dir='ltr'><strong>micet?</strong></span> <span class='ocrx_word' id='word_1_11' title='bbox 1519 349 1549 363; x_wconf 65' lang='grc' dir='ltr'><strong>,υ</strong></span> 
     </span>
     <span class='ocr_line' id='line_1_4' title="bbox 133 392 1138 456; baseline -0.003 -18"><span class='ocrx_word' id='word_1_12' title='bbox 133 396 174 438; x_wconf 90' lang='grc' dir='ltr'>Ο</span> <span class='ocrx_word' id='word_1_13' title='bbox 196 394 357 450; x_wconf 84' lang='lat' dir='ltr'><strong>frustra</strong></span> <span class='ocrx_word' id='word_1_14' title='bbox 381 393 599 456; x_wconf 86' lang='lat' dir='ltr'>locuples,</span> <span class='ocrx_word' id='word_1_15' title='bbox 621 412 647 439; x_wconf 94' lang='lat' dir='ltr'><strong>o</strong></span> <span class='ocrx_word' id='word_1_16' title='bbox 672 393 965 440; x_wconf 83' lang='lat' dir='ltr'><strong>dissimulator</strong></span> <span class='ocrx_word' id='word_1_17' title='bbox 987 392 1138 449; x_wconf 80' lang='lat' dir='ltr'><strong>amici,</strong></span> 
     </span>
     <span class='ocr_line' id='line_1_5' title="bbox 202 461 1234 526; baseline -0.004 -17"><span class='ocrx_word' id='word_1_18' title='bbox 202 467 307 509; x_wconf 87' lang='lat' dir='ltr'><strong>Haec</strong></span> <span class='ocrx_word' id='word_1_19' title='bbox 332 464 437 526; x_wconf 84' lang='lat' dir='ltr'><strong>legis</strong></span> <span class='ocrx_word' id='word_1_20' title='bbox 462 474 505 509; x_wconf 85' lang='lat' dir='ltr'><strong>et</strong></span> <span class='ocrx_word' id='word_1_21' title='bbox 528 464 706 510; x_wconf 77' lang='lat' dir='ltr'><strong>laudas?</strong></span> <span class='ocrx_word' id='word_1_22' title='bbox 729 482 824 526; x_wconf 82' lang='lat' dir='ltr'><strong>quae</strong></span> <span class='ocrx_word' id='word_1_23' title='bbox 850 465 927 508; x_wconf 86' lang='lat' dir='ltr'><strong>tibi</strong></span> <span class='ocrx_word' id='word_1_24' title='bbox 953 463 1069 508; x_wconf 80' lang='lat' dir='ltr'><strong>fama</strong></span> <span class='ocrx_word' id='word_1_25' title='bbox 1094 461 1234 524; x_wconf 78' lang='lat' dir='ltr'><strong>perit?</strong></span> 
     </span>
    </p>
   </div>
   <div class='ocr_carea' id='block_1_4' title="bbox 109 603 809 1814">
    <p class='ocr_par' dir='ltr' id='par_1_4' title="bbox 109 603 809 1814">
     <span class='ocr_line' id='line_1_6' title="bbox 132 603 808 637; baseline -0.001 -1"><span class='ocrx_word' id='word_1_26' title='bbox 132 610 167 636; x_wconf 90' lang='lat' dir='ltr'><strong>et</strong></span> <span class='ocrx_word' id='word_1_27' title='bbox 188 611 332 636; x_wconf 91' lang='lat' dir='ltr'><strong>centum</strong></span> <span class='ocrx_word' id='word_1_28' title='bbox 357 603 515 637; x_wconf 82' lang='lat' dir='ltr'><strong>sestertia</strong></span> <span class='ocrx_word' id='word_1_29' title='bbox 536 604 730 637; x_wconf 87' lang='lat' dir='ltr'><strong>merebant.</strong></span> <span class='ocrx_word' id='word_1_30' title='bbox 752 603 808 635; x_wconf 89' lang='lat' dir='ltr'><strong>Ab</strong></span> 
     </span>
     <span class='ocr_line' id='line_1_7' title="bbox 133 655 809 701; baseline 0 -12"><span class='ocrx_word' id='word_1_31' title='bbox 133 655 254 689; x_wconf 89' lang='lat' dir='ltr'><strong>eadem</strong></span> <span class='ocrx_word' id='word_1_32' title='bbox 282 656 420 690; x_wconf 86' lang='lat' dir='ltr'><strong>ratione</strong></span> <span class='ocrx_word' id='word_1_33' title='bbox 450 656 612 689; x_wconf 75' lang='lat' dir='ltr'><em>ducenarii</em></span> <span class='ocrx_word' id='word_1_34' title='bbox 638 668 809 701; x_wconf 82' lang='lat' dir='ltr'><strong>procura-</strong></span> 
     </span>
     <span class='ocr_line' id='line_1_8' title="bbox 133 708 809 750; baseline 0.001 -9"><span class='ocrx_word' id='word_1_35' title='bbox 133 717 248 750; x_wconf 85' lang='lat' dir='ltr'><strong>tores,</strong></span> <span class='ocrx_word' id='word_1_36' title='bbox 267 722 285 742; x_wconf 88' lang='lat' dir='ltr'><strong>a</strong></span> <span class='ocrx_word' id='word_1_37' title='bbox 302 708 447 743; x_wconf 87' lang='lat' dir='ltr'><strong>ducenis</strong></span> <span class='ocrx_word' id='word_1_38' title='bbox 463 709 641 743; x_wconf 88' lang='lat' dir='ltr'><strong>sestertiis.</strong></span> <span class='ocrx_word' id='word_1_39' title='bbox 662 708 720 741; x_wconf 91' lang='lat' dir='ltr'><strong>Sic</strong></span> <span class='ocrx_word' id='word_1_40' title='bbox 736 721 809 742; x_wconf 89' lang='lat' dir='ltr'><strong>non</strong></span> 
     </span>
     <span class='ocr_line' id='line_1_9' title="bbox 132 760 809 807; baseline 0 -12"><span class='ocrx_word' id='word_1_41' title='bbox 132 760 281 795; x_wconf 83' lang='lat' dir='ltr'><strong>ducenta</strong></span> <span class='ocrx_word' id='word_1_42' title='bbox 299 770 436 795; x_wconf 86' lang='lat' dir='ltr'><strong>tantum</strong></span> <span class='ocrx_word' id='word_1_43' title='bbox 453 763 627 803; x_wconf 82' lang='lat' dir='ltr'><strong>sestertia,</strong></span> <span class='ocrx_word' id='word_1_44' title='bbox 646 760 707 795; x_wconf 84' lang='lat' dir='ltr'><strong>sed</strong></span> <span class='ocrx_word' id='word_1_45' title='bbox 723 774 809 807; x_wconf 90' lang='lat' dir='ltr'><strong>qua·</strong></span> 
     </span>
     <span class='ocr_line' id='line_1_10' title="bbox 132 813 809 860; baseline 0 -13"><span class='ocrx_word' id='word_1_46' title='bbox 132 813 318 860; x_wconf 84' lang='lat' dir='ltr'><strong>dringenta</strong></span> <span class='ocrx_word' id='word_1_47' title='bbox 345 815 442 860; x_wconf 88' lang='lat' dir='ltr'><strong>equis</strong></span> <span class='ocrx_word' id='word_1_48' title='bbox 467 814 653 848; x_wconf 81' lang='lat' dir='ltr'><strong>dabantur.</strong></span> <span class='ocrx_word' id='word_1_49' title='bbox 677 815 809 859; x_wconf 88' lang='lat' dir='ltr'><strong>Legiti-</strong></span> 
     </span>
     <span class='ocr_line' id='line_1_11' title="bbox 131 867 808 913; baseline 0.001 -14"><span class='ocrx_word' id='word_1_50' title='bbox 131 879 228 900; x_wconf 88' lang='lat' dir='ltr'><strong>mum</strong></span> <span class='ocrx_word' id='word_1_51' title='bbox 240 868 423 913; x_wconf 86' lang='lat' dir='ltr'><strong>praemium</strong></span> <span class='ocrx_word' id='word_1_52' title='bbox 437 868 594 913; x_wconf 88' lang='lat' dir='ltr'><strong>quinque</strong></span> <span class='ocrx_word' id='word_1_53' title='bbox 608 868 715 901; x_wconf 88' lang='lat' dir='ltr'><strong>aurei.</strong></span> <span class='ocrx_word' id='word_1_54' title='bbox 733 867 808 901; x_wconf 84' lang='lat' dir='ltr'><strong>Sal-</strong></span> 
     </span>
     <span class='ocr_line' id='line_1_12' title="bbox 131 921 808 955; baseline 0.001 -3"><span class='ocrx_word' id='word_1_55' title='bbox 131 933 210 952; x_wconf 80' lang='lat' dir='ltr'><strong>mas.</strong></span> <span class='ocrx_word' id='word_1_56' title='bbox 222 941 274 946; x_wconf 91' lang='lat'>—</span> <span class='ocrx_word' id='word_1_57' title='bbox 289 921 366 954; x_wconf 82' lang='lat' dir='ltr'><strong>Non</strong></span> <span class='ocrx_word' id='word_1_58' title='bbox 377 934 515 955; x_wconf 82' lang='lat' dir='ltr'><strong>sensuro.</strong></span> <span class='ocrx_word' id='word_1_59' title='bbox 536 921 698 955; x_wconf 83' lang='lat' dir='ltr'><strong>Caballus</strong></span> <span class='ocrx_word' id='word_1_60' title='bbox 714 921 808 954; x_wconf 87' lang='lat' dir='ltr'><strong>enim</strong></span> 
     </span>
     <span class='ocr_line' id='line_1_13' title="bbox 132 972 461 1007; baseline 0.003 -1"><span class='ocrx_word' id='word_1_61' title='bbox 132 972 235 1007; x_wconf 89' lang='lat' dir='ltr'><strong>fictus</strong></span> <span class='ocrx_word' id='word_1_62' title='bbox 250 985 324 1007; x_wconf 87' lang='lat' dir='ltr'><strong>non</strong></span> <span class='ocrx_word' id='word_1_63' title='bbox 343 974 461 1007; x_wconf 85' lang='lat' dir='ltr'><strong>sentit.</strong></span> 
     </span>
     <span class='ocr_line' id='line_1_14' title="bbox 187 1026 807 1072; baseline 0 -13"><span class='ocrx_word' id='word_1_64' title='bbox 187 1037 243 1060; x_wconf 91' lang='lat'><strong>10.</strong></span> <span class='ocrx_word' id='word_1_65' title='bbox 260 1026 477 1072; x_wconf 88' lang='lat' dir='ltr'><strong>Bulengerus</strong></span> <span class='ocrx_word' id='word_1_66' title='bbox 491 1026 656 1061; x_wconf 84' lang='lat' dir='ltr'><strong>emendat</strong></span> <span class='ocrx_word' id='word_1_67' title='bbox 673 1027 807 1060; x_wconf 82' lang='lat' dir='ltr'><strong>AEreus.</strong></span> 
     </span>
     <span class='ocr_line' id='line_1_15' title="bbox 130 1077 807 1125; baseline 0.001 -14"><span class='ocrx_word' id='word_1_68' title='bbox 130 1077 228 1112; x_wconf 89' lang='lat' dir='ltr'><strong>Idem</strong></span> <span class='ocrx_word' id='word_1_69' title='bbox 246 1078 290 1113; x_wconf 91' lang='lat' dir='ltr'><strong>de</strong></span> <span class='ocrx_word' id='word_1_70' title='bbox 309 1080 413 1114; x_wconf 92' lang='lat' dir='ltr'><strong>Circo</strong></span> <span class='ocrx_word' id='word_1_71' title='bbox 424 1105 433 1121; x_wconf 93' lang='lat'>,</span> <span class='ocrx_word' id='word_1_72' title='bbox 448 1093 523 1125; x_wconf 86' lang='lat' dir='ltr'><strong>cap.</strong></span> <span class='ocrx_word' id='word_1_73' title='bbox 541 1080 587 1114; x_wconf 79' lang='lat'><strong>33</strong></span> <span class='ocrx_word' id='word_1_74' title='bbox 602 1106 610 1121; x_wconf 93' lang='lat'>,</span> <span class='ocrx_word' id='word_1_75' title='bbox 620 1080 727 1114; x_wconf 85' lang='lat' dir='ltr'><strong>refert</strong></span> <span class='ocrx_word' id='word_1_76' title='bbox 740 1088 807 1113; x_wconf 87' lang='lat' dir='ltr'><strong>sta-</strong></span> 
     </span>
     <span class='ocr_line' id='line_1_16' title="bbox 109 1128 809 1178; baseline 0 -13"><span class='ocrx_word' id='word_1_77' title='bbox 109 1128 114 1134; x_wconf 48' lang='lat'><strong>*</strong></span> <span class='ocrx_word' id='word_1_78' title='bbox 131 1140 231 1165; x_wconf 85' lang='lat' dir='ltr'><strong>tuam</strong></span> <span class='ocrx_word' id='word_1_79' title='bbox 248 1141 445 1178; x_wconf 87' lang='lat' dir='ltr'><strong>equestrem</strong></span> <span class='ocrx_word' id='word_1_80' title='bbox 462 1134 504 1166; x_wconf 88' lang='lat' dir='ltr'><strong>ab</strong></span> <span class='ocrx_word' id='word_1_81' title='bbox 517 1132 643 1167; x_wconf 85' lang='lat' dir='ltr'><strong>ordine</strong></span> <span class='ocrx_word' id='word_1_82' title='bbox 656 1132 809 1178; x_wconf 86' lang='lat' dir='ltr'><strong>equestri</strong></span> 
     </span>
     <span class='ocr_line' id='line_1_17' title="bbox 130 1184 808 1236; baseline 0.001 -18"><span class='ocrx_word' id='word_1_83' title='bbox 130 1184 264 1231; x_wconf 90' lang='lat' dir='ltr'><strong>Scorpo</strong></span> <span class='ocrx_word' id='word_1_84' title='bbox 281 1186 430 1231; x_wconf 80' lang='lat' dir='ltr'><strong>positam</strong></span> <span class='ocrx_word' id='word_1_85' title='bbox 447 1199 454 1218; x_wconf 94' lang='lat'>:</span> <span class='ocrx_word' id='word_1_86' title='bbox 475 1204 488 1216; x_wconf 69' lang='lat' dir='ltr'>u</span> <span class='ocrx_word' id='word_1_87' title='bbox 502 1186 584 1236; x_wconf 76' lang='lat' dir='ltr'><strong>Non</strong></span> <span class='ocrx_word' id='word_1_88' title='bbox 602 1185 711 1219; x_wconf 91' lang='lat' dir='ltr'><strong>modo</strong></span> <span class='ocrx_word' id='word_1_89' title='bbox 723 1211 732 1227; x_wconf 92' lang='lat'>‚</span> <span class='ocrx_word' id='word_1_90' title='bbox 753 1186 808 1218; x_wconf 89' lang='lat' dir='ltr'><strong>in-</strong></span> 
     </span>
     <span class='ocr_line' id='line_1_18' title="bbox 132 1238 809 1284; baseline 0.003 -14"><span class='ocrx_word' id='word_1_91' title='bbox 132 1238 221 1283; x_wconf 90' lang='lat' dir='ltr'><strong>quit,</strong></span> <span class='ocrx_word' id='word_1_92' title='bbox 230 1239 423 1272; x_wconf 88' lang='lat' dir='ltr'><strong>victoribus</strong></span> <span class='ocrx_word' id='word_1_93' title='bbox 436 1239 568 1280; x_wconf 86' lang='lat' dir='ltr'><strong>bravia,</strong></span> <span class='ocrx_word' id='word_1_94' title='bbox 579 1239 736 1284; x_wconf 75' lang='lat' dir='ltr'><strong>praemia,</strong></span> <span class='ocrx_word' id='word_1_95' title='bbox 753 1250 809 1272; x_wconf 90' lang='lat' dir='ltr'><strong>co-</strong></span> 
     </span>
     <span class='ocr_line' id='line_1_19' title="bbox 129 1290 807 1337; baseline 0.001 -14"><span class='ocrx_word' id='word_1_96' title='bbox 129 1303 223 1324; x_wconf 86' lang='lat' dir='ltr'><strong>ronae</strong></span> <span class='ocrx_word' id='word_1_97' title='bbox 237 1317 246 1331; x_wconf 93' lang='lat'>‚</span> <span class='ocrx_word' id='word_1_98' title='bbox 263 1290 324 1324; x_wconf 80' lang='lat' dir='ltr'><strong>sed</strong></span> <span class='ocrx_word' id='word_1_99' title='bbox 343 1300 466 1325; x_wconf 82' lang='lat' dir='ltr'><strong>statuae</strong></span> <span class='ocrx_word' id='word_1_100' title='bbox 481 1300 514 1325; x_wconf 92' lang='lat' dir='ltr'><strong>et</strong></span> <span class='ocrx_word' id='word_1_101' title='bbox 532 1292 625 1325; x_wconf 88' lang='lat' dir='ltr'><strong>tituli</strong></span> <span class='ocrx_word' id='word_1_102' title='bbox 643 1304 681 1325; x_wconf 88' lang='lat' dir='ltr'><strong>ac</strong></span> <span class='ocrx_word' id='word_1_103' title='bbox 697 1291 807 1337; x_wconf 90' lang='lat' dir='ltr'><strong>elogia</strong></span> 
     </span>
     <span class='ocr_line' id='line_1_20' title="bbox 129 1343 803 1379; baseline 0.001 -3"><span class='ocrx_word' id='word_1_104' title='bbox 129 1343 285 1377; x_wconf 83' lang='lat' dir='ltr'><strong>victoriae</strong></span> <span class='ocrx_word' id='word_1_105' title='bbox 315 1343 446 1378; x_wconf 86' lang='lat' dir='ltr'><strong>indicia</strong></span> <span class='ocrx_word' id='word_1_106' title='bbox 481 1344 772 1379; x_wconf 85' lang='lat' dir='ltr'><strong>decernebantur.</strong></span> <span class='ocrx_word' id='word_1_107' title='bbox 789 1361 803 1373; x_wconf 66' lang='grc' dir='ltr'><strong>ι)</strong></span> 
     </span>
     <span class='ocr_line' id='line_1_21' title="bbox 128 1396 808 1444; baseline 0 -15"><span class='ocrx_word' id='word_1_108' title='bbox 128 1398 232 1431; x_wconf 81' lang='lat' dir='ltr'><strong>AErea</strong></span> <span class='ocrx_word' id='word_1_109' title='bbox 264 1397 397 1430; x_wconf 85' lang='lat' dir='ltr'><strong>scilicet</strong></span> <span class='ocrx_word' id='word_1_110' title='bbox 426 1397 549 1444; x_wconf 87' lang='lat' dir='ltr'><strong>Scorpi</strong></span> <span class='ocrx_word' id='word_1_111' title='bbox 582 1406 705 1444; x_wconf 77' lang='lat' dir='ltr'><strong>statua.</strong></span> <span class='ocrx_word' id='word_1_112' title='bbox 740 1396 808 1431; x_wconf 88' lang='lat' dir='ltr'><strong>Sed</strong></span> 
     </span>
     <span class='ocr_line' id='line_1_22' title="bbox 128 1449 807 1496; baseline 0.003 -14"><span class='ocrx_word' id='word_1_113' title='bbox 128 1458 220 1483; x_wconf 87' lang='lat' dir='ltr'><strong>stant</strong></span> <span class='ocrx_word' id='word_1_114' title='bbox 238 1462 256 1483; x_wconf 84' lang='lat' dir='ltr'><strong>a</strong></span> <span class='ocrx_word' id='word_1_115' title='bbox 271 1450 413 1496; x_wconf 88' lang='lat' dir='ltr'><strong>vulgato</strong></span> <span class='ocrx_word' id='word_1_116' title='bbox 431 1463 550 1485; x_wconf 89' lang='lat' dir='ltr'><strong>omnes</strong></span> <span class='ocrx_word' id='word_1_117' title='bbox 565 1449 667 1484; x_wconf 88' lang='lat' dir='ltr'><strong>codd.</strong></span> <span class='ocrx_word' id='word_1_118' title='bbox 681 1451 726 1484; x_wconf 86' lang='lat' dir='ltr'><strong>Et</strong></span> <span class='ocrx_word' id='word_1_119' title='bbox 742 1451 807 1484; x_wconf 89' lang='lat' dir='ltr'><strong>tri-</strong></span> 
     </span>
     <span class='ocr_line' id='line_1_23' title="bbox 126 1503 804 1549; baseline 0.001 -14"><span class='ocrx_word' id='word_1_120' title='bbox 126 1503 205 1536; x_wconf 88' lang='lat' dir='ltr'><strong>buit</strong></span> <span class='ocrx_word' id='word_1_121' title='bbox 235 1503 319 1536; x_wconf 81' lang='lat' dir='ltr'><strong>alibi</strong></span> <span class='ocrx_word' id='word_1_122' title='bbox 353 1504 480 1537; x_wconf 86' lang='lat' dir='ltr'><strong>Noster</strong></span> <span class='ocrx_word' id='word_1_123' title='bbox 519 1505 653 1549; x_wconf 88' lang='lat' dir='ltr'><strong>Scorpo</strong></span> <span class='ocrx_word' id='word_1_124' title='bbox 683 1516 804 1548; x_wconf 87' lang='lat' dir='ltr'><strong>graves</strong></span> 
     </span>
     <span class='ocr_line' id='line_1_24' title="bbox 128 1556 807 1602; baseline 0.003 -14"><span class='ocrx_word' id='word_1_125' title='bbox 128 1556 205 1588; x_wconf 89' lang='lat' dir='ltr'><strong>auri</strong></span> <span class='ocrx_word' id='word_1_126' title='bbox 239 1568 364 1589; x_wconf 83' lang='lat' dir='ltr'><strong>saccos.</strong></span> <span class='ocrx_word' id='word_1_127' title='bbox 392 1556 492 1590; x_wconf 88' lang='lat' dir='ltr'><strong>Nihil</strong></span> <span class='ocrx_word' id='word_1_128' title='bbox 517 1557 623 1602; x_wconf 87' lang='lat' dir='ltr'><strong>igitur</strong></span> <span class='ocrx_word' id='word_1_129' title='bbox 654 1558 785 1590; x_wconf 89' lang='lat' dir='ltr'><strong>mirum</strong></span> <span class='ocrx_word' id='word_1_130' title='bbox 797 1582 807 1598; x_wconf 94' lang='lat'>‚</span> 
     </span>
     <span class='ocr_line' id='line_1_25' title="bbox 129 1607 808 1656; baseline 0.003 -16"><span class='ocrx_word' id='word_1_131' title='bbox 129 1616 201 1641; x_wconf 86' lang='lat' dir='ltr'><strong>tam</strong></span> <span class='ocrx_word' id='word_1_132' title='bbox 229 1607 334 1642; x_wconf 88' lang='lat' dir='ltr'><strong>diviti</strong></span> <span class='ocrx_word' id='word_1_133' title='bbox 366 1617 492 1643; x_wconf 81' lang='lat' dir='ltr'><strong>statuas</strong></span> <span class='ocrx_word' id='word_1_134' title='bbox 525 1622 656 1644; x_wconf 84' lang='lat' dir='ltr'><strong>aureas.</strong></span> <span class='ocrx_word' id='word_1_135' title='bbox 687 1610 808 1656; x_wconf 86' lang='lat' dir='ltr'><strong>Inquit</strong></span> 
     </span>
     <span class='ocr_line' id='line_1_26' title="bbox 128 1661 807 1706; baseline 0.004 -13"><span class='ocrx_word' id='word_1_136' title='bbox 128 1661 221 1694; x_wconf 88' lang='lat' dir='ltr'><strong>enim</strong></span> <span class='ocrx_word' id='word_1_137' title='bbox 234 1669 337 1706; x_wconf 88' lang='lat' dir='ltr'><strong>poeta</strong></span> <span class='ocrx_word' id='word_1_138' title='bbox 352 1673 360 1695; x_wconf 89' lang='lat'>:</span> <span class='ocrx_word' id='word_1_139' title='bbox 379 1662 526 1696; x_wconf 87' lang='lat' dir='ltr'><strong>Confers</strong></span> <span class='ocrx_word' id='word_1_140' title='bbox 540 1676 668 1696; x_wconf 88' lang='lat' dir='ltr'><strong>aurum</strong></span> <span class='ocrx_word' id='word_1_141' title='bbox 681 1662 725 1696; x_wconf 88' lang='lat' dir='ltr'><strong>ad</strong></span> <span class='ocrx_word' id='word_1_142' title='bbox 738 1671 807 1697; x_wconf 88' lang='lat' dir='ltr'><strong>sta-</strong></span> 
     </span>
     <span class='ocr_line' id='line_1_27' title="bbox 127 1716 806 1762; baseline 0.003 -15"><span class='ocrx_word' id='word_1_143' title='bbox 127 1723 222 1747; x_wconf 87' lang='lat' dir='ltr'><strong>tuam</strong></span> <span class='ocrx_word' id='word_1_144' title='bbox 242 1722 439 1761; x_wconf 83' lang='lat' dir='ltr'><strong>equestrem</strong></span> <span class='ocrx_word' id='word_1_145' title='bbox 462 1716 587 1762; x_wconf 88' lang='lat' dir='ltr'><strong>Scorpi</strong></span> <span class='ocrx_word' id='word_1_146' title='bbox 607 1716 806 1762; x_wconf 85' lang='lat' dir='ltr'><strong>agitatoris,</strong></span> 
     </span>
     <span class='ocr_line' id='line_1_28' title="bbox 127 1768 807 1814; baseline 0.001 -14"><span class='ocrx_word' id='word_1_147' title='bbox 127 1775 161 1801; x_wconf 81' lang='lat' dir='ltr'><strong>et</strong></span> <span class='ocrx_word' id='word_1_148' title='bbox 174 1768 320 1814; x_wconf 87' lang='lat' dir='ltr'><strong>negligis</strong></span> <span class='ocrx_word' id='word_1_149' title='bbox 336 1769 489 1803; x_wconf 89' lang='lat' dir='ltr'><strong>amicum</strong></span> <span class='ocrx_word' id='word_1_150' title='bbox 502 1769 807 1804; x_wconf 69' lang='lat' dir='ltr'><strong>nobilem-Aa-</strong></span> 
     </span>
    </p>
   </div>
   <div class='ocr_carea' id='block_1_5' title="bbox 867 601 1549 1170">
    <p class='ocr_par' dir='ltr' id='par_1_5' title="bbox 867 601 1549 1112">
     <span class='ocr_line' id='line_1_29' title="bbox 870 601 1541 647; baseline -0.001 -13"><span class='ocrx_word' id='word_1_151' title='bbox 870 616 951 636; x_wconf 60' lang='grc' dir='ltr'><em>μεμε.</em></span> <span class='ocrx_word' id='word_1_152' title='bbox 965 602 1042 636; x_wconf 86' lang='lat' dir='ltr'><strong>Lib.</strong></span> <span class='ocrx_word' id='word_1_153' title='bbox 1059 603 1111 643; x_wconf 68' lang='lat' dir='ltr'><strong>X,</strong></span> <span class='ocrx_word' id='word_1_154' title='bbox 1125 601 1236 647; x_wconf 87' lang='lat' dir='ltr'><strong>epigr.</strong></span> <span class='ocrx_word' id='word_1_155' title='bbox 1253 611 1380 634; x_wconf 68' lang='lat' dir='ltr'><strong>rxnv:</strong></span> <span class='ocrx_word' id='word_1_156' title='bbox 1401 601 1541 642; x_wconf 67' lang='lat' dir='ltr'><strong>«Quum</strong></span> 
     </span>
     <span class='ocr_line' id='line_1_30' title="bbox 871 653 1549 701; baseline -0.001 -13"><span class='ocrx_word' id='word_1_157' title='bbox 871 656 1023 701; x_wconf 86' lang='lat' dir='ltr'><strong>Scorpus</strong></span> <span class='ocrx_word' id='word_1_158' title='bbox 1035 667 1105 688; x_wconf 85' lang='lat' dir='ltr'><strong>una</strong></span> <span class='ocrx_word' id='word_1_159' title='bbox 1120 653 1322 700; x_wconf 88' lang='lat' dir='ltr'><strong>quindecim</strong></span> <span class='ocrx_word' id='word_1_160' title='bbox 1331 666 1451 699; x_wconf 85' lang='lat' dir='ltr'><strong>graves</strong></span> <span class='ocrx_word' id='word_1_161' title='bbox 1463 654 1549 687; x_wconf 88' lang='lat' dir='ltr'><strong>hora</strong></span> 
     </span>
     <span class='ocr_line' id='line_1_31' title="bbox 869 707 1548 741; baseline -0.001 0"><span class='ocrx_word' id='word_1_162' title='bbox 869 707 1050 741; x_wconf 88' lang='lat' dir='ltr'><strong>Ferventis</strong></span> <span class='ocrx_word' id='word_1_163' title='bbox 1082 708 1158 741; x_wconf 81' lang='lat' dir='ltr'><strong>auri</strong></span> <span class='ocrx_word' id='word_1_164' title='bbox 1185 707 1298 741; x_wconf 85' lang='lat' dir='ltr'><strong>victor</strong></span> <span class='ocrx_word' id='word_1_165' title='bbox 1326 707 1448 740; x_wconf 80' lang='lat' dir='ltr'><strong>afferat</strong></span> <span class='ocrx_word' id='word_1_166' title='bbox 1474 719 1548 740; x_wconf 87' lang='lat' dir='ltr'><strong>sac-</strong></span> 
     </span>
     <span class='ocr_line' id='line_1_32' title="bbox 870 758 1549 795; baseline -0.003 0"><span class='ocrx_word' id='word_1_167' title='bbox 870 773 941 795; x_wconf 90' lang='lat' dir='ltr'><strong>cos.</strong></span> <span class='ocrx_word' id='word_1_168' title='bbox 958 778 972 790; x_wconf 73' lang='grc'><em>»</em></span> <span class='ocrx_word' id='word_1_169' title='bbox 996 759 1105 793; x_wconf 90' lang='lat' dir='ltr'><strong>Unde</strong></span> <span class='ocrx_word' id='word_1_170' title='bbox 1123 759 1254 793; x_wconf 89' lang='lat' dir='ltr'><strong>mirum</strong></span> <span class='ocrx_word' id='word_1_171' title='bbox 1271 758 1383 793; x_wconf 87' lang='lat' dir='ltr'><strong>videri</strong></span> <span class='ocrx_word' id='word_1_172' title='bbox 1397 772 1471 793; x_wconf 88' lang='lat' dir='ltr'><strong>non</strong></span> <span class='ocrx_word' id='word_1_173' title='bbox 1487 759 1549 793; x_wconf 92' lang='lat' dir='ltr'><strong>de-</strong></span> 
     </span>
     <span class='ocr_line' id='line_1_33' title="bbox 868 813 1548 858; baseline -0.001 -11"><span class='ocrx_word' id='word_1_174' title='bbox 868 815 927 847; x_wconf 87' lang='lat' dir='ltr'><strong>bet</strong></span> <span class='ocrx_word' id='word_1_175' title='bbox 955 826 1097 847; x_wconf 81' lang='lat' dir='ltr'><strong>auream</strong></span> <span class='ocrx_word' id='word_1_176' title='bbox 1129 813 1181 847; x_wconf 89' lang='lat' dir='ltr'><strong>illi</strong></span> <span class='ocrx_word' id='word_1_177' title='bbox 1216 821 1363 846; x_wconf 85' lang='lat' dir='ltr'><strong>statuam</strong></span> <span class='ocrx_word' id='word_1_178' title='bbox 1396 813 1548 858; x_wconf 85' lang='lat' dir='ltr'><strong>positam</strong></span> 
     </span>
     <span class='ocr_line' id='line_1_34' title="bbox 869 864 1545 911; baseline -0.003 -11"><span class='ocrx_word' id='word_1_179' title='bbox 869 867 973 900; x_wconf 80' lang='lat' dir='ltr'><strong>fuisse</strong></span> <span class='ocrx_word' id='word_1_180' title='bbox 990 879 998 900; x_wconf 91' lang='lat'>:</span> <span class='ocrx_word' id='word_1_181' title='bbox 1023 879 1126 900; x_wconf 88' lang='lat' dir='ltr'><strong>nasus</strong></span> <span class='ocrx_word' id='word_1_182' title='bbox 1142 878 1207 911; x_wconf 88' lang='lat' dir='ltr'><strong>per</strong></span> <span class='ocrx_word' id='word_1_183' title='bbox 1225 864 1471 911; x_wconf 66' lang='lat' dir='ltr'><strong>synecdochen</strong></span> <span class='ocrx_word' id='word_1_184' title='bbox 1487 878 1545 899; x_wconf 89' lang='lat' dir='ltr'><strong>su-</strong></span> 
     </span>
     <span class='ocr_line' id='line_1_35' title="bbox 869 917 1549 965; baseline -0.003 -12"><span class='ocrx_word' id='word_1_185' title='bbox 869 921 977 953; x_wconf 84' lang='lat' dir='ltr'><strong>mitur</strong></span> <span class='ocrx_word' id='word_1_186' title='bbox 1008 932 1075 965; x_wconf 90' lang='lat' dir='ltr'><strong>pro</strong></span> <span class='ocrx_word' id='word_1_187' title='bbox 1106 927 1179 952; x_wconf 88' lang='lat' dir='ltr'><strong>tota</strong></span> <span class='ocrx_word' id='word_1_188' title='bbox 1206 927 1331 953; x_wconf 82' lang='lat' dir='ltr'><strong>statua.</strong></span> <span class='ocrx_word' id='word_1_189' title='bbox 1362 919 1424 952; x_wconf 89' lang='lat' dir='ltr'><strong>Est</strong></span> <span class='ocrx_word' id='word_1_190' title='bbox 1455 917 1549 952; x_wconf 86' lang='lat' dir='ltr'><strong>idem</strong></span> 
     </span>
     <span class='ocr_line' id='line_1_36' title="bbox 867 970 1548 1018; baseline -0.001 -12"><span class='ocrx_word' id='word_1_191' title='bbox 867 973 926 1006; x_wconf 86' lang='lat' dir='ltr'><strong>ille</strong></span> <span class='ocrx_word' id='word_1_192' title='bbox 959 972 1118 1018; x_wconf 78' lang='lat' dir='ltr'><strong>Scorpus,</strong></span> <span class='ocrx_word' id='word_1_193' title='bbox 1147 971 1192 1005; x_wconf 91' lang='lat' dir='ltr'><strong>de</strong></span> <span class='ocrx_word' id='word_1_194' title='bbox 1216 984 1288 1017; x_wconf 91' lang='lat' dir='ltr'><strong>quo</strong></span> <span class='ocrx_word' id='word_1_195' title='bbox 1318 970 1456 1004; x_wconf 88' lang='lat' dir='ltr'><strong>dictum</strong></span> <span class='ocrx_word' id='word_1_196' title='bbox 1487 972 1548 1005; x_wconf 87' lang='lat' dir='ltr'><strong>lib.</strong></span> 
     </span>
     <span class='ocr_line' id='line_1_37' title="bbox 868 1025 1549 1071; baseline -0.003 -12"><span class='ocrx_word' id='word_1_197' title='bbox 868 1027 933 1067; x_wconf 89' lang='lat' dir='ltr'><strong>IV,</strong></span> <span class='ocrx_word' id='word_1_198' title='bbox 951 1026 1061 1071; x_wconf 87' lang='lat' dir='ltr'><strong>epigr.</strong></span> <span class='ocrx_word' id='word_1_199' title='bbox 1083 1037 1201 1066; x_wconf 71' lang='grc' dir='ltr'><strong>ικνῐῐ,</strong></span> <span class='ocrx_word' id='word_1_200' title='bbox 1222 1033 1256 1058; x_wconf 91' lang='lat' dir='ltr'><strong>et</strong></span> <span class='ocrx_word' id='word_1_201' title='bbox 1277 1025 1338 1058; x_wconf 88' lang='lat' dir='ltr'><strong>lib.</strong></span> <span class='ocrx_word' id='word_1_202' title='bbox 1354 1025 1409 1057; x_wconf 88' lang='lat' dir='ltr'><strong>III</strong></span> <span class='ocrx_word' id='word_1_203' title='bbox 1422 1049 1432 1064; x_wconf 94' lang='lat'>‚</span> <span class='ocrx_word' id='word_1_204' title='bbox 1449 1037 1505 1070; x_wconf 83' lang='lat' dir='ltr'><strong>ep.</strong></span> <span class='ocrx_word' id='word_1_205' title='bbox 1528 1037 1549 1058; x_wconf 85' lang='lat'><strong>1.</strong></span> 
     </span>
     <span class='ocr_line' id='line_1_38' title="bbox 869 1088 1002 1112; baseline -0.008 0"><span class='ocrx_word' id='word_1_206' title='bbox 869 1088 903 1112; x_wconf 78' lang='lat' dir='ltr'><strong>et</strong></span> <span class='ocrx_word' id='word_1_207' title='bbox 920 1091 1002 1112; x_wconf 80' lang='lat' dir='ltr'><strong>Lm.</strong></span> 
     </span>
    </p>

    <p class='ocr_par' dir='ltr' id='par_1_6' title="bbox 927 1128 1548 1170">
     <span class='ocr_line' id='line_1_39' title="bbox 927 1128 1548 1170; baseline -0.005 -5"><span class='ocrx_word' id='word_1_208' title='bbox 927 1144 940 1165; x_wconf 89' lang='lat'>1</span> <span class='ocrx_word' id='word_1_209' title='bbox 953 1144 983 1165; x_wconf 92' lang='lat'><strong>1.</strong></span> <span class='ocrx_word' id='word_1_210' title='bbox 1011 1131 1043 1165; x_wconf 90' lang='lat' dir='ltr'><em>O</em></span> <span class='ocrx_word' id='word_1_211' title='bbox 1059 1131 1275 1164; x_wconf 81' lang='lat' dir='ltr'><strong>dissimulator</strong></span> <span class='ocrx_word' id='word_1_212' title='bbox 1295 1132 1393 1163; x_wconf 83' lang='lat' dir='ltr'><strong>amice</strong></span> <span class='ocrx_word' id='word_1_213' title='bbox 1405 1156 1413 1170; x_wconf 88' lang='lat'><em>‚</em></span> <span class='ocrx_word' id='word_1_214' title='bbox 1435 1128 1548 1163; x_wconf 85' lang='lat' dir='ltr'><strong>Editt.</strong></span> 
     </span>
    </p>
   </div>
   <div class='ocr_carea' id='block_1_6' title="bbox 865 1183 1552 1812">
    <p class='ocr_par' dir='ltr' id='par_1_7' title="bbox 865 1183 1552 1550">
     <span class='ocr_line' id='line_1_40' title="bbox 868 1183 1546 1229; baseline -0.003 -12"><span class='ocrx_word' id='word_1_215' title='bbox 868 1184 948 1219; x_wconf 88' lang='lat' dir='ltr'><strong>Ald.</strong></span> <span class='ocrx_word' id='word_1_216' title='bbox 975 1185 1075 1218; x_wconf 89' lang='lat' dir='ltr'><strong>Junt.</strong></span> <span class='ocrx_word' id='word_1_217' title='bbox 1104 1183 1220 1218; x_wconf 90' lang='lat' dir='ltr'><strong>Colin.</strong></span> <span class='ocrx_word' id='word_1_218' title='bbox 1241 1183 1379 1229; x_wconf 72' lang='lat' dir='ltr'><strong>Gryph.</strong></span> <span class='ocrx_word' id='word_1_219' title='bbox 1404 1183 1546 1215; x_wconf 76' lang='lat' dir='ltr'><strong>Junian.</strong></span> 
     </span>
     <span class='ocr_line' id='line_1_41' title="bbox 867 1235 1549 1284; baseline -0.004 -13"><span class='ocrx_word' id='word_1_220' title='bbox 867 1238 996 1284; x_wconf 89' lang='lat' dir='ltr'><strong>Delph.</strong></span> <span class='ocrx_word' id='word_1_221' title='bbox 1012 1237 1172 1271; x_wconf 67' lang='grc' dir='ltr'><strong>εἴα-Ο</strong></span> <span class='ocrx_word' id='word_1_222' title='bbox 1178 1238 1303 1280; x_wconf 79' lang='lat' dir='ltr'><strong>frustra</strong></span> <span class='ocrx_word' id='word_1_223' title='bbox 1316 1236 1463 1281; x_wconf 83' lang='lat' dir='ltr'><strong>locuples.</strong></span> <span class='ocrx_word' id='word_1_224' title='bbox 1478 1235 1549 1277; x_wconf 89' lang='lat' dir='ltr'><strong>Qui</strong></span> 
     </span>
     <span class='ocr_line' id='line_1_42' title="bbox 867 1290 1550 1334; baseline -0.004 -10"><span class='ocrx_word' id='word_1_225' title='bbox 867 1290 999 1324; x_wconf 82' lang='lat' dir='ltr'><strong>divitiis</strong></span> <span class='ocrx_word' id='word_1_226' title='bbox 1028 1291 1080 1324; x_wconf 84' lang='lat' dir='ltr'><strong>nti</strong></span> <span class='ocrx_word' id='word_1_227' title='bbox 1112 1290 1244 1332; x_wconf 82' lang='lat' dir='ltr'><strong>nescis,</strong></span> <span class='ocrx_word' id='word_1_228' title='bbox 1277 1301 1433 1334; x_wconf 82' lang='lat' dir='ltr'><strong>rneaeque</strong></span> <span class='ocrx_word' id='word_1_229' title='bbox 1463 1301 1550 1334; x_wconf 88' lang='lat' dir='ltr'><strong>pau-</strong></span> 
     </span>
     <span class='ocr_line' id='line_1_43' title="bbox 866 1341 1549 1390; baseline -0.004 -13"><span class='ocrx_word' id='word_1_230' title='bbox 866 1344 1011 1390; x_wconf 85' lang='lat' dir='ltr'><strong>pertatis</strong></span> <span class='ocrx_word' id='word_1_231' title='bbox 1044 1343 1206 1377; x_wconf 83' lang='lat' dir='ltr'><strong>notitiam</strong></span> <span class='ocrx_word' id='word_1_232' title='bbox 1242 1341 1450 1376; x_wconf 82' lang='lat' dir='ltr'><strong>dissimulas.</strong></span> <span class='ocrx_word' id='word_1_233' title='bbox 1483 1342 1549 1374; x_wconf 90' lang='lat' dir='ltr'><strong>Le-</strong></span> 
     </span>
     <span class='ocr_line' id='line_1_44' title="bbox 865 1394 1552 1443; baseline -0.007 -13"><span class='ocrx_word' id='word_1_234' title='bbox 865 1397 980 1443; x_wconf 85' lang='lat' dir='ltr'><strong>gimus</strong></span> <span class='ocrx_word' id='word_1_235' title='bbox 1008 1409 1072 1430; x_wconf 92' lang='lat' dir='ltr'><strong>nos</strong></span> <span class='ocrx_word' id='word_1_236' title='bbox 1094 1403 1129 1429; x_wconf 90' lang='lat' dir='ltr'><strong>et</strong></span> <span class='ocrx_word' id='word_1_237' title='bbox 1153 1396 1210 1429; x_wconf 89' lang='lat' dir='ltr'><strong>alii</strong></span> <span class='ocrx_word' id='word_1_238' title='bbox 1239 1410 1246 1428; x_wconf 80' lang='lat' dir='ltr'><em>z</em></span> <span class='ocrx_word' id='word_1_239' title='bbox 1275 1396 1307 1429; x_wconf 88' lang='lat' dir='ltr'><em>O</em></span> <span class='ocrx_word' id='word_1_240' title='bbox 1335 1394 1552 1428; x_wconf 63' lang='lat' dir='ltr'><strong>dissimulator</strong></span> 
     </span>
     <span class='ocr_line' id='line_1_45' title="bbox 867 1448 1550 1494; baseline -0.003 -12"><span class='ocrx_word' id='word_1_241' title='bbox 867 1452 971 1484; x_wconf 80' lang='lat' dir='ltr'><strong>amici.</strong></span> <span class='ocrx_word' id='word_1_242' title='bbox 992 1448 1078 1482; x_wconf 90' lang='lat' dir='ltr'><strong>Vid.</strong></span> <span class='ocrx_word' id='word_1_243' title='bbox 1107 1449 1214 1494; x_wconf 85' lang='lat' dir='ltr'><strong>epigr.</strong></span> <span class='ocrx_word' id='word_1_244' title='bbox 1248 1461 1303 1491; x_wconf 75' lang='lat' dir='ltr'><strong>lv,</strong></span> <span class='ocrx_word' id='word_1_245' title='bbox 1331 1461 1380 1482; x_wconf 72' lang='lat' dir='ltr'><strong>vs.</strong></span> <span class='ocrx_word' id='word_1_246' title='bbox 1412 1450 1458 1492; x_wconf 87' lang='lat'><strong>89</strong></span> <span class='ocrx_word' id='word_1_247' title='bbox 1479 1473 1488 1488; x_wconf 90' lang='lat'>‚</span> <span class='ocrx_word' id='word_1_248' title='bbox 1515 1455 1550 1480; x_wconf 86' lang='lat' dir='ltr'><strong>et</strong></span> 
     </span>
     <span class='ocr_line' id='line_1_46' title="bbox 867 1503 1204 1550; baseline -0.006 -13"><span class='ocrx_word' id='word_1_249' title='bbox 867 1515 990 1550; x_wconf 89' lang='lat' dir='ltr'><strong>supra,</strong></span> <span class='ocrx_word' id='word_1_250' title='bbox 1011 1503 1121 1548; x_wconf 84' lang='lat' dir='ltr'><strong>epigr.</strong></span> <span class='ocrx_word' id='word_1_251' title='bbox 1146 1515 1204 1535; x_wconf 83' lang='lat' dir='ltr'><strong>xx.</strong></span> 
     </span>
    </p>

    <p class='ocr_par' dir='ltr' id='par_1_8' title="bbox 866 1553 1549 1812">
     <span class='ocr_line' id='line_1_47' title="bbox 926 1553 1546 1600; baseline -0.005 -11"><span class='ocrx_word' id='word_1_252' title='bbox 926 1569 939 1589; x_wconf 93' lang='lat'>1</span> <span class='ocrx_word' id='word_1_253' title='bbox 951 1569 984 1589; x_wconf 83' lang='lat'><strong>2.</strong></span> <span class='ocrx_word' id='word_1_254' title='bbox 1001 1557 1083 1588; x_wconf 77' lang='lat' dir='ltr'><strong>Hcec</strong></span> <span class='ocrx_word' id='word_1_255' title='bbox 1096 1556 1195 1600; x_wconf 77' lang='lat' dir='ltr'><strong>legis,</strong></span> <span class='ocrx_word' id='word_1_256' title='bbox 1215 1562 1279 1588; x_wconf 89' lang='lat' dir='ltr'><strong>etc.</strong></span> <span class='ocrx_word' id='word_1_257' title='bbox 1296 1555 1411 1587; x_wconf 84' lang='lat' dir='ltr'><strong>Probe</strong></span> <span class='ocrx_word' id='word_1_258' title='bbox 1423 1553 1498 1586; x_wconf 84' lang='lat' dir='ltr'><strong>haec</strong></span> <span class='ocrx_word' id='word_1_259' title='bbox 1513 1561 1546 1586; x_wconf 85' lang='lat' dir='ltr'><strong>et</strong></span> 
     </span>
     <span class='ocr_line' id='line_1_48' title="bbox 866 1608 1548 1648; baseline -0.004 -7"><span class='ocrx_word' id='word_1_260' title='bbox 866 1622 950 1643; x_wconf 90' lang='lat' dir='ltr'><strong>vere</strong></span> <span class='ocrx_word' id='word_1_261' title='bbox 970 1622 988 1642; x_wconf 86' lang='lat' dir='ltr'><strong>a</strong></span> <span class='ocrx_word' id='word_1_262' title='bbox 1006 1621 1061 1642; x_wconf 89' lang='lat' dir='ltr'><strong>me</strong></span> <span class='ocrx_word' id='word_1_263' title='bbox 1077 1608 1215 1642; x_wconf 88' lang='lat' dir='ltr'><strong>moneri</strong></span> <span class='ocrx_word' id='word_1_264' title='bbox 1229 1608 1365 1648; x_wconf 80' lang='lat' dir='ltr'><strong>fateris,</strong></span> <span class='ocrx_word' id='word_1_265' title='bbox 1385 1615 1418 1640; x_wconf 83' lang='lat' dir='ltr'><strong>et</strong></span> <span class='ocrx_word' id='word_1_266' title='bbox 1432 1615 1548 1640; x_wconf 86' lang='lat' dir='ltr'><strong>tamen</strong></span> 
     </span>
     <span class='ocr_line' id='line_1_49' title="bbox 867 1660 1549 1707; baseline -0.006 -11"><span class='ocrx_word' id='word_1_267' title='bbox 867 1662 967 1696; x_wconf 84' lang='lat' dir='ltr'><strong>famae</strong></span> <span class='ocrx_word' id='word_1_268' title='bbox 982 1662 1089 1707; x_wconf 83' lang='lat' dir='ltr'><strong>hujus</strong></span> <span class='ocrx_word' id='word_1_269' title='bbox 1104 1670 1139 1695; x_wconf 90' lang='lat' dir='ltr'><strong>et</strong></span> <span class='ocrx_word' id='word_1_270' title='bbox 1156 1660 1428 1694; x_wconf 85' lang='lat' dir='ltr'><strong>immortalitatis</strong></span> <span class='ocrx_word' id='word_1_271' title='bbox 1445 1660 1549 1693; x_wconf 85' lang='lat' dir='ltr'><strong>ratio-</strong></span> 
     </span>
     <span class='ocr_line' id='line_1_50' title="bbox 867 1714 1549 1759; baseline -0.003 -11"><span class='ocrx_word' id='word_1_272' title='bbox 867 1716 1001 1749; x_wconf 87' lang='lat' dir='ltr'><strong>tionem</strong></span> <span class='ocrx_word' id='word_1_273' title='bbox 1019 1715 1109 1748; x_wconf 87' lang='lat' dir='ltr'><strong>inire</strong></span> <span class='ocrx_word' id='word_1_274' title='bbox 1122 1728 1195 1749; x_wconf 89' lang='lat' dir='ltr'><strong>non</strong></span> <span class='ocrx_word' id='word_1_275' title='bbox 1210 1715 1261 1748; x_wconf 85' lang='lat' dir='ltr'><strong>vis</strong></span> <span class='ocrx_word' id='word_1_276' title='bbox 1276 1714 1290 1747; x_wconf 75' lang='grc' dir='ltr'>Ρ</span> <span class='ocrx_word' id='word_1_277' title='bbox 1307 1714 1430 1759; x_wconf 85' lang='lat' dir='ltr'><strong>Epigr.</strong></span> <span class='ocrx_word' id='word_1_278' title='bbox 1446 1725 1549 1758; x_wconf 86' lang='lat' dir='ltr'><strong>supra</strong></span> 
     </span>
     <span class='ocr_line' id='line_1_51' title="bbox 867 1770 1122 1812; baseline 0 -10"><span class='ocrx_word' id='word_1_279' title='bbox 867 1770 974 1802; x_wconf 80' lang='lat' dir='ltr'><strong>citato</strong></span> <span class='ocrx_word' id='word_1_280' title='bbox 988 1795 996 1809; x_wconf 82' lang='lat'>‚</span> <span class='ocrx_word' id='word_1_281' title='bbox 1016 1781 1066 1802; x_wconf 74' lang='lat' dir='ltr'><strong>vs,</strong></span> <span class='ocrx_word' id='word_1_282' title='bbox 1088 1781 1122 1812; x_wconf 83' lang='lat'><strong>9.</strong></span> 
     </span>
    </p>
   </div>
   <div class='ocr_carea' id='block_1_7' title="bbox 717 1933 956 1989">
    <p class='ocr_par' dir='ltr' id='par_1_9' title="bbox 717 1933 956 1989">
     <span class='ocr_line' id='line_1_52' title="bbox 717 1933 956 1989; baseline 0.004 -1"><span class='ocrx_word' id='word_1_283' title='bbox 717 1933 956 1989; x_wconf 80' lang='lat' dir='ltr'><strong>XXVI.</strong></span> 
     </span>
    </p>
   </div>
   <div class='ocr_carea' id='block_1_8' title="bbox 650 2071 1033 2135">
    <p class='ocr_par' dir='ltr' id='par_1_10' title="bbox 650 2071 1033 2135">
     <span class='ocr_line' id='line_1_53' title="bbox 650 2071 1033 2135; baseline 0 -16"><span class='ocrx_word' id='word_1_284' title='bbox 650 2092 716 2135; x_wconf 72' lang='lat' dir='ltr'><strong>An</strong></span> <span class='ocrx_word' id='word_1_285' title='bbox 755 2093 995 2121; x_wconf 70' lang='lat' dir='ltr'><strong>connum.</strong></span> <span class='ocrx_word' id='word_1_286' title='bbox 1016 2071 1033 2088; x_wconf 43' lang='grc' dir='ltr'><strong>’ί</strong></span> 
     </span>
    </p>
   </div>
   <div class='ocr_carea' id='block_1_9' title="bbox 264 2218 1234 2282">
    <p class='ocr_par' dir='ltr' id='par_1_11' title="bbox 264 2218 1234 2282">
     <span class='ocr_line' id='line_1_54' title="bbox 264 2218 1234 2282; baseline 0.002 -20"><span class='ocrx_word' id='word_1_287' title='bbox 264 2219 406 2275; x_wconf 85' lang='lat' dir='ltr'>QUOD</span> <span class='ocrx_word' id='word_1_288' title='bbox 430 2219 574 2281; x_wconf 84' lang='lat' dir='ltr'><strong>Alpha</strong></span> <span class='ocrx_word' id='word_1_289' title='bbox 599 2218 708 2276; x_wconf 79' lang='lat' dir='ltr'><strong>dixi,</strong></span> <span class='ocrx_word' id='word_1_290' title='bbox 731 2221 877 2266; x_wconf 87' lang='lat' dir='ltr'><strong>Codre</strong></span> <span class='ocrx_word' id='word_1_291' title='bbox 892 2257 903 2278; x_wconf 90' lang='lat'>,</span> <span class='ocrx_word' id='word_1_292' title='bbox 926 2220 1234 2282; x_wconf 85' lang='lat' dir='ltr'><strong>penulatorum</strong></span> 
     </span>
    </p>
   </div>
   <div class='ocr_carea' id='block_1_10' title="bbox 122 2349 801 2721">
    <p class='ocr_par' dir='ltr' id='par_1_12' title="bbox 122 2349 801 2721">
     <span class='ocr_line' id='line_1_55' title="bbox 177 2349 800 2400; baseline 0.01 -14"><span class='ocrx_word' id='word_1_293' title='bbox 177 2349 192 2363; x_wconf 59' lang='lat'>³</span> <span class='ocrx_word' id='word_1_294' title='bbox 210 2353 327 2400; x_wconf 89' lang='lat' dir='ltr'><strong>Fingit</strong></span> <span class='ocrx_word' id='word_1_295' title='bbox 351 2357 498 2391; x_wconf 84' lang='lat' dir='ltr'><strong>antehac</strong></span> <span class='ocrx_word' id='word_1_296' title='bbox 527 2358 703 2391; x_wconf 84' lang='lat' dir='ltr'><strong>offensum</strong></span> <span class='ocrx_word' id='word_1_297' title='bbox 732 2359 800 2392; x_wconf 90' lang='lat' dir='ltr'><strong>Co-</strong></span> 
     </span>
     <span class='ocr_line' id='line_1_56' title="bbox 123 2405 801 2456; baseline 0.01 -18"><span class='ocrx_word' id='word_1_298' title='bbox 123 2405 253 2448; x_wconf 83' lang='lat' dir='ltr'><strong>drum,</strong></span> <span class='ocrx_word' id='word_1_299' title='bbox 284 2408 385 2453; x_wconf 87' lang='lat' dir='ltr'><strong>eique</strong></span> <span class='ocrx_word' id='word_1_300' title='bbox 416 2411 613 2456; x_wconf 85' lang='lat' dir='ltr'><strong>reponendi</strong></span> <span class='ocrx_word' id='word_1_301' title='bbox 644 2412 801 2445; x_wconf 88' lang='lat' dir='ltr'><strong>convicii</strong></span> 
     </span>
     <span class='ocr_line' id='line_1_57' title="bbox 123 2459 800 2509; baseline 0.01 -18"><span class='ocrx_word' id='word_1_302' title='bbox 123 2459 206 2493; x_wconf 80' lang='lat' dir='ltr'><strong>facit</strong></span> <span class='ocrx_word' id='word_1_303' title='bbox 233 2460 395 2506; x_wconf 55' lang='lat' dir='ltr'><strong>copiam„</strong></span> <span class='ocrx_word' id='word_1_304' title='bbox 411 2462 520 2503; x_wconf 81' lang='lat' dir='ltr'><strong>Nam,</strong></span> <span class='ocrx_word' id='word_1_305' title='bbox 542 2472 584 2497; x_wconf 90' lang='lat' dir='ltr'><strong>ut</strong></span> <span class='ocrx_word' id='word_1_306' title='bbox 604 2472 704 2509; x_wconf 90' lang='lat' dir='ltr'><strong>putat</strong></span> <span class='ocrx_word' id='word_1_307' title='bbox 731 2466 800 2497; x_wconf 85' lang='lat' dir='ltr'><strong>Ra-</strong></span> 
     </span>
     <span class='ocr_line' id='line_1_58' title="bbox 123 2511 800 2562; baseline 0.009 -17"><span class='ocrx_word' id='word_1_308' title='bbox 123 2511 229 2546; x_wconf 81' lang='lat' dir='ltr'><strong>derus</strong></span> <span class='ocrx_word' id='word_1_309' title='bbox 253 2538 263 2553; x_wconf 90' lang='lat'>‚</span> <span class='ocrx_word' id='word_1_310' title='bbox 303 2514 368 2548; x_wconf 85' lang='lat' dir='ltr'><strong>hac</strong></span> <span class='ocrx_word' id='word_1_311' title='bbox 409 2524 529 2549; x_wconf 88' lang='lat' dir='ltr'><strong>mutua</strong></span> <span class='ocrx_word' id='word_1_312' title='bbox 567 2517 800 2562; x_wconf 85' lang='lat' dir='ltr'><strong>appellatione</strong></span> 
     </span>
     <span class='ocr_line' id='line_1_59' title="bbox 123 2565 800 2615; baseline 0.009 -18"><span class='ocrx_word' id='word_1_313' title='bbox 123 2565 227 2599; x_wconf 81' lang='lat' dir='ltr'><strong>ambo</strong></span> <span class='ocrx_word' id='word_1_314' title='bbox 256 2579 356 2611; x_wconf 86' lang='lat' dir='ltr'><strong>pares</strong></span> <span class='ocrx_word' id='word_1_315' title='bbox 385 2569 514 2602; x_wconf 87' lang='lat' dir='ltr'><strong>erimus</strong></span> <span class='ocrx_word' id='word_1_316' title='bbox 533 2581 540 2602; x_wconf 73' lang='grc' dir='ltr'>ε</span> <span class='ocrx_word' id='word_1_317' title='bbox 558 2569 647 2603; x_wconf 85' lang='lat' dir='ltr'><strong>sicut</strong></span> <span class='ocrx_word' id='word_1_318' title='bbox 675 2578 709 2603; x_wconf 91' lang='lat' dir='ltr'><strong>te</strong></span> <span class='ocrx_word' id='word_1_319' title='bbox 736 2582 800 2615; x_wconf 85' lang='lat' dir='ltr'><strong>ego</strong></span> 
     </span>
     <span class='ocr_line' id='line_1_60' title="bbox 122 2619 799 2663; baseline 0.009 -12"><span class='ocrx_word' id='word_1_320' title='bbox 122 2619 277 2663; x_wconf 88' lang='lat' dir='ltr'><strong>primum</strong></span> <span class='ocrx_word' id='word_1_321' title='bbox 308 2620 555 2655; x_wconf 88' lang='lat' dir='ltr'><strong>mendicorum</strong></span> <span class='ocrx_word' id='word_1_322' title='bbox 573 2649 582 2663; x_wconf 83' lang='lat'><strong><em>‚</em></strong></span> <span class='ocrx_word' id='word_1_323' title='bbox 607 2622 655 2656; x_wconf 79' lang='lat' dir='ltr'><strong>ita</strong></span> <span class='ocrx_word' id='word_1_324' title='bbox 679 2636 733 2657; x_wconf 87' lang='lat' dir='ltr'><strong>me</strong></span> <span class='ocrx_word' id='word_1_325' title='bbox 761 2632 799 2657; x_wconf 92' lang='lat' dir='ltr'><strong>tu</strong></span> 
     </span>
     <span class='ocr_line' id='line_1_61' title="bbox 123 2674 722 2721; baseline 0.01 -17"><span class='ocrx_word' id='word_1_326' title='bbox 123 2680 336 2716; x_wconf 85' lang='lat' dir='ltr'><strong>postremum</strong></span> <span class='ocrx_word' id='word_1_327' title='bbox 355 2674 505 2708; x_wconf 83' lang='lat' dir='ltr'><strong>divitum</strong></span> <span class='ocrx_word' id='word_1_328' title='bbox 527 2677 722 2721; x_wconf 75' lang='lat' dir='ltr'><strong>appellabis.</strong></span> 
     </span>
    </p>
   </div>
   <div class='ocr_carea' id='block_1_11' title="bbox 859 2359 1544 2721">
    <p class='ocr_par' dir='ltr' id='par_1_13' title="bbox 859 2359 1544 2721">
     <span class='ocr_line' id='line_1_62' title="bbox 920 2359 1542 2405; baseline 0.005 -12"><span class='ocrx_word' id='word_1_329' title='bbox 920 2372 935 2393; x_wconf 91' lang='lat'>1</span> <span class='ocrx_word' id='word_1_330' title='bbox 945 2386 952 2392; x_wconf 93' lang='lat'><strong>.</strong></span> <span class='ocrx_word' id='word_1_331' title='bbox 970 2359 1068 2403; x_wconf 79' lang='lat' dir='ltr'><strong>Quod</strong></span> <span class='ocrx_word' id='word_1_332' title='bbox 1078 2360 1202 2405; x_wconf 67' lang='lat' dir='ltr'><strong>Alplea.</strong></span> <span class='ocrx_word' id='word_1_333' title='bbox 1218 2360 1348 2394; x_wconf 88' lang='lat' dir='ltr'><strong>Irridet</strong></span> <span class='ocrx_word' id='word_1_334' title='bbox 1361 2361 1521 2395; x_wconf 87' lang='lat' dir='ltr'><strong>Codrum</strong></span> <span class='ocrx_word' id='word_1_335' title='bbox 1533 2390 1542 2405; x_wconf 90' lang='lat'>‚</span> 
     </span>
     <span class='ocr_line' id='line_1_63' title="bbox 861 2413 1544 2458; baseline 0.01 -15"><span class='ocrx_word' id='word_1_336' title='bbox 861 2424 987 2457; x_wconf 87' lang='lat' dir='ltr'><strong>quem,</strong></span> <span class='ocrx_word' id='word_1_337' title='bbox 1005 2413 1067 2445; x_wconf 90' lang='lat' dir='ltr'><strong>lib.</strong></span> <span class='ocrx_word' id='word_1_338' title='bbox 1086 2413 1141 2453; x_wconf 87' lang='grc' dir='ltr'><strong>ΙΙ,</strong></span> <span class='ocrx_word' id='word_1_339' title='bbox 1164 2413 1272 2458; x_wconf 86' lang='lat' dir='ltr'><strong>epigr.</strong></span> <span class='ocrx_word' id='word_1_340' title='bbox 1288 2427 1366 2447; x_wconf 70' lang='lat' dir='ltr'>LVII</span> <span class='ocrx_word' id='word_1_341' title='bbox 1380 2441 1389 2456; x_wconf 93' lang='lat'>‚</span> <span class='ocrx_word' id='word_1_342' title='bbox 1408 2414 1544 2450; x_wconf 84' lang='lat' dir='ltr'><strong>dixerat</strong></span> 
     </span>
     <span class='ocr_line' id='line_1_64' title="bbox 861 2465 1541 2510; baseline 0.009 -14"><span class='ocrx_word' id='word_1_343' title='bbox 861 2465 964 2510; x_wconf 87' lang='lat' dir='ltr'><strong>alpha</strong></span> <span class='ocrx_word' id='word_1_344' title='bbox 988 2465 1260 2510; x_wconf 84' lang='lat' dir='ltr'><strong>penulatorum,</strong></span> <span class='ocrx_word' id='word_1_345' title='bbox 1282 2467 1351 2501; x_wconf 91' lang='lat' dir='ltr'><strong>hoc</strong></span> <span class='ocrx_word' id='word_1_346' title='bbox 1370 2476 1420 2501; x_wconf 88' lang='lat' dir='ltr'><strong>est</strong></span> <span class='ocrx_word' id='word_1_347' title='bbox 1439 2481 1541 2502; x_wconf 82' lang='lat' dir='ltr'><strong>nien-</strong></span> 
     </span>
     <span class='ocr_line' id='line_1_65' title="bbox 860 2516 1540 2565; baseline 0.007 -15"><span class='ocrx_word' id='word_1_348' title='bbox 860 2516 1021 2551; x_wconf 87' lang='lat' dir='ltr'><strong>dicorum</strong></span> <span class='ocrx_word' id='word_1_349' title='bbox 1034 2518 1200 2564; x_wconf 89' lang='lat' dir='ltr'><strong>primum.</strong></span> <span class='ocrx_word' id='word_1_350' title='bbox 1218 2520 1328 2565; x_wconf 74' lang='lat' dir='ltr'><strong>Alpha</strong></span> <span class='ocrx_word' id='word_1_351' title='bbox 1346 2529 1469 2554; x_wconf 91' lang='lat' dir='ltr'><strong>notum</strong></span> <span class='ocrx_word' id='word_1_352' title='bbox 1489 2531 1540 2555; x_wconf 78' lang='lat' dir='ltr'><strong>cst</strong></span> 
     </span>
     <span class='ocr_line' id='line_1_66' title="bbox 860 2569 1542 2618; baseline 0.007 -15"><span class='ocrx_word' id='word_1_353' title='bbox 860 2569 946 2616; x_wconf 87' lang='lat' dir='ltr'><strong>quid</strong></span> <span class='ocrx_word' id='word_1_354' title='bbox 962 2572 1074 2605; x_wconf 75' lang='lat' dir='ltr'><strong>valeat</strong></span> <span class='ocrx_word' id='word_1_355' title='bbox 1087 2584 1127 2605; x_wconf 86' lang='lat' dir='ltr'><strong>ex</strong></span> <span class='ocrx_word' id='word_1_356' title='bbox 1144 2573 1335 2618; x_wconf 86' lang='lat' dir='ltr'><strong>proverbio</strong></span> <span class='ocrx_word' id='word_1_357' title='bbox 1349 2595 1358 2611; x_wconf 81' lang='lat'>‚</span> <span class='ocrx_word' id='word_1_358' title='bbox 1376 2575 1460 2607; x_wconf 71' lang='lat' dir='ltr'><strong>Bata</strong></span> <span class='ocrx_word' id='word_1_359' title='bbox 1474 2575 1542 2609; x_wconf 91' lang='lat' dir='ltr'><strong>hoc</strong></span> 
     </span>
     <span class='ocr_line' id='line_1_67' title="bbox 859 2624 1538 2671; baseline 0.009 -16"><span class='ocrx_word' id='word_1_360' title='bbox 859 2624 936 2657; x_wconf 88' lang='lat' dir='ltr'><strong>loco</strong></span> <span class='ocrx_word' id='word_1_361' title='bbox 971 2637 1042 2657; x_wconf 88' lang='lat' dir='ltr'><strong>non</strong></span> <span class='ocrx_word' id='word_1_362' title='bbox 1085 2626 1216 2671; x_wconf 87' lang='lat' dir='ltr'><strong>accipio</strong></span> <span class='ocrx_word' id='word_1_363' title='bbox 1253 2639 1317 2671; x_wconf 90' lang='lat' dir='ltr'><strong>pro</strong></span> <span class='ocrx_word' id='word_1_364' title='bbox 1351 2627 1506 2661; x_wconf 82' lang='lat' dir='ltr'><strong>secundo</strong></span> <span class='ocrx_word' id='word_1_365' title='bbox 1529 2654 1538 2669; x_wconf 89' lang='lat'>,</span> 
     </span>
     <span class='ocr_line' id='line_1_68' title="bbox 861 2677 1533 2721; baseline 0.009 -12"><span class='ocrx_word' id='word_1_366' title='bbox 861 2677 947 2710; x_wconf 89' lang='lat' dir='ltr'><strong>nihil</strong></span> <span class='ocrx_word' id='word_1_367' title='bbox 967 2678 1061 2711; x_wconf 83' lang='lat' dir='ltr'><strong>euim</strong></span> <span class='ocrx_word' id='word_1_368' title='bbox 1083 2680 1181 2712; x_wconf 82' lang='lat' dir='ltr'><strong>nervi</strong></span> <span class='ocrx_word' id='word_1_369' title='bbox 1206 2679 1350 2713; x_wconf 72' lang='lat' dir='ltr'><strong>haberet</strong></span> <span class='ocrx_word' id='word_1_370' title='bbox 1373 2693 1533 2721; x_wconf 82' lang='lat' dir='ltr'><strong>carmen,</strong></span> 
     </span>
    </p>
   </div>
  </div>
 </body>
</html>
