1978 3305
441 248 1021 291 EPIGRAMMATUM
1054 248 1179 290 LIB.
1218 248 1270 291 V.

1499 265 1556 309 ¹9

364 335 465 378 Uno
493 350 627 394 quum
655 334 814 394 digito,
836 332 904 377 vel
931 333 1043 388 hoe,
1068 332 1137 377 vel
1167 332 1262 388 illo⁷

361 406 510 448 Portet
537 403 668 448 Stella
692 421 812 448 meus
835 404 985 447 decem
1009 402 1184 464 puellas.

207 538 240 568 6.
249 536 318 568 Uno
329 549 420 581 quum
432 537 543 580 digito.
554 536 633 568 Non
646 544 734 581 puto
747 537 827 569 alie-

153 600 238 620 num
256 588 302 621 ita
320 588 514 633 intelligere
537 601 544 621 :
562 588 666 621 Stella
683 600 754 620 uuo
773 587 827 620 di-

150 640 222 685 gito
237 641 360 686 quovis
370 649 499 686 portat,
513 639 607 673 unde
621 640 686 673 sihi
703 640 828 674 habeat

151 691 197 725 ad
222 693 407 726 arbitrium
432 692 552 726 decem
574 693 728 737 puellas,
747 704 827 725 mu·

150 745 296 778 neribus
313 745 496 791 plerasque
519 745 648 778 faciles.
669 745 736 777 En.

205 810 239 842 7.
259 798 359 830 Levat
375 798 478 831 stella.
502 799 544 830 In
564 796 644 831 cod.
667 797 823 830 Florent.

150 871 202 876 —
227 851 342 882 Decem
365 850 502 895 puellas.
528 849 665 894 Lepide
689 851 828 895 jocatur

149 910 253 948 poeta
273 903 308 935 in
327 903 474 947 gemmis
490 915 577 948 quas
594 902 705 947 digito
717 911 827 947 gesta-

150 955 208 988 bat
231 955 347 989 Stella.
366 956 475 988 Varia
496 964 546 988 est
564 956 669 1000 hujus
691 955 759 988 loci
777 955 828 988 in-

150 1008 367 1053 terpretatio.
387 1008 464 1041 Hoc
486 1017 537 1041 est
558 1020 567 1041 :
592 1020 703 1053 quum
723 1007 827 1040 Stella

149 1072 222 1093 uno
244 1059 355 1106 digito
371 1069 480 1106 gestet
498 1059 620 1094 decem
643 1060 789 1093 annulos
808 1074 825 1094 a

149 1114 275 1158 puellis
312 1112 458 1147 donatos
471 1139 480 1153 ‚
515 1113 662 1146 totidem
700 1125 826 1158 nempe

149 1167 344 1211 puellarum
381 1167 527 1212 pignora
540 1193 549 1207 ,
582 1167 637 1199 vel
672 1166 824 1210 pretium

150 1217 272 1252 decem
287 1220 482 1264 puellarum
497 1244 506 1259 ‚
524 1228 563 1252 ut
581 1218 745 1263 intelligit
759 1220 828 1251 Do-

150 1271 281 1305 mitius.
310 1270 378 1305 Sed
403 1284 481 1304 meo
506 1270 639 1317 judicio
667 1274 826 1304 omnium

151 1325 283 1369 optime
294 1324 449 1358 Raderus
460 1325 621 1369 intelligit
633 1324 752 1357 decem
766 1336 826 1356 an-

151 1377 273 1418 nulos,
300 1377 336 1410 in
365 1390 521 1422 quorum
550 1377 692 1422 singulis
723 1377 827 1409 unius

887 536 1010 581 puellae
1031 536 1164 582 effigies
1185 545 1272 570 esset
1292 537 1484 583 insculpta;
1503 538 1558 571 vel

888 601 995 620 unum
1013 596 1149 621 tantum
1165 590 1332 622 annulum
1351 602 1486 635 gemma
1501 603 1557 623 or-

887 647 1007 673 natum
1019 665 1027 680 ‚
1043 641 1078 674 in
1092 653 1159 686 qua
1174 654 1341 687 expressae
1356 641 1559 676 viderentur

886 691 1004 725 decem
1030 693 1228 738 puellarum
1253 695 1430 740 imagines.
1454 695 1559 728 Forte

886 743 1007 777 decem
1026 746 1149 790 puellae
1170 755 1268 779 erant
1293 759 1420 780 novem
1440 747 1558 780 Musa-

885 810 970 838 rum⁴
992 797 1140 842 effigies,
1159 807 1192 831 et
1218 799 1410 840 Hiantidis‚
1439 799 1558 833 uxoris

886 849 999 883 Stellae
1009 876 1017 890 ‚
1036 850 1255 896 allusumque
1269 850 1312 883 ad
1325 851 1452 896 Pyrrhi
1469 865 1559 897 gem-

885 915 978 935 mam
992 929 1000 942 ,
1021 915 1088 947 qua
1099 903 1329 948 effingebatur
1339 904 1465 949 Apollo
1476 917 1556 937 cum

885 967 1012 988 novem
1032 956 1162 996 Musis3
1188 955 1232 989 de
1251 968 1319 1001 qua
1338 955 1558 991 Mardobaeus

885 1007 934 1040 sic
946 1008 1038 1041 canit
1053 1020 1060 1041 :
1082 1009 1175 1041 «Rex
1189 1009 1345 1053 Pyrrhus
1360 1008 1470 1054 digito
1486 1021 1561 1054 ges*

886 1060 968 1093 sisse
982 1061 1133 1094 refertur
1152 1061 1305 1094 achatem
1317 1087 1326 1103 ‚
1340 1062 1447 1106 Cujus
1457 1063 1560 1107 plena

885 1126 1011 1146 novem
1032 1114 1189 1159 signabat
1210 1114 1335 1159 pagina
1356 1115 1492 1155 Musas,
1514 1115 1560 1148 Et

884 1174 976 1199 stans
998 1166 1034 1198 in
1062 1165 1179 1200 medio
1207 1167 1375 1200 citharam
1399 1168 1560 1211 tangebat

887 1219 1028 1264 Apollo.
1039 1236 1052 1248 »
1064 1218 1148 1252 Vid.
1163 1218 1206 1252 de
1217 1219 1359 1264 gemmis
1369 1245 1378 1261 ‚
1391 1219 1481 1252 Plin.
1497 1220 1560 1252 lib.

886 1271 1086 1312 XXXV11;
1113 1272 1224 1305 Solin.
1254 1285 1330 1317 cap.
1369 1284 1383 1305 1
1396 1283 1428 1312 13
1458 1273 1558 1305 Alex.

887 1324 1033 1369 Neapol.
1049 1325 1112 1358 lib.
1129 1325 1181 1365 II,
1202 1337 1245 1368 19
1258 1351 1266 1366 ‚
1283 1324 1341 1358 ubi
1356 1325 1443 1358 mira
1456 1325 1558 1370 leges.

892 1376 1028 1410 Senecae
1045 1377 1170 1411 Natur.
1185 1377 1316 1418 Quaest.
1334 1378 1405 1410 VII
1417 1402 1427 1419 ‚
1449 1381 1466 1411 3
1477 1390 1506 1411 1.

761 1511 949 1565 XIII.

582 1664 636 1691 IN
667 1661 1096 1691 CALLISTRATUM.
1112 1641 1129 1657 ⁸

222 1785 326 1828 Sum
342 1816 352 1836 ‚
375 1781 534 1835 fateor,
557 1795 812 1840 semperque
836 1779 922 1833 fui,
945 1777 1189 1823 Callistrate
1204 1815 1215 1836 ‚
1237 1797 1426 1842 pauper,

292 1852 377 1897 Sed
407 1868 496 1895 non
523 1850 760 1902 obscurus,
786 1865 866 1893 nec
897 1848 1008 1892 male
1036 1858 1165 1893 notus
1194 1866 1353 1911 eques3

204 1978 219 1992 '⁶
241 1983 285 2017 Se
308 1982 476 2016 divitibus
502 1979 702 2026 anteponit,
728 1978 823 2024 quod

150 2035 276 2069 divites
295 2036 397 2069 multi
418 2043 452 2068 et
471 2047 489 2067 e
507 2033 642 2080 populo
661 2032 715 2065 vel
735 2032 822 2073 sint,

150 2089 205 2122 vel
223 2101 296 2122 esse
315 2088 470 2134 possint3
487 2094 599 2133 poetae
616 2085 685 2118 rari
700 2097 822 2118 nume-

149 2150 286 2175 rentur.

202 2194 322 2227 —Hic
334 2194 429 2227 nulla
438 2192 597 2226 lectionis
607 2191 752 2224 varietas
772 2199 823 2223 est

151 2247 188 2280 in
210 2246 315 2281 codd.
343 2255 401 2279 aut
425 2245 522 2279 libris
545 2244 647 2291 prelo
676 2243 819 2277 excusis.

208 2312 241 2333 1.
263 2299 456 2332 Callistrate.
476 2299 556 2331 Fuit
572 2298 599 2331 is
619 2296 820 2330 divitiarum

152 2352 405 2385 amantissimus
417 2377 426 2393 ‚
443 2363 547 2397 quem
566 2349 689 2383 irridet
706 2357 818 2394 poeta.

150 2426 202 2430 ——
216 2405 352 2449 Pauper.
364 2405 524 2437 Attamen
535 2403 683 2436 habebat
693 2402 727 2434 in
737 2414 819 2446 agro

150 2458 374 2490 Nomentano
401 2456 549 2489 fundum
571 2464 606 2488 et
625 2455 760 2493 villam,
785 2462 819 2487 et

149 2522 208 2543 rus
232 2510 473 2543 suburbanum
504 2509 540 2541 in
566 2508 712 2542 Tibure.
734 2505 817 2539 Vid.

150 2574 208 2608 ep.
229 2563 340 2603 VIII,
362 2565 432 2604 613
453 2562 524 2601 IX.
549 2573 610 2604 99.
632 2560 748 2592 Rada.

207 2627 240 2648 2.
255 2616 322 2649 Nec
335 2616 414 2647 male
423 2622 523 2647 notus.
537 2613 682 2658 Ingenio
695 2623 820 2656 nempe

151 2668 217 2700 suit
227 2668 357 2701 clarus:
371 2676 521 2701 attamen
535 2673 729 2711 equestrem
743 2677 820 2697 cen-

883 1991 980 2021 sum,
1005 1979 1261 2025 quadringenta
1282 1982 1413 2015 scilicet
1434 1991 1555 2015 sester-

883 2032 972 2065 tium
994 2033 1103 2065 millia
1119 2045 1191 2065 non
1211 2033 1431 2078 possidebat;
1450 2043 1484 2068 at
1500 2036 1554 2080 jus

883 2083 1026 2118 sedendi
1062 2085 1155 2118 inter
1188 2087 1322 2131 equites
1356 2087 1469 2119 fuerat
1503 2088 1553 2120 illi

883 2149 1083 2171 concessum
1103 2150 1141 2170 ex
1160 2151 1304 2172 munere
1324 2140 1465 2173 Caesaris
1481 2141 1553 2173 Do-

882 2190 1037 2231 mitiani3
1051 2191 1111 2224 lib.
1120 2191 1175 2223 III
1184 2215 1194 2231 ,
1203 2191 1310 2236 epigr.
1322 2203 1405 2224 xmv
1415 2204 1422 2225 :
1432 2191 1554 2225 «Vidit

881 2255 936 2276 me
952 2244 1062 2276 Roma
1083 2243 1261 2276 tribunum
1272 2269 1281 2284 ‚
1298 2244 1342 2276 Et
1359 2245 1462 2278 sedeo
1483 2258 1550 2291 qua

880 2303 914 2329 te
922 2296 1061 2329 suscitat
1069 2296 1230 2329 Oceanus
1239 2314 1251 2325 »
1260 2322 1267 2329 .
1278 2297 1329 2329 De
1336 2308 1439 2331 censu
1450 2309 1551 2343 eque·

879 2349 941 2381 stri
957 2350 1046 2381 clare
1064 2348 1241 2381 Juvenalis
1254 2374 1262 2389 ‚
1283 2357 1344 2382 sat.
1361 2362 1437 2392 11v,
1459 2350 1545 2391 324.

878 2401 1047 2446 Equester
1075 2401 1169 2433 enim
1193 2400 1280 2433 ordo
1302 2410 1460 2448 tempore
1480 2404 1549 2436 Do-

878 2454 1010 2486 mitiani
1030 2452 1119 2486 foede
1139 2454 1413 2496 contaminatus,
1437 2468 1545 2501 quum

878 2506 1035 2551 pessimis
1057 2506 1187 2539 artibus
1209 2505 1253 2539 ad
1275 2519 1354 2540 eum
1374 2508 1542 2542 honorem

878 2558 1017 2604 pessimi
1031 2558 1164 2604 quique
1178 2567 1213 2592 et
1229 2560 1371 2594 infames
1385 2560 1546 2595 admitte-

878 2619 1013 2644 rentur.
1026 2610 1134 2652 Quod
1151 2612 1277 2646 Juven.
1291 2621 1352 2646 sat.
1370 2625 1415 2646 111
1431 2639 1440 2654 ,
1458 2614 1523 2647 153
1536 2641 1544 2654 ,

881 2662 1048 2708 deplorat.
1061 2682 1073 2693 ‹-
1083 2666 1205 2705 Exeat,
1217 2665 1333 2710 inquit
1345 2692 1354 2706 ‚
1372 2666 1479 2710 Cujus·
1491 2679 1545 2698 res

1329 2735 1340 2751 2

1287 2754 1310 2781 2
