1978 3305
333 226 919 273 EPIGRAMMATUM
957 225 1083 268 LIB.
1107 224 1225 267 VII.

1392 239 1486 283 2¹7

222 317 319 358 Lux
348 313 460 358 redit
481 330 489 357 :
514 314 735 359 Aonidum
761 313 889 358 turba
914 312 1056 356 favete
1080 312 1227 356 sacris.

151 386 256 430 Haec
279 385 463 440 meruit,
493 401 626 446 quum
658 395 700 429 te
731 385 881 439 terris,
906 385 1082 428 Lucane
1098 418 1109 435 ,
1137 381 1324 425 dedisset
1340 416 1350 433 ‚

221 456 387 499 Mixtus
419 455 617 500 Castaliae
643 457 771 500 Baetis
797 465 845 499 ut
869 463 980 498 esset
1003 469 1136 514 aquae.

138 605 170 625 2.
190 593 354 626 Aonidum
374 594 465 626 turba
479 594 609 637 favente
630 594 756 626 Bever-

82 644 177 679 landi
205 645 281 679 MS.
316 646 478 680 Aonidum
513 654 612 679 turma
647 646 668 678 J
672 658 758 679 anus

81 698 292 732 Guiiielmus
305 699 342 732 in
355 698 482 735 Pseud.
497 699 611 732 Plaut.
626 699 756 740 Quaest.

82 764 159 797 cap.
178 754 212 784 6.
234 752 284 785 De
298 752 423 787 harum
438 764 564 785 vocum
579 759 758 798 permuta-

81 804 177 837 tione
202 804 378 849 frequenti
406 805 549 839 consule
570 805 690 838 Heius.
714 803 758 838 ad

83 855 188 890 Ovid.
216 857 291 890 Art.
317 859 396 891 Am.
421 859 493 899 111,
519 871 553 892 2.
578 858 756 892 Drakenb.

82 908 125 942 ad
143 909 202 943 Sil.
222 911 300 944 Ital.
320 911 367 952 V,
388 923 482 956 2773
501 912 590 952 XII,
615 910 681 944 185
696 937 704 952 ,
724 919 759 944 et

83 963 182 1004 XIV,
205 975 286 1007 209.
307 985 356 990 —
377 964 485 997 Turba
497 965 616 1008 favete.
637 965 758 998 Turba

83 1024 131 1049 est
144 1028 273 1050 nomen
286 1016 512 1051 collectivum
521 1043 530 1058 ‚
543 1025 758 1064 quapropter

82 1069 228 1102 verbum
248 1069 397 1114 ponitur
415 1070 452 1103 in
469 1071 611 1116 plurali.
629 1092 681 1097 —-
695 1071 758 1105 Sa-

81 1124 162 1161 cris‚·
181 1122 350 1157 sacrificio
373 1123 410 1156 in
431 1123 602 1158 honorem
625 1124 758 1159 Lucani

82 1175 186 1209 vestri
204 1175 376 1210 faciendo.
393 1176 462 1210 Eo.

872 592 905 625 3.
940 593 1022 624 Hcec
1055 594 1176 623 meruit.
1217 590 1299 623 Haec
1331 588 1404 623 dies
1439 591 1494 622 vel

817 653 961 691 propter
981 652 1033 686 te,
1051 657 1072 676 o
1089 644 1229 677 Lucane
1241 669 1249 683 ,
1268 641 1399 676 editum
1421 655 1492 676 me·

817 697 908 738 ruit,
930 705 971 730 ut
985 697 1088 730 Baetis
1101 696 1253 742 patrium
1273 695 1406 729 fiumen
1426 709 1493 728 nu-

818 758 1010 784 meraretur
1045 750 1137 783 inter
1166 750 1280 782 fontes
1310 749 1494 782 Musarum

818 795 967 850 perinde
979 804 1016 836 in
1033 802 1171 848 scriptis
1188 810 1371 849 poetarum
1392 809 1427 835 et
1443 814 1496 835 ca-

817 865 963 891 neretur
988 868 1026 890 ac
1049 855 1259 901 Apollineus
1281 855 1391 888 amnis
1414 867 1494 899 per-

817 910 941 944 missus
953 936 962 952 ,
983 918 1017 943 et
1034 921 1140 955 quem
1159 906 1376 944 Castalidum
1399 907 1496 940 labra

817 963 942 1009 saepius
963 963 1106 1008 tetigere
1122 962 1199 995 fons
1213 961 1441 1006 hippocrene.

874 1021 906 1057 4.
924 1017 1049 1050 Baccus
1062 1024 1095 1048 ut
1109 1023 1187 1048 esse!
1199 1013 1405 1048 Beverlandi
1417 1013 1490 1046 MS.

817 1091 868 1097 —-
890 1070 1005 1103 Baeeis.
1028 1068 1205 1103 Cordubae
1227 1075 1328 1101 natus
1350 1075 1401 1100 est
1422 1068 1495 1099 Lu·

818 1136 924 1158 canus
934 1149 943 1165 ,
960 1135 1038 1168 quae
1054 1131 1105 1156 est
1121 1121 1165 1155 ad
1181 1121 1304 1155 Baetim
1320 1119 1499 1166 Hispaniae

819 1177 952 1211 Baeticae
962 1173 1238 1218 fluvium,hodie
1248 1173 1494 1219 Guadalquivir.

667 1317 917 1371 XXIII.

435 1473 499 1500 DE
538 1472 750 1507 EODEM,

789 1471 856 1500 AD
889 1471 1152 1501 PHOEBUM.

153 1596 354 1651 PHOEBE,
375 1596 496 1652 veni;
524 1596 598 1640 sed
624 1605 812 1658 quantus
838 1613 956 1652 eras,
979 1613 1114 1658 quum
1141 1595 1251 1641 bella
1279 1597 1448 1640 tonanti

224 1667 324 1727 Ipse
350 1666 475 1711 dares
497 1668 632 1712 Latiae
657 1667 824 1728 plectra
846 1667 1036 1712 secunda
1059 1666 1172 1729 lyrae.

152 1736 272 1793 Quid
297 1746 418 1781 tanta
445 1755 526 1799 pro
557 1738 654 1783 luce
679 1737 859 1800 precer}J
886 1748 956 1793 tu,
977 1737 1120 1795 Polla,
1144 1739 1347 1782 maritum

222 1809 345 1869 Saepe
367 1807 505 1865 colas,
530 1819 574 1854 et
599 1826 643 1854 se
669 1811 826 1854 sentiat
846 1811 937 1871 ipse
961 1808 1055 1854 coli.

140 1959 170 1980 1.
195 1947 288 1980 Bella
309 1950 436 1980 canenti
455 1947 536 1981 edd.
557 1956 640 1982 vett.
664 1949 758 1981 Bella

84 2001 219 2033 tonantis
234 2000 441 2035 Beverlandi
457 2001 533 2035 MS.
555 2001 758 2035 Lectionem

82 2061 235 2086 nostram
249 2053 385 2099 primus
400 2053 498 2088 dedit
511 2055 759 2089 Gruterus.—

85 2106 179 2140 Veni.
194 2106 336 2152 ‘Nempe
365 2106 407 2140 ad
436 2108 511 2141 haec
539 2121 634 2142 sacra
646 2134 654 2150 ,
682 2120 759 2154 quae

82 2158 227 2193 facimus
243 2161 394 2194 natalem
411 2161 542 2195 Lucani
562 2160 657 2195 diem
673 2162 760 2195 cele-

82 2212 233 2246 brantes.
253 2229 305 2234 —
318 2214 411 2247 Bella
431 2218 554 2248 tonanti
570 2227 582 2247 .·
605 2227 682 2261 quae
701 2227 762 2248 vo-

82 2276 137 2298 ces
162 2264 320 2300 indicant
342 2266 528 2301 Pharsaliae
555 2268 685 2314 stylum
710 2268 761 2301 in-

82 2316 202 2351 flatum
214 2343 223 2356 ,
242 2330 279 2352 ac
294 2331 385 2364 saepe
400 2320 478 2365 plus
495 2320 640 2366 fragoris
656 2334 760 2367 quam

81 2369 259 2415 dignitatis
293 2371 480 2406 habentem
498 2398 508 2415 ,
544 2373 630 2407 dum
667 2374 761 2408 canit

82 2423 164 2456 bella
173 2424 246 2469 plus
261 2438 351 2470 quam
363 2426 468 2458 civilia
486 2425 578 2461 inter
591 2427 761 2462 Caesarem

82 2484 116 2509 et
137 2477 355 2524 Pompeium.
377 2478 442 2511 Eo.

875 1962 906 1981 2.
930 1948 1057 1981 Plectra
1076 1947 1222 1981 secunda.
1247 1947 1323 1981 Hoc
1345 1955 1416 1989 est,
1438 1946 1493 1980 cui

817 2002 964 2035 Lucano
983 2009 1020 2034 tu
1041 2002 1138 2047 ipse,
1159 2014 1180 2034 o
1200 2001 1348 2039 Phoebe,
1371 2012 1494 2034 secun-

818 2054 899 2088 dam
919 2067 938 2088 a
954 2054 1105 2100 Virgilio
1127 2054 1290 2088 carminis
1312 2053 1403 2099 epici
1423 2053 1496 2098 glo-

818 2109 907 2142 riam
924 2107 1135 2142 concessisti.

874 2161 907 2195 3.
933 2162 996 2202 Tu,
1015 2161 1123 2194 Polla.
1146 2161 1215 2194 Diu
1233 2160 1328 2193 vivas
1341 2186 1349 2199 ‚
1368 2167 1406 2192 ut
1423 2171 1494 2192 ma-

820 2215 926 2249 ritum
951 2214 1075 2260 saepius
1101 2214 1216 2247 colere
1242 2213 1373 2259 possis,
1396 2212 1494 2245 anni-

820 2268 970 2302 versaria
998 2266 1221 2307 renovando,
1249 2274 1284 2299 et
1312 2266 1406 2311 ipse,
1436 2265 1496 2298 ubi

821 2329 893 2363 est,
925 2321 1051 2354 sentiat
1080 2331 1159 2353 cum
1189 2318 1317 2365 gaudio
1350 2331 1384 2352 se
1415 2327 1496 2363 post

821 2375 956 2408 obitum
976 2387 994 2407 a
1013 2382 1046 2407 te
1065 2373 1252 2419 quotannis
1272 2371 1352 2406 coli.
1372 2372 1440 2404 En.

877 2432 908 2467 ά.
930 2426 1053 2461 Sentiat
1087 2427 1139 2459 ille
1169 2427 1228 2460 coli
1249 2425 1284 2459 in
1310 2424 1496 2462 Pulmanui

822 2479 943 2514 codice
965 2475 1100 2524 iegitur.
