1978 3305
358 238 880 283 EPIGRAMMATU
895 238 943 279 M
980 238 1103 279 LlB.
1144 237 1230 279 IX.

1403 236 1499 290 405

238 328 361 369 Hauc
386 326 512 380 volo,
541 343 635 386 quae
666 327 827 386 pariter
852 324 1012 368 sufficit
1039 340 1126 367 una
1153 323 1299 367 tribus.

168 398 427 440 Poscentem
452 413 676 451 nummos,
703 405 745 439 et
769 394 949 456 grandia
974 394 1107 438 verba
1137 403 1383 448 sonantem,

237 466 460 510 Possideat
489 467 620 511 crassi
648 464 839 509 mentula
866 463 1099 525 Burdigali.

99 587 207 632 epigr.
236 600 300 620 Lu.
324 609 374 614 —
398 588 504 621 Alter.
524 589 604 620 Duo
624 587 769 620 denarii.

99 639 249 673 Viliores
272 640 347 673 haec
373 641 564 673 Diabolares
594 653 612 673 a
649 640 772 673 Plauto

99 692 272 737 eleganter
285 693 515 738 appellantur.

154 747 187 780 6.
204 745 315 778 Crassi
328 745 512 790 Bur-degan.
524 745 649 778 Divitis
663 744 771 785 fatui,

99 797 244 838 insulsi,
269 810 312 830 an
333 798 554 843 simpliciter,
584 799 692 830 crassi.
720 817 771 822 —-

105 850 298 883 «Gruterus
330 858 428 883 notat
450 850 547 884 MSS.
589 863 709 883 omnes
736 857 770 882 et

99 902 183 935 olim
198 914 342 936 excusos
360 903 490 936 habere
503 903 693 947 Burdigalae
705 915 717 936 :
736 911 770 936 et

100 966 175 988 eam
197 955 406 1000 scripturam
427 968 499 989 esse
524 954 768 990 revocandam.

99 1006 166 1040 Sed
186 1007 224 1040 in
243 1008 320 1042 MS.
340 1008 400 1054 qui
417 1007 595 1053 quondam
615 1008 770 1042 Pirchei-

100 1060 209 1100 meri,
235 1069 356 1105 postea
396 1061 541 1095 Comitis
572 1061 771 1095 Arondeliae

99 1112 187 1153 fuit,
208 1113 347 1156 inveni,
371 1114 591 1158 Burdigalem.
612 1115 689 1147 Hoc
711 1114 772 1159 igi-

100 1173 157 1197 tur
192 1177 320 1198 nomen
350 1167 541 1200 meretricis
563 1176 634 1207 est,
668 1179 772 1213 quam

99 1216 186 1250 dicit
211 1219 393 1251 Poscentem
419 1233 557 1252 nummos
581 1227 613 1252 et
633 1220 773 1264 grandia

104 1270 196 1302 verba
215 1279 384 1305 sonantem.
411 1274 456 1305 At
477 1281 641 1317 praeterea
665 1273 774 1306 Crassi

100 1322 344 1364 scribendum,
369 1324 405 1357 id
438 1333 488 1358 est
503 1352 511 1366 ‚
542 1325 694 1358 hominis
718 1325 772 1358 di-

101 1375 178 1408 vitis
188 1384 223 1409 et
237 1377 396 1421 opulenti
409 1404 418 1418 ‚
437 1387 586 1423 propter
595 1378 772 1412 Licinium

101 1428 264 1462 Crassum
276 1428 483 1464 ditissimum
493 1431 745 1464 Romanorum.
756 1448 767 1460 u

831 586 1057 619 Gnonovms.
1077 607 1128 611 —
1150 586 1230 618 Non
1252 585 1365 630 probo
1385 584 1504 618 Burdi-

828 638 899 682 guli
916 639 975 671 hic
995 651 1060 683 pro
1079 638 1319 682 Burdigalensis
1331 665 1340 678 ‚
1355 645 1389 670 et
1408 639 1507 669 crassi

832 689 845 730 (
857 690 940 736 adj„
953 703 1024 723 nou
1037 703 1166 723 nomen
1181 688 1318 735 propr.)
1335 688 1378 722 de
1397 697 1503 722 statu-

831 755 868 776 ra
889 743 1034 783 omnino
1055 741 1333 788 intelligendum.
1355 742 1505 775 Sexcen-

832 797 894 829 ties
911 795 1029 829 Gallos
1051 796 1179 828 Noster
1198 794 1321 828 irridet
1333 821 1342 835 ‚
1361 795 1505 839 provin-

831 849 909 882 ciali
945 861 1008 894 ego
1045 847 1257 882 crediderim
1285 848 1507 880 aemulatione

830 902 1013 947 Hispanias
1030 901 1122 934 inter
1143 909 1177 934 et
1198 900 1344 941 Gallias;
1363 908 1397 933 et
1414 900 1508 933 inter

830 955 939 988 multa
958 955 1114 999 corporis
1133 952 1398 987 crassitudinem
1419 965 1508 996 saepe

830 1006 1051 1052 objicit.Vid.
1062 1007 1217 1040 lib.VIII
1226 1033 1235 1047 ,
1247 1006 1356 1051 epigr.
1369 1017 1458 1038 Lxxv
1470 1005 1507 1037 in

830 1061 1031 1106 Lingonum
1043 1085 1053 1101 ,
1072 1059 1213 1093 «Gallus
1232 1072 1302 1105 qua
1319 1071 1355 1092 se
1373 1059 1509 1091 ratione

838 1113 1018 1147 moveret?
1032 1130 1044 1142 n
1071 1121 1105 1146 et
1122 1113 1261 1158 passim.
1284 1112 1363 1146 Jam
1387 1123 1507 1143 sensus

831 1174 944 1212 patet,
963 1166 1135 1211 malignus
1154 1173 1188 1198 et
1206 1164 1356 1198 mordax
1376 1163 1412 1195 in
1429 1162 1510 1196 Gal-

832 1219 894 1252 los.
911 1220 954 1252 Et
974 1220 1021 1252 sic
1038 1219 1138 1252 multi
1153 1216 1413 1263 hodie‚quibus
1430 1216 1507 1249 Bri-

833 1280 956 1306 tannes
978 1272 1131 1304 cavillari
1150 1272 1186 1303 in
1207 1270 1339 1303 deliciis
1360 1277 1428 1309 est,
1454 1268 1511 1301 di-

833 1333 953 1358 cerent
974 1337 982 1357 :
1009 1342 1022 1354 a
1046 1325 1250 1357 Poscentem
1272 1333 1450 1361 nummos,
1475 1330 1511 1354 et

832 1376 977 1423 grandia
987 1379 1092 1411 verba
1106 1373 1511 1416 sonantem‚Possideant

834 1430 937 1464 crassi
957 1429 1206 1463 Londiniensis
1227 1441 1319 1474 opes.
1338 1428 1430 1461 »Eu

644 1550 948 1606 XXXIV.

596 1690 667 1717 AD
695 1690 992 1725 VFLAccum.

240 1799 463 1840 Anninus
492 1813 533 1839 m
561 1814 647 1857 quo
664 1832 674 1851 ,
703 1796 880 1848 Flacce,
908 1796 1063 1840 balneo
1089 1796 1314 1857 plausumg

241 1867 454 1910 Mor-ionis
484 1866 571 1910 illic
602 1884 694 1911 esse
720 1867 962 1911 mentulam
993 1869 1111 1911 scito.

158 1999 189 2019 2.
212 1987 376 2020 ,Mor-ionis.
407 1988 476 2021 Alii
497 2015 506 2030 ‚
536 1989 679 2022 Mutonis
700 2017 709 2029 ,
739 1989 776 2022 id

103 2048 170 2078 est,
189 2041 393 2083 mutoniati3
408 2041 481 2083 alii,
496 2041 658 2075 Mathonis
669 2056 682 2082 ;
697 2041 774 2076 cod.

835 1990 942 2023 Palat.
962 1989 1118 2023 Maronis.
1143 1990 1304 2022 Nostram
1326 1989 1510 2022 lectionem

836 2043 1002 2076 exhibent
1013 2041 1093 2076 edd.
1103 2051 1187 2075 vett.

668 2160 951 2218 XXXV.

384 2300 448 2327 DE
482 2300 718 2329 TEMPLO
753 2300 964 2330 GENTIS
997 2299 1220 2329 FLAVJAE.

172 2407 369 2449 JUP1TER
392 2405 498 2449 Idaei
523 2408 617 2450 risit
641 2406 866 2450 mendacia
896 2406 1036 2461 busti,

173 2524 266 2572 Ζεύς
296 2539 395 2565 ποτε
421 2529 493 2572 τῆς
520 2510 614 2572 Ῐδης
642 2521 791 2579 §afflig-m
818 2522 945 2582 τάφον
969 2519 1234 2581 ἐξαθέρισσεν,

164 2655 193 2676 1.
224 2643 306 2676 ldoei
335 2643 426 2677 busti.
459 2642 642 2677 Meudaces
681 2644 774 2676 enim

839 2643 957 2677 Cretes
976 2643 1155 2676 finxerunt
1172 2642 1296 2675 Jovem
1316 2641 1484 2675 interiisse
1501 2666 1511 2681 ‚

1181 2704 1271 2757 26Ξ
