1978 3305
476 231 575 286 [430

857 233 918 275 M.
937 231 1077 274 VAL.
1116 232 1502 275 MARTIALIS

681 322 773 363 Nec
797 319 871 379 qui
890 317 1087 362 litoribus
1108 319 1249 364 nitent
1270 318 1426 380 lapilli,

684 390 727 433 N
729 405 778 433 ec
800 391 944 433 Tusca
967 387 1054 449 ligo
1078 390 1204 433 vinea
1228 388 1410 451 politus,

684 459 778 503 Nec
806 458 972 520 pallens
1000 468 1102 520 toga
1126 459 1289 503 mortui
1319 458 1511 515 tribulis,

683 531 778 573 Nec
808 530 923 590 pigri
950 539 1044 573 rota
1066 545 1223 591 quassa
1246 529 1474 584 mulionis,

682 601 776 644 Nec
805 611 952 644 rasum
982 616 1114 644 cavea
1142 600 1254 644 latus
1278 600 1484 656 bisontis,

685 670 779 714 Nec
802 670 908 714 dens
925 670 1015 730 jam
1040 672 1185 715 senior
1204 671 1361 715 ferocis
1385 671 1479 732 apri
1503 687 1512 713 :

686 741 774 785 Res
799 757 887 784 una
909 750 974 785 est
994 750 1164 797 tamen,
1187 742 1278 803 ipse
1302 758 1392 785 non
1414 740 1616 802 negabit,

687 810 824 855 Culus
852 811 995 856 tritior
1018 811 1174 873 Hedyli
1197 811 1391 857 lacernis.

476 956 509 981 et
529 959 648 993 aspera
660 973 669 989 ‚
685 947 772 980 saxis
786 946 899 988 tritis,
915 955 949 980 et
966 947 1130 993 laevigatis
1141 973 1151 989 ,

476 1013 553 1047 quae
571 1000 668 1046 quasi
688 1000 763 1033 sine
779 1000 868 1033 saltu
884 1000 1057 1046 praeteriri
1078 1013 1152 1033 non

476 1061 635 1099 possunt.
656 1054 708 1086 De
729 1053 784 1086 via
803 1053 973 1086 Flaminia
1001 1053 1064 1086 lib.
1084 1053 1151 1095 IV,

477 1107 586 1152 epigr.
607 1118 705 1147 ωιτν,
725 1118 774 1139 vs.
800 1107 858 1139 18.

534 1159 644 1204 7.Nec
664 1160 778 1192 Tusca.
793 1158 963 1204 Ligonem
979 1158 1154 1204 interpre-

479 1221 550 1246 tare
567 1212 762 1257 laevigatum
789 1211 827 1244 in
849 1210 1026 1245 fodiendis
1046 1212 1155 1245 Etru-

478 1266 539 1298 riae
555 1265 667 1298 vineis
678 1290 687 1306 ‚
704 1264 813 1310 epigr.
830 1276 943 1306 xxnl,
959 1277 1074 1310 supra.

534 1320 567 1352 8.
588 1319 656 1352 Nec
679 1317 804 1362 pallens
826 1325 912 1362 toga.
933 1318 1012 1359 Qua
1040 1317 1156 1351 amicti

479 1371 717 1404 efferebantur
744 1371 886 1404 mortui.
918 1371 1049 1404 Juven.
1084 1371 1154 1405 Sat.

481 1437 527 1458 111
549 1435 557 1457 τ
579 1442 592 1455 «
611 1425 694 1457 Pars
730 1436 854 1469 magna
887 1424 994 1457 Italiae
1027 1432 1078 1457 est
1103 1423 1155 1464 (si

480 1490 601 1511 verum
627 1470 864 1521 admittimus)
886 1477 922 1510 in
947 1489 1016 1523 qua
1040 1477 1154 1510 Nemo

481 1539 596 1576 togam
629 1530 735 1564 sumit
760 1530 829 1563 nisi
861 1538 1034 1564 mortuus.
1055 1547 1068 1560 n
1102 1532 1155 1564 De

482 1584 600 1617 tribuli
628 1583 761 1617 dictum
785 1582 893 1629 epigr.
913 1596 953 1622 L,
974 1596 1090 1629 supra.
1105 1605 1159 1610 -—-

481 1636 547 1670 Sed
576 1636 664 1682 quid
686 1636 743 1670 hic
761 1637 917 1682 pallens?
938 1636 1032 1670 Num
1060 1636 1160 1670 alba?

481 1703 591 1735 quum
611 1690 704 1724 enim
724 1691 965 1723 Romanorum
993 1688 1161 1724 cadavera

1212 948 1424 981 efferrentur
1438 955 1551 993 togata
1566 959 1633 992 pro
1644 959 1703 980 sua
1718 947 1886 992 cujusque

1211 999 1416 1034 conditione
1430 1026 1439 1042 ‚
1469 1012 1653 1034 censorum
1685 1010 1860 1045 purpurea
1874 1025 1883 1037 ,

1210 1053 1477 1099 magistratuum
1507 1060 1673 1098 praetexta
1687 1077 1697 1093 ,
1731 1051 1887 1097 privato-

1211 1119 1291 1139 rum
1321 1106 1483 1151 reliquias
1504 1104 1654 1139 candida
1680 1113 1715 1138 et
1742 1103 1886 1150 simplex

1212 1159 1391 1193 vestiebat.
1407 1160 1463 1192 An
1476 1159 1580 1191 vilior
1597 1166 1631 1191 et
1645 1155 1888 1202 tritior?quod

1213 1212 1249 1245 in
1269 1212 1442 1258 exsequiis
1460 1212 1628 1245 usitatum
1641 1236 1651 1253 ,
1669 1219 1704 1245 et
1725 1210 1888 1243 omnibus

1215 1266 1304 1310 togis
1332 1265 1496 1299 convenit
1508 1291 1518 1306 ‚
1552 1264 1623 1297 sive
1654 1262 1814 1298 candidae
1841 1274 1889 1296 eae

1216 1318 1365 1359 fuerint,
1384 1319 1456 1352 sive
1474 1330 1633 1364 purpura
1657 1317 1775 1350 aliisve
1793 1315 1887 1350 colo-

1215 1371 1312 1405 ribus
1332 1370 1597 1417 splendidiores.
1608 1371 1676 1403 En.

1265 1438 1298 1469 9.
1308 1425 1468 1470 Necpigri
1475 1433 1544 1457 rota
1551 1424 1635 1457 lassa
1643 1423 1796 1456 mulionis.
1808 1423 1890 1455 Ant.

1214 1477 1253 1510 de
1279 1479 1370 1524 Rooy
1386 1478 1527 1523 conjicit
1556 1478 1657 1510 Lassa
1676 1488 1721 1510 sc.
1744 1476 1892 1509 circuni-

1217 1539 1296 1565 actu
1315 1530 1540 1576 quotidiano,
1564 1538 1668 1575 atque
1687 1528 1773 1562 adeo
1798 1527 1889 1562 trita.

1278 1596 1335 1617 10.
1353 1585 1422 1617 Nec
1443 1597 1558 1617 rasum.
1578 1584 1652 1616 Nec
1676 1583 1765 1616 latus
1793 1581 1892 1614 bovis

1220 1637 1397 1682 sylvestris
1411 1637 1569 1670 attritum
1585 1647 1686 1670 cavea
1706 1635 1768 1670 ubi
1784 1634 1891 1668 inclu-

1221 1689 1330 1730 ditur,
1343 1690 1402 1723 lib.
1427 1691 1464 1729 Ι,
1485 1690 1595 1736 epigr.
1616 1702 1669 1722 cv.

1100 1836 1266 1892 LIX.

867 1994 933 2021 An
975 1992 1251 2021 NYMPHAM
1291 1973 1504 2021 SABINIJ‘

552 2123 764 2166 NYMPHA
786 2121 897 2164 sacri
923 2121 1074 2181 regina
1096 2118 1239 2172 lacus,
1265 2120 1332 2162 cui
1361 2128 1484 2179 grata
1504 2117 1711 2169 Sabinus,

624 2194 679 2235 Et
701 2206 906 2235 mansura
928 2191 1000 2251 pio
1025 2206 1203 2233 munere
1227 2188 1389 2251 templa
1409 2188 1546 2242 dedit3

535 2334 548 2348 '
560 2337 620 2371 Ad
632 2336 813 2382 ᾹζγηιρΙιαηι
827 2335 901 2368 sine
921 2333 1160 2367 additamento

485 2391 686 2425 inscribitur
720 2389 755 2422 in
790 2387 869 2421 Ald.
907 2388 1006 2421 Junt.
1042 2387 1158 2421 Colin.

487 2445 627 2491 Gryph.
645 2443 728 2477 aliis.

538 2519 589 2524 —-
605 2496 713 2530 Mittit
736 2495 865 2528 librum
892 2493 935 2527 ad
964 2494 1161 2527 censorium

488 2551 637 2584 tribunal
659 2548 759 2583 Caesii
781 2548 899 2581 Sabini
918 2547 1068 2587 Umbri,
1083 2546 1161 2580 Auli

490 2603 656 2638 Pudentis
690 2602 902 2647 municipis;
939 2601 994 2634 cui
1033 2600 1163 2633 librum

489 2669 627 2703 qnoque
656 2655 840 2700 septimum
880 2653 1093 2692 trans-nisit,
1127 2661 1163 2684 nt

1221 2342 1271 2367 est
1305 2333 1366 2366 lib.
1388 2334 1481 2371 VII,
1508 2333 1756 2379 epigrammate
1787 2343 1893 2365 xcvii.

1279 2398 1309 2419 1.
1343 2386 1494 2432 Nympha
1512 2388 1596 2418 sacri
1621 2387 1641 2418 l.
1666 2387 1696 2417 Y
1701 2384 1756 2419 ide
1777 2394 1895 2418 notam

1221 2438 1486 2485 pra‘ccdentem.
1520 2439 1666 2472 Librum
1702 2437 1746 2472 ad
1786 2439 1895 2484 Nym-

1222 2492 1328 2538 pham
1347 2492 1454 2525 sontis
1475 2491 1592 2526 Saffini
1620 2491 1753 2526 idcirco
1770 2491 1896 2531 mittit,

1224 2554 1288 2585 ut,
1321 2546 1346 2579 si
1377 2544 1556 2591 displiceat
1586 2545 1650 2590 ipsi
1684 2544 1836 2585 Sabino,
1860 2543 1894 2576 in

1224 2611 1330 2644 aquas
1351 2599 1583 2643 immergatur.

1284 2665 1317 2685 a.
1342 2653 1468 2696 Templa
1482 2652 1578 2684 dedit.
1596 2650 1749 2683 Numina
1765 2650 1898 2696 quippe
