1978 3305
823 204 885 246 M.
914 204 1054 247 VAL.
1093 204 1484 250 MARTIALIS

954 355 1351 413 XXXVIII.

863 509 933 538 DE
970 511 1131 540 F1L1o
1169 491 1437 541 uretur*

515 634 726 690 Asmms,
751 643 800 678 ut
820 650 1005 697 parvus,
1027 652 1108 681 nec
1133 635 1277 681 adhuc
1302 637 1520 681 trieteride
1545 636 1675 698 plena

583 703 779 766 Regulus
803 705 999 750 auditum
1024 705 1172 751 laudet
1195 716 1239 751 et
1263 707 1355 768 ipse
1379 707 1581 770 patrem?

514 775 826 836 Maternosque
851 778 970 821 sinus
996 777 1091 821 viso
1117 779 1312 839 genitore
1342 777 1579 840 relinquat,

585 847 640 889 Et
670 847 830 907 patrias
861 846 1010 891 laudes
1037 849 1192 892 sentiat
1219 865 1311 892 esse
1338 848 1468 893 suas?

512 917 609 959 Jam
638 915 822 973 clamor,
852 927 1115 978 centumque
1140 919 1248 974 viri,
1273 918 1544 980 densumque
1569 936 1743 964 coronae
1842 941 1856 965 5

583 985 778 1047 Vulgus,
800 998 844 1033 et
867 987 1021 1032 infanti
1043 988 1158 1032 Julia
1183 998 1298 1033 tecta
1319 988 1504 1050 placent.

513 1129 603 1187 Οὐχ
627 1129 748 1188 ὁράας
776 1134 826 1179 ὡς
856 1135 970 1184 παῖς,
998 1131 1111 1190 μόλις
1136 1130 1187 1172 ὢν
1214 1132 1442 1191 τριέτηρος,
1471 1134 1625 1175 ἐπαινεῖ

585 1199 664 1242 Τὸν
690 1200 848 1259 πατέρα
878 1197 1006 1252 ζηλῶν
1032 1202 1213 1262 Ρτῖγυλος
1240 1201 1422 1254 ebeni-ng,

512 1269 681 1329 Μητρός
712 1271 750 1312 τ’
779 1266 942 1320 ἐξανέδυ
970 1272 1153 1326 κόλπων,
1182 1279 1390 1333 γενετῆρος
1419 1273 1593 1326 ἀκούων,

581 1330 641 1390 Ως
666 1341 871 1402 εὐημερίης
901 1341 952 1384 ὢν
976 1343 1148 1403 μέτοχος
1176 1350 1398 1403 πατρικῆςς

513 1399 550 1451 O
579 1411 721 1471 κρότος
755 1412 814 1466 οἱ,
837 1417 945 1455 λαῶν
977 1431 1021 1456 τε
1048 1416 1289 1475 πανήγυρις,
1316 1414 1355 1456 οἵ
1382 1431 1424 1456 τε
1457 1408 1621 1463 δικαςαὶ

583 1476 766 1537 Εὕαδον,
793 1482 979 1534 αἰθούσης
1007 1485 1046 1525 τ’
1071 1484 1189 1544 ὄχλος
1218 1474 1438 1534 Ῐουλιοίδος.

495 1627 509 1641 ⁴¹
526 1632 662 1667 Laudat
677 1633 791 1667 filium
807 1634 933 1680 Reguli
949 1634 1117 1673 oratoris,

443 1685 624 1732 faustaque
655 1686 768 1720 eidem
794 1687 992 1729 ominatur,
1024 1686 1120 1733 quod

445 1747 560 1772 tamen
579 1748 698 1772 votum
716 1741 818 1773 inane
838 1741 916 1773 fuit.

502 1804 516 1825 1
525 1819 532 1825 .
543 1793 672 1826 Parvus.
686 1794 831 1827 Filiolus
843 1794 978 1839 Reguli.
988 1795 1040 1826 De
1050 1806 1120 1839 quo

443 1844 524 1878 vide
540 1846 632 1878 Plin.
650 1846 710 1878 lib.
730 1847 796 1888 IV,
813 1847 914 1892 epist.
933 1859 973 1880 11.
989 1869 1040 1873 —
1053 1847 1122 1880 Nec

443 1899 546 1931 adhuc
567 1899 722 1932 trieteride
738 1900 844 1945 plena.
866 1899 1037 1933 Nondum
1057 1901 1120 1933 tri-

442 1951 557 1985 mulus
579 1964 587 1985 :
616 1953 681 1986 ἀπὸ
700 1956 754 1986 τοῦ
780 1958 920 1999 τριετοῦς
946 1953 1119 1992 trieteris,

443 2005 593 2050 spatium
609 2005 628 2038 3
645 2018 819 2039 annorum
830 2032 838 2046 ‚
853 2015 887 2040 et
900 2007 1026 2040 festum
1043 2007 1126 2041 Bac-

443 2058 510 2091 cho
526 2071 661 2092 sacrum
673 2084 682 2100 ‚
702 2068 846 2104 propter
859 2058 1119 2105 expeditionem

443 2111 486 2145 ad
508 2111 616 2145 Indos
634 2112 788 2146 triennio
811 2121 977 2147 exactam.

500 2178 531 2198 a.
553 2167 592 2198 In
611 2165 842 2211 quibusdam,
859 2167 970 2199 laudat
989 2175 1019 2199 et
1038 2169 1118 2211 ipse:

443 2217 522 2251 cod.
546 2219 743 2252 Pulmanni.
769 2218 849 2252 Ald.
873 2221 972 2253 Junt.
1002 2220 1119 2254 Colin.

443 2271 581 2318 Gryph.
603 2273 675 2306 aliae
687 2299 696 2314 ,
715 2273 824 2306 laudet
838 2281 870 2305 et
888 2275 962 2318 ipse.
986 2294 1036 2299 -—
1056 2273 1120 2306 Re-

439 2326 544 2369 gulus.
561 2325 670 2359 Filius
684 2326 756 2359 scil.
769 2326 882 2360 infans
894 2329 966 2372 jam
983 2326 1121 2360 laetaba-

446 2385 514 2418 tur,
533 2391 640 2424 quum
663 2389 820 2413 orantem
842 2380 877 2413 in
893 2381 969 2414 foro
983 2388 1120 2426 patrem

443 2430 591 2465 audiret.
622 2431 715 2466 Vide
747 2433 901 2467 Plinium
935 2433 1120 2467 Juniorem

444 2484 481 2516 in
500 2485 570 2518 vol.
596 2486 631 2526 1,
650 2499 684 2532 p.
708 2491 777 2527 204
800 2495 929 2521 nostrae
956 2486 1039 2521 edit.
1060 2487 1120 2520 ubi

445 2536 612 2571 describit
628 2548 778 2573 mortem
799 2540 904 2585 hujus
925 2541 1038 2586 pueri.
1052 2541 1118 2574 En.

499 2592 531 2623 3.
559 2591 778 2637 lllatvruosque
800 2596 895 2627 sinus.
918 2593 1052 2627 Avidus
1071 2607 1118 2627 sc.

444 2644 551 2687 patris
570 2644 734 2679 audiendi
751 2672 759 2685 ,
783 2647 926 2691 negligit
951 2655 1094 2682 matrem
1110 2660 1119 2686 ;

1179 1634 1274 1667 velut
1281 1635 1353 1680 jam
1372 1642 1446 1668 tum
1463 1642 1596 1667 aetatem
1613 1634 1754 1680 iugenio
1769 1646 1857 1680 prae·

1180 1699 1321 1721 currens
1333 1714 1342 1729 ‚
1369 1687 1518 1720 nucibus
1547 1687 1696 1729 relictis,
1727 1689 1858 1733 majora

1180 1748 1361 1786 spectaret.

1236 1799 1270 1835 4.
1287 1794 1414 1828 Sentiat
1434 1807 1507 1826 suas
1520 1798 1538 1825 ‚³
1564 1794 1605 1826 In
1625 1805 1660 1827 se
1678 1792 1829 1827 derivari
1847 1805 1855 1826 ζ

1179 1847 1233 1880 vel
1260 1845 1436 1880 haeredem
1459 1857 1532 1879 non
1558 1846 1757 1887 honorum,
1797 1845 1857 1880 sed

1179 1899 1326 1934 laudum
1346 1900 1450 1934 etiam
1470 1907 1504 1932 et
1521 1900 1703 1933 virtutum.
1719 1900 1803 1933 Rad.

1235 1954 1268 1987 5.
1292 1954 1492 1999 Densumque
1513 1966 1629 1986 corona
1649 1951 1730 1986 Ald.
1755 1953 1775 1986 J
1781 1961 1855 1986 unt.

1179 2006 1437 2052 Colin.Gryph.
1450 2005 1767 2053 etc.—Centnmque
1783 2008 1855 2046 riri,

1179 2068 1243 2094 etc.
1260 2060 1378 2093 Causae
1393 2067 1475 2093 actae
1486 2071 1603 2093 coram
1616 2059 1857 2100 centumviris‚

1179 2114 1240 2160 qui
1260 2122 1375 2147 tamen
1395 2120 1495 2146 erant
1515 2114 1581 2146 105
1596 2136 1606 2152 ,
1624 2125 1736 2158 quum
1750 2125 1790 2145 ex
1809 2112 1854 2146 35

1179 2167 1337 2200 tribuum
1363 2165 1506 2212 singulis
1529 2165 1619 2198 terni
1646 2165 1858 2211 eligerentur

1179 2219 1223 2253 ad
1244 2218 1477 2265 judicandum
1500 2217 1543 2251 de
1567 2217 1855 2258 haereditatibus,

1179 2273 1453 2318 usucapionibus
1465 2298 1474 2313 ‚
1493 2271 1612 2305 tutelis
1623 2297 1632 2313 ,
1652 2272 1748 2305 nexis
1761 2297 1769 2312 ,
1788 2279 1853 2305 etc.

1179 2325 1222 2360 de
1237 2326 1366 2372 quibus
1380 2326 1453 2360 Cic.
1474 2323 1518 2358 de
1532 2324 1631 2358 Orat.
1647 2325 1709 2358 lib.
1729 2322 1856 2358 LVide

1178 2380 1290 2413 Tacit.
1304 2379 1439 2424 Dialog.
1459 2377 1503 2412 de
1516 2377 1697 2412 Oratorib.
1713 2386 1747 2412 et
1762 2377 1854 2411 Plin.

1178 2433 1240 2467 lib.
1255 2433 1302 2474 ΙΙ,
1315 2432 1414 2478 epist.
1437 2444 1508 2473 nv,
1519 2440 1552 2465 et
1567 2432 1635 2473 VI,
1648 2429 1693 2464 33
1707 2431 1858 2477 ;quihus

1178 2486 1406 2532 elegantiores
1422 2494 1456 2519 et
1470 2483 1725 2531 splendidiores
1743 2484 1854 2518 nullas

1180 2539 1333 2586 legerim.
1346 2540 1412 2573 En.
1424 2561 1476 2566 —
1488 2537 1636 2572 Coronoe.
1649 2537 1855 2571 Tribunalia

1179 2592 1436 2627 circtnnstantis
1457 2591 1588 2637 populi.

1235 2649 1266 2678 ti.
1285 2646 1372 2678 Julia
1394 2648 1468 2678 trita
1486 2643 1594 2678 codex
1619 2643 1851 2677 Florentinus.
