1978 3305
390 196 970 242 EPIGRAMMATUM
1010 197 1135 240 LIB.
1174 196 1262 237 XI.

747 284 951 328 orandius
977 300 1067 327 esse
1090 282 1180 326 tibi.

263 285 571 343 Secretumque
593 283 716 344 jubes
746 320 770 345 b

1425 192 1522 238 (315

195 351 417 395 Oblinitur
441 354 626 397 minimae
652 354 685 397 si
711 370 794 414 qua
819 364 883 399 cst
903 355 1090 414 suspicio
1116 353 1234 395 rimae
1250 386 1260 405 ‚

264 424 514 483 Punctaque
539 423 697 467 lasciva
720 441 814 484 quae
842 424 1117 468 terebrantur
1139 437 1232 464 acu.

197 492 336 535 Nemo
361 502 423 535 est
448 502 533 536 tam
557 495 716 546 teneri,
739 503 826 538 tam
850 493 1104 553 sollicitique
1127 490 1304 552 pudoris
1320 525 1331 545 ,

265 562 351 618 Qui
376 562 442 605 vel
468 562 672 622 paedicat,
695 565 937 617 Canthare‚
955 562 1021 606 vel
1046 562 1188 605 futuit.

124 711 173 732 vs.
189 699 320 739 5;item
337 699 420 731 Juv.
438 699 600 733 Sat.V111
613 725 621 740 ,
636 713 685 733 vs.
710 703 792 734 168.

178 755 210 790 4.
246 751 478 797 Secretumque,
517 760 583 785 etc.
617 752 793 786 Grandius

123 803 231 836 scelus
256 803 400 849 cogitas,
427 803 594 848 grandius
620 814 793 839 secretum

122 856 288 900 postulas.

177 908 210 941 5.
241 908 401 953 Suspectio
431 907 510 942 cod.
540 910 575 942 in
605 922 712 955 marg.
737 910 792 944 ed.

121 960 226 994 Paris.
250 963 362 1005 1617,
381 969 415 994 et
434 960 542 995 editio
559 962 678 1004 Matt.;
696 970 730 996 et
746 964 793 997 sic

122 1012 256 1058 legend.
281 1013 406 1058 plane,
426 1022 523 1047 notat
542 1014 739 1049 Flosculus.

175 1068 208 1098 6.
218 1066 355 1098 Lasciva
369 1079 437 1099 acu.
449 1066 654 1101 Calamistro
667 1080 793 1114 nempe

121 1119 267 1151 laseiviae
291 1127 324 1152 et
345 1127 518 1164 gratarum
540 1120 794 1166 improbarum-

121 1182 188 1215 que
200 1172 324 1203 artium
341 1172 492 1205 conscio.
501 1189 514 1201 α
528 1174 600 1206 Acu
612 1173 793 1207 lasciviore

121 1235 253 1257 comam
274 1224 338 1257 sihi
361 1224 520 1258 inserunt
542 1243 573 1266 ω,
592 1226 639 1258 ait
656 1227 793 1259 Tertul-

854 701 963 733 lianus
983 699 1027 732 de
1046 699 1181 744 virgine
1202 697 1348 731 velanda
1368 709 1442 742 cap.
1467 709 1479 730 1
1492 710 1524 729 9..

881 750 884 753 .
908 766 941 797 7.
959 753 1072 785 Nemo.
1087 778 1093 785 .
1110 778 1134 784 ..
1151 778 1157 784 .
1172 751 1237 795 Qui
1255 751 1310 783 vel
1323 750 1408 795 pred.
1439 753 1526 783 Κατ’

854 807 1027 843 ἀντίθεσιν,
1052 816 1165 850 neque
1195 802 1348 849 illepide.
1381 802 1436 836 Sic
1466 802 1527 835 Se-

854 870 959 899 neca,
979 858 1135 890 Natural.
1160 856 1290 898 Quaest.
1309 856 1370 888 lib.
1396 856 1430 895 Ι,
1450 867 1526 899 cap.

859 914 902 945 16
928 923 935 944 z
963 928 975 940 ι
992 911 1034 943 In
1064 908 1210 956 perditis
1240 920 1380 954 quoque
1415 916 1449 941 et
1485 906 1527 940 ad

854 976 959 997 omne
978 962 1127 997 dedecus
1152 962 1318 1008 expositis
1342 960 1527 994 tenerrima

853 1017 1036 1049 oculorum
1051 1014 1261 1049 verecundia
1272 1022 1333 1048 est.
1350 1031 1364 1044 ιι
1376 1015 1419 1047 Et
1431 1025 1526 1046 mox:

858 1086 870 1098 α
886 1068 984 1103 Adeo
1003 1067 1265 1114 quodammodo
1278 1067 1425 1113 lupanar
1441 1078 1527 1111 quo-

853 1134 921 1166 que
954 1120 1195 1155 verecundum
1235 1127 1285 1154 est
1303 1121 1310 1153 !
1341 1138 1353 1149 »
1378 1120 1422 1153 Et
1455 1119 1528 1163 ipse

852 1174 991 1216 Noster,
1008 1175 1067 1208 lib.
1080 1173 1269 1219 IX,epigr.
1289 1185 1341 1205 v11
1359 1184 1366 1204 :
1382 1170 1528 1204 «Pudor

852 1239 923 1260 esse
942 1239 1004 1272 per
1024 1236 1059 1260 te
1076 1226 1180 1272 coepit
1203 1235 1236 1259 et
1253 1225 1448 1271 lupanari.»
1460 1224 1526 1257 En.

703 1361 927 1417 XLVI.

641 1517 697 1545 IN
743 1517 999 1546 MAEVIUM.

190 1641 319 1693 ΙΑΜ,
350 1641 429 1684 nisi
458 1657 536 1701 per
567 1657 767 1684 somnum
786 1676 795 1693 ‚
822 1657 910 1685 non
939 1642 1113 1701 arrigis,
1139 1634 1182 1684 'et
1211 1642 1309 1693 tibi,
1337 1642 1491 1694 Mami,

258 1711 415 1770 Incipit
442 1712 485 1753 in
514 1710 678 1754 medios
707 1712 864 1754 meiere
895 1727 1026 1772 verpa
1055 1711 1211 1772 pedes3

188 1779 397 1823 Truditur
420 1790 463 1823 et
485 1780 628 1842 digitis
651 1797 876 1841 pannucea
908 1781 1098 1825 mentula
1125 1781 1264 1835 lassis,

255 1851 347 1893 Nec
375 1849 490 1894 levat
514 1852 774 1895 exstinctum
800 1850 1026 1895 sollicitata
1052 1862 1197 1912 caput.

188 1920 306 1976 Quid
336 1922 514 1964 miseros
543 1921 703 1965 frustra
732 1938 922 1977 cunnos,
951 1921 1158 1983 culosque
1188 1920 1387 1965 lacessis?

259 1992 438 2033 Summa
466 2000 585 2051 petas
607 2008 613 2033 :
637 1990 722 2036 illic
746 1991 937 2036 mentula
962 1993 1068 2035 vivit
1091 2008 1209 2036 anus.

177 2140 205 2160 1.
239 2129 287 2160 Ee
318 2129 375 2161 tibi
400 2142 509 2163 nervus
537 2130 613 2164 cod.
647 2131 720 2165 MS.
755 2132 789 2164 in

119 2192 227 2225 marg.
247 2179 302 2214 ed.
325 2182 401 2215 Par.
430 2185 540 2227 1617.

175 2245 206 2265 π.
230 2234 277 2265 Et
304 2234 420 2266 medios
445 2234 525 2268 Ald.
554 2237 651 2270 Junt.
673 2237 789 2270 Colin.

119 2285 266 2319 Faruab.
288 2287 337 2319 Et
354 2287 485 2320 medicos
507 2287 561 2322 ed.
583 2289 659 2322 Par.
686 2292 790 2334 1617.

120 2338 159 2370 In
175 2338 289 2372 medios
306 2340 429 2373 melius
445 2353 516 2374 esse
532 2350 631 2374 notat
646 2341 790 2376 Schrev.

119 2399 152 2423 et
174 2399 252 2435 post
272 2404 350 2425 eum
372 2392 487 2427 editor
505 2394 630 2439 Delph.

175 2443 207 2477 3.
231 2445 400 2478 pannucea
413 2471 424 2487 ,
443 2455 509 2480 etc.
530 2447 680 2486 Dehilis,
700 2448 792 2486 laxa,

119 2508 244 2542 rugosa
260 2523 270 2538 ‚
284 2497 380 2544 quod
402 2507 436 2533 et
453 2498 497 2533 de
518 2500 631 2545 pomis
652 2499 791 2533 dicitur.

851 2132 984 2165 Plinius
999 2158 1007 2172 ‚
1026 2132 1114 2164 Hist.
1147 2132 1224 2165 Nat.
1252 2131 1312 2164 lib.
1336 2131 1424 2170 XV,
1451 2142 1527 2175 cap.

857 2197 868 2217 1
880 2185 898 2219 5
913 2211 920 2225 ,
932 2193 965 2218 et
979 2176 1178 2218 Macrobius
1190 2210 1198 2225 ‚
1213 2183 1451 2218 Saturnalium
1467 2183 1527 2216 lib.

852 2238 924 2278 ΙΙΙ,
946 2249 1020 2283 cap.
1050 2249 1105 2280 19.

907 2290 939 2323 5.
962 2290 1052 2334 Quid
1059 2290 1185 2332 finum
1203 2303 1229 2323 r.
1247 2304 1272 2322 c.
1293 2290 1313 2321 l.
1334 2291 1436 2334 inepte
1449 2287 1526 2321 cod.

852 2343 886 2375 in
909 2355 1013 2388 marg.
1035 2341 1089 2376 ed.
1112 2342 1188 2375 Par.
1218 2345 1327 2384 1617.

907 2398 941 2427 6.
960 2395 1086 2428 Summa
1102 2403 1206 2439 pelas.
1222 2395 1282 2428 Os.
1294 2416 1344 2421 --
1356 2395 1426 2427 Illic
1445 2406 1528 2426 men-

855 2448 919 2480 tula
936 2449 1016 2481 vivit
1033 2461 1120 2481 anus.
1142 2466 1155 2477 ι»
1183 2448 1260 2481 Lib.
1282 2448 1347 2487 lv,
1369 2447 1475 2492 epigr,
1496 2459 1527 2480 L·

855 2500 945 2534 Vide
962 2514 1103 2547 quoque
1122 2501 1182 2534 lib.
1200 2502 1271 2537 ΙΙΙ,
1298 2513 1414 2534 Lxxvi.

1237 2681 1258 2691 ἡ
1317 2677 1323 2699 l

1246 2696 1298 2739 ³9
