1978 3305
474 202 539 262 96

846 204 906 245 M.
933 204 1073 246 VAL.
1114 203 1502 248 MARTIALIS

611 290 803 333 Uxorem
830 299 953 350 potes
976 289 1089 334 hanc
1115 289 1259 334 dicere
1282 289 1547 350 legitimam?

471 403 580 450 epigr.
597 414 650 435 vn
663 416 671 444 ;
682 401 868 448 legendum
881 410 915 436 et
929 404 974 437 88
985 402 1143 436 Ausonii.

473 457 569 489 Uxor
586 455 736 500 legitima
753 463 826 488 erat
839 456 986 500 νόμιμος,
1002 467 1082 500 quae
1096 468 1146 489 se-

473 507 629 541 cundum
662 508 753 553 leges
789 507 824 540 in
854 519 999 541 manum
1029 508 1144 542 mariti

470 568 681 594 convenerat
706 558 793 593 κατὰ
820 560 951 605 νόμιμον
983 557 1115 594 σύνοδον
1131 582 1141 599 ‚

468 621 506 646 ut
524 613 680 658 loquitur
696 612 799 644 Philo
816 612 944 645 alicubi
957 625 967 654 ;
980 621 1014 646 et
1033 625 1144 659 oppo-

468 665 564 698 nitur
588 668 739 709 παλλακῇ
773 672 808 697 et
835 665 1052 699 concubinae.
1074 666 1142 700 Hic

468 730 548 762 ergo
569 730 648 750 uxor
662 712 803 761 legitima
817 743 826 757 ,
845 729 922 763 quae
936 718 957 751 J
960 718 1038 752 uliae
1057 719 1143 764 legis

467 778 561 802 metu
582 770 725 816 nupsit;
755 782 844 803 uxor
866 783 993 816 nempe
1017 783 1142 805 secun·

466 821 551 855 dum
574 822 665 868 leges
679 831 765 856 tunc
786 822 952 868 vigentes.
976 824 1112 857 Herald.

1260 416 1293 437 2.
1315 403 1450 437 Uxorem
1463 412 1553 449 potes
1571 405 1651 438 hanc
1674 405 1786 438 ducere
1805 407 1872 440 Be-

1203 455 1361 490 verlandi
1381 455 1455 490 MS.
1475 456 1607 490 Caetera
1629 458 1726 491 nulla
1745 467 1795 492 est
1812 471 1872 491 va-

1202 508 1377 542 rietas.-
1390 509 1526 542 Uxorem
1544 510 1727 554 legitimam.
1747 511 1802 544 Sic
1820 511 1867 544 fa-

1202 569 1293 594 ctam
1306 573 1346 595 ex
1363 561 1438 607 lege
1456 561 1549 594 Julia
1565 573 1574 595 :
1594 562 1667 595 haec
1683 571 1798 596 autem
1812 563 1870 596 lex

1202 612 1399 647 adulterum
1414 639 1424 655 ,
1445 613 1482 646 ni
1503 614 1607 648 vellet
1629 627 1749 660 graves
1776 615 1873 648 luere

1203 679 1340 712 poenaS,
1365 665 1532 700 adulterae
1552 668 1684 700 nubere
1715 668 1871 712 cogebat.

1205 720 1256 752 De
1279 719 1414 752 Domit.
1433 718 1494 764 qui
1515 719 1604 753 hanc
1627 719 1739 765 legem
1765 719 1872 753 modo

1203 780 1425 806 revocaverat
1445 772 1526 806 Juv.
1545 771 1614 806 Sat.
1632 773 1686 816 ΙΙ,
1705 772 1750 806 3ο
1766 783 1774 805 :
1788 789 1802 801 ιι
1814 773 1874 818 qui

1203 833 1289 858 tunc
1304 824 1394 870 leges
1413 825 1596 859 revocabat
1613 836 1756 859 amaras.
1775 842 1789 856 ιι
1805 825 1872 859 En.

1010 958 1310 1014 LXXVI.

972 1117 1044 1145 AD
1090 1095 1361 1145 cummim*

540 1246 769 1288 PROFECIT
794 1251 900 1302 poto
924 1240 1204 1285 Mithridates
1228 1257 1340 1301 saepc
1367 1257 1557 1297 veneno,

606 1313 766 1356 Toxica
791 1328 845 1355 ne
869 1321 1045 1373 possent
1069 1327 1181 1355 saeva
1211 1327 1370 1355 nocere
1400 1311 1496 1355 sibi.

535 1386 601 1428 Tu
627 1399 800 1444 quoque
825 1382 976 1426 cavisti
999 1381 1213 1425 coenando
1239 1391 1327 1425 tam
1357 1380 1468 1425 male
1496 1398 1688 1443 semper,

605 1456 673 1498 Ne
703 1469 852 1514 posses
882 1468 1100 1512 unquam,
1121 1452 1284 1508 Cinna,
1310 1452 1452 1512 perire
1478 1451 1603 1496 fame.

536 1585 688 1640 Τοξικὰ
713 1589 782 1648 μὲν
807 1582 1020 1646 προλαὲὼν
1042 1580 1296 1646 Μιθριδάτης
1321 1584 1454 1629 πολλὰ
1479 1587 1663 1639 πέπωκε,

605 1662 690 1702 Τοῦ
716 1660 769 1718 μὴ
800 1655 1049 1712 βλάπτεσθαι
1073 1659 1344 1716 φαρμακόεντι
1368 1663 1500 1712 ποτῷ·

536 1733 606 1786 Τῷ
636 1724 682 1772 δέ
710 1746 753 1771 σε
775 1729 992 1787 λιμώττειν
1021 1726 1117 1777 αἰεὶ,
1144 1727 1416 1787 προφύλαγμα
1441 1721 1530 1769 τόδ’
1552 1725 1684 1786 εὗρες,

609 1789 696 1850 (ἒς-ε
721 1799 846 1842 θανεῖν
870 1802 975 1857 λιμῷ
998 1791 1120 1857 μηδὲν
1147 1798 1247 1856 ἔχειν
1275 1797 1316 1839 σὲ
1344 1792 1444 1847 δέος.

523 1933 657 1967 *Jocus
690 1933 725 1966 in
751 1931 901 1966 Cinnam
930 1942 1139 1976 pauperem,

471 2002 488 2022 a
510 1985 771 2033 comparatione
783 1981 1018 2024 Mithridatis,
1038 1994 1140 2016 vene-

472 2055 518 2075 no
535 2039 682 2078 assueti,
704 2046 738 2072 et
753 2038 876 2071 Cinnae
888 2061 898 2077 ‚
918 2035 1013 2069 fami,

526 2107 557 2127 1.
575 2094 716 2135 Profecit
736 2091 800 2123 loto
828 2101 873 2122 cx
906 2086 1026 2122 codice
1060 2087 1140 2120 Flo-

470 2147 609 2181 rentino
629 2145 712 2179 citat
732 2140 1042 2177 Beve1-landus.-
1060 2141 1141 2173 Pro-

464 2202 545 2243 fecit
556 2207 645 2244 poto,
661 2205 729 2231 etc.
748 2195 880 2229 Plinius
891 2220 899 2236 ,
921 2193 1050 2227 Histor.
1065 2193 1140 2226 Nat.

470 2253 530 2286 lib.
547 2251 663 2291 XXV,
680 2262 756 2295 cap.
777 2262 793 2282 2
809 2275 818 2290 ,
833 2248 881 2281 sic
898 2259 969 2280 rem
987 2245 1142 2292 effingit:

477 2323 489 2335 a
507 2305 576 2338 Uni
599 2304 629 2336 ei
651 2298 895 2347 (Mithridati)
915 2299 1144 2345 excogitatum

471 2356 630 2403 quotidie
641 2367 811 2389 venenum
826 2353 964 2393 bibere,
976 2364 1144 2398 praesum-

473 2410 540 2456 ptis
557 2408 738 2449 remediis,
753 2416 789 2440 ut
804 2403 1056 2441 consuetudine
1072 2405 1145 2450 ipsa

474 2462 652 2496 innoxium
675 2462 781 2494 fieret.
794 2460 911 2493 Primo
926 2459 1066 2492 inventa
1086 2470 1144 2503 ge-

477 2528 557 2549 nera
592 2513 738 2548 antidoti
756 2539 763 2553 ‚
796 2526 836 2546 cx
873 2512 1001 2557 quibus
1033 2523 1144 2544 unum

474 2569 575 2602 otiam
593 2580 717 2600 nomen
736 2567 809 2610 ejus
825 2565 965 2598 retinet.
978 2564 1076 2596 Illius
1093 2563 1145 2596 in⁴

1200 1938 1344 1963 ventum
1366 1938 1547 1963 autumant
1566 1929 1766 1975 sanguinem
1791 1941 1872 1964 ana·

1200 1991 1273 2015 tum
1290 1982 1514 2016 Ponticarum
1533 1983 1678 2016 miscere
1693 1981 1870 2018 antidotis.

1199 2034 1363 2080 quoniam
1386 2047 1521 2068 veneno
1541 2035 1709 2068 viverent.
1729 2053 1741 2064 ›-
1757 2036 1807 2068 De
1829 2047 1871 2068 eo

1198 2088 1268 2131 agit
1285 2087 1388 2121 etiam
1404 2088 1513 2121 Aulus
1527 2088 1658 2122 Gellius
1673 2088 1733 2121 lib.
1750 2087 1873 2129 XVII,

1201 2152 1276 2185 cap.
1301 2153 1313 2173 1
1325 2142 1357 2173 6.

1258 2206 1289 2226 2.
1319 2194 1439 2226 Toxica
1468 2206 1504 2226 nc
1531 2202 1667 2238 possent.
1693 2193 1772 2227 Ven
1780 2203 1845 2226 ena
1865 2217 1875 2233 ,

1204 2245 1300 2291 quasi
1320 2246 1446 2285 taxica3
1465 2255 1562 2280 taxus
1580 2245 1740 2291 (gallice,
1761 2244 1810 2288 is)
1827 2258 1877 2279 ar-

1205 2299 1269 2331 hor
1288 2310 1435 2339 nocens,
1455 2301 1552 2344 cujus
1580 2299 1704 2331 umbra
1730 2298 1876 2332 exitialis

1203 2363 1274 2384 esse
1289 2350 1428 2384 dicitur.
1448 2351 1579 2385 Plinius
1591 2377 1600 2392 ‚
1619 2351 1724 2392 XVI,
1740 2363 1795 2384 10.
1808 2351 1872 2384 En.

1260 2404 1292 2437 3.
1318 2405 1366 2436 Tu
1382 2417 1499 2450 quoque
1516 2406 1634 2436 carini.
1652 2404 1738 2437 Tam
1753 2403 1875 2436 intime

1205 2457 1284 2490 fami
1304 2455 1455 2490 ferenda:
1473 2456 1650 2490 assuevisti
1663 2482 1672 2495 ‚
1689 2465 1757 2489 tani
1777 2456 1876 2489 sorti-

1206 2518 1257 2543 ter
1274 2509 1366 2543 illam
1383 2510 1555 2543 sustinere
1573 2508 1749 2550 didicisti,
1768 2517 1805 2542 ut
1827 2508 1877 2541 ni-

1204 2563 1251 2595 hil
1275 2564 1341 2606 jani
1367 2563 1400 2595 in
1423 2571 1455 2596 ti*
1476 2563 1616 2596 valerio.
1637 2563 1701 2594 ΕΙ».
