1978 3305
365 234 948 279 EPIGRAMMATUM
986 235 1114 278 LIB.
1140 236 1256 279 VII.

1417 254 1507 282 211

724 385 940 440 XVII.

274 538 341 568 AD
380 538 792 569 BIBLIOTHECAM
830 539 970 568 JULII
1012 521 1353 570 ΙΜΑΒΤΙΑΙᾸΒ.ῃ

316 664 464 708 Rums
493 661 757 707 bibliotheca
785 661 980 717 delicati,

316 734 519 778 Vicinam
541 731 662 776 videt
686 731 802 776 unde
825 730 965 795 lector
987 732 1178 785 Urbem

315 805 438 847 Inter
467 803 662 848 carmina
687 802 904 847 sanctiora
934 803 968 847 si
996 803 1092 863 quis

317 875 512 918 Lascivae
538 873 670 918 fuerit
694 872 815 918 locus
839 872 1023 929 Thaliae,

316 946 409 988 Hos
435 944 538 989 nido
562 943 665 989 licet
687 945 851 990 inseras
876 943 946 989 vel
970 945 1084 999 imo,

315 1016 491 1076 Septem
520 1032 629 1076 quos
655 1015 734 1059 tibi
759 1016 970 1060 mittimus
996 1013 1186 1065 libellos,

320 1087 525 1130 Auctoris
547 1085 716 1131 calamo
746 1087 811 1130 sui
841 1095 1015 1130 notatos
1040 1104 1047 1128 :

320 1158 425 1200 Haec
454 1155 536 1200 illis
564 1158 751 1217 pretium
779 1156 884 1201 facit
908 1155 1048 1201 litura.

319 1229 376 1271 At
399 1236 448 1270 tu
472 1243 652 1271 munere
676 1226 874 1271 dedicata
901 1244 1061 1288 parvo,

320 1298 430 1357 Quae
456 1298 700 1342 cantaberis
724 1297 830 1342 orbe
854 1307 957 1342 nota
980 1308 1073 1342 toto
1088 1334 1098 1347 ,

318 1368 480 1429 Pignus
501 1369 690 1430 pectoris
710 1369 795 1413 hoc
816 1369 901 1412 mei
921 1377 1044 1412 tuere
1057 1404 1068 1419 ,

317 1437 403 1482 Juli
430 1438 694 1483 bibliotheca
717 1438 943 1483 Martialis.

163 1573 176 1586 '¹
188 1578 457 1623 Autographum
470 1586 602 1624 septem
613 1578 788 1611 librorum

110 1630 402 1676 epigrammatum
416 1630 554 1665 dedicat
566 1630 789 1665 bibliothecae

109 1683 196 1717 Julii
211 1683 380 1717 Martialis
391 1709 400 1725 ‚
419 1685 520 1729 cujus
536 1684 659 1717 hortos
675 1692 710 1717 et
723 1685 788 1717 vil-

110 1737 220 1770 lulam
245 1736 436 1782 elegantem
460 1737 497 1770 in
518 1738 685 1770 Janiculo
707 1737 788 1770 sub-

112 1790 248 1823 urbano
266 1788 461 1835 descripsit.

169 1855 200 1876 1.
218 1843 319 1876 Rudis
332 1843 518 1876 bibliotheca
532 1843 567 1876 in
583 1842 706 1877 codice
716 1843 788 1876 Va-

111 1895 241 1929 ticano.

166 1953 200 1989 4.
225 1950 366 1982 Lascivae
390 1950 525 1983 Thaliam
550 1950 627 1983 Hoc
651 1957 719 1988 est,
740 1951 791 1995 jo-

112 2002 200 2036 cosis
210 2002 296 2036 meis
307 2003 535 2036 carminibus.
546 2002 639 2036 Vide
652 2003 712 2035 lib.
726 2003 790 2043 IV,

113 2055 223 2101 epigr.
241 2067 333 2096 νιιι,
353 2068 403 2089 vs.
429 2069 486 2090 12.

170 2110 205 2141 5.
221 2109 293 2141 Hos
312 2109 404 2142 modo
425 2109 497 2142 licet
516 2108 553 2142 in
573 2108 687 2142 Vatic.
708 2107 788 2143 cod.

116 2163 233 2194 inseras
249 2162 307 2194 ‘vel
325 2175 387 2195 uno
402 2161 511 2196 codex
533 2161 677 2208 quidam
696 2160 790 2208 apud

115 2213 382 2248 Beverlandum.
398 2237 451 2242 ——
470 2216 558 2249 Nido
576 2217 648 2248 imo.
665 2214 791 2248 Infima

115 2267 282 2308 statione,
303 2267 430 2302 ordine
451 2280 459 2301 :
482 2269 551 2301 nidi
571 2269 664 2302 enim
684 2268 791 2302 foruli

117 2328 197 2353 sunt
216 2320 386 2354 librorum
398 2346 408 2361 ,
424 2322 460 2354 in
478 2322 605 2367 quibus
618 2322 716 2354 velut
738 2334 792 2354 ca·

117 2373 204 2417 psis‚
230 2381 329 2406 certo
347 2373 472 2407 ordine
487 2373 669 2420 graduque
687 2386 792 2419 repo-

117 2434 272 2466 nuntur,
294 2434 333 2459 ut
352 2425 521 2467 diximus,
542 2427 602 2460 lib.
626 2428 661 2468 1,
684 2427 792 2473 epigr.

118 2490 230 2511 cxvnt
241 2505 249 2519 ‚
262 2492 315 2513 vs.
331 2491 344 2512 1
356 2481 389 2513 5.
400 2501 452 2506 —
462 2479 550 2512 Nido
561 2480 617 2511 vel
630 2482 701 2512 imo.
718 2480 794 2513 Hoc

120 2539 170 2563 est
185 2557 194 2571 ‚
226 2533 280 2565 vel
319 2532 353 2564 in
383 2532 509 2566 ultimo
538 2531 662 2566 ordine
689 2532 795 2564 collo-

848 1590 903 1611 ces
922 1603 932 1618 ‚
968 1576 1075 1610 inodo
1108 1578 1317 1611 collocatum
1351 1579 1525 1625 aspiciam.

904 1632 937 1664 8.
957 1631 1031 1663 IIoc
1048 1630 1113 1663 illis
1125 1633 1261 1676 pretium
1279 1630 1383 1665 codd.
1395 1632 1476 1666 Vat.
1495 1642 1530 1664 et.

849 1683 1005 1717 Florent.
1027 1705 1078 1710 ——
1097 1684 1180 1717 Hoec
1200 1684 1264 1717 illis
1280 1687 1416 1730 pretium
1430 1711 1438 1725 ‚
1462 1694 1528 1719 etc.

848 1735 953 1778 Quod
969 1736 1120 1770 auctoris
1141 1737 1348 1783 autographi
1364 1746 1447 1771 sunt
1458 1764 1468 1778 ,
1493 1747 1528 1771 et

849 1802 938 1835 quos
963 1789 1072 1835 epigr.
1097 1803 1120 1823 x
1143 1802 1267 1835 supra,
1292 1789 1382 1824 dixit
1406 1790 1528 1824 arche-

851 1851 965 1889 typos.
979 1863 1030 1870 -ἢ
1044 1843 1168 1876 Litara.
1190 1843 1234 1876 Et
1251 1844 1375 1889 majori
1394 1843 1431 1876 in
1447 1856 1527 1890 pre-

850 1896 899 1929 tio
915 1904 1017 1929 erunt
1030 1921 1039 1937 ,
1052 1895 1148 1941 quod
1161 1908 1268 1929 manu
1281 1909 1357 1930 mea
1372 1905 1528 1930 exaratos

850 1961 931 1982 vere
944 1961 1004 1982 eos
1022 1949 1126 1982 fuisse
1139 1975 1148 1992 ‚
1163 1962 1204 1983 ex
1220 1948 1325 1983 litura
1338 1949 1527 1995 multiplici

850 2002 950 2036 facile
967 2001 1111 2048 patebit.

905 2068 939 2099 9.
971 2056 1003 2088 T
1001 2068 1021 2087 ιι
1046 2068 1180 2087 munere.
1206 2054 1273 2088 Cui
1299 2066 1464 2089 consecro
1493 2063 1528 2088 et

849 2107 945 2141 dono
973 2107 1038 2141 hos
1062 2107 1200 2141 libellos
1226 2120 1333 2142 meos.
1351 2130 1404 2134 —
1422 2108 1525 2140 Dedi-

850 2169 934 2194 cata.
963 2162 1098 2195 Donata
1111 2186 1120 2199 ‚
1155 2169 1364 2194 consecrata.
1394 2160 1527 2194 Biblio-

850 2214 958 2248 thecae
982 2214 1076 2247 enim
1098 2213 1208 2247 Musis
1233 2221 1268 2247 et
1292 2213 1449 2259 Apollini
1475 2225 1530 2247 sa-

852 2279 918 2301 crae
939 2274 1050 2301 erant.
1069 2265 1330 2300 Dedicabantur
1352 2275 1388 2301 et
1407 2274 1528 2300 statuae

853 2328 886 2353 et
904 2320 1070 2366 imagines
1088 2319 1124 2352 iu
1143 2319 1377 2353 bibliothecis.

908 2385 965 2406 10.
988 2373 1087 2406 Nota.
1109 2372 1274 2406 Carmine
1294 2385 1385 2406 me0.

908 2437 921 2458 1
929 2437 942 2458 1
950 2452 957 2459 .
973 2426 1114 2458 Pectoris
1126 2425 1183 2457 lzoc
1194 2426 1252 2457 mei
1255 2427 1384 2471 pignus,
1397 2425 1527 2458 librum

855 2478 988 2512 scilicet
1015 2489 1084 2523 quo
1122 2489 1201 2511 eum
1229 2476 1375 2520 donavi,
1409 2486 1443 2511 et
1467 2478 1527 2523 qui

857 2531 1015 2564 amicitiae
1032 2543 1162 2575 magnae
1176 2534 1291 2575 pignus
1305 2544 1453 2577 parvum
1466 2539 1530 2563 est.

1204 2738 1286 2789 ιίι1
