1978 3305
490 316 579 370 164

853 317 915 358 M.
940 317 1083 359 VAL.
1115 317 1508 361 MARTIALIS

621 406 781 464 Meque
812 404 931 447 sinus
959 420 1132 458 omnes,
1161 420 1230 448 me
1259 420 1414 448 manus
1442 405 1583 449 omnis
1610 404 1754 450 habet.

548 477 663 518 Ecce
690 474 817 517 rubet
841 473 1040 534 quidam,
1065 473 1218 536 pallet,
1244 483 1412 536 stupet,
1438 475 1613 531 oscitat,
1642 475 1746 519 odit⁴

619 547 716 588 Hoc
747 543 848 588 volo
875 561 884 586 :
914 561 1031 589 nunc
1059 545 1184 589 nobis
1212 545 1405 589 carmina
1433 554 1584 589 nostra
1615 544 1800 606 placent.

533 695 565 715 2.
591 682 698 716 Sinus.
718 683 759 714 In
781 682 860 715 sinu
883 680 1016 727 aliquid
1040 682 1153 723 ferre,

476 744 529 769 est
557 733 703 780 diligere
729 733 944 776 admodum,
966 735 1153 781 magnique

479 787 644 834 pendere.
658 788 726 821 En.

533 841 565 874 3.
595 842 680 874 Ecce
708 840 808 874 rubet.
839 840 1016 874 Describit
1046 841 1153 874 Poeta

476 894 584 927 animi
603 902 720 927 motus
739 894 866 939 quibus
883 893 1087 927 cruciantur
1101 894 1153 927 in-

474 945 558 980 vidi.
568 968 620 974 ·-—
632 946 771 980 oscitat.
783 946 855 980 Ore
866 946 987 987 hiscit,
998 945 1095 992 quod
1105 948 1151 980 si-

473 1013 582 1045 guum
595 1008 647 1034 est
660 999 801 1034 fastidii.
817 1000 968 1034 Carmen
984 998 1029 1032 de
1041 1000 1150 1033 livore

475 1052 568 1098 apud
603 1053 820 1098 Scaligerum
832 1078 841 1094 ‚
876 1052 913 1085 in
946 1051 1151 1098 Appendice

476 1105 617 1150 Virgilii
639 1118 647 1140 :
675 1106 857 1139 «Testatur
878 1105 1008 1150 gemitu
1031 1117 1150 1149 graves

1212 681 1364 723 dolores,
1374 681 1544 728 Suspirat,
1555 682 1684 723 fremit,
1693 683 1890 729 incutitque

1211 735 1348 769 dentes:
1359 733 1469 768 Sudat
1478 734 1635 781 frigidus,
1648 735 1788 770 intuens
1794 735 1889 782 quod

1212 787 1288 822 odit
1312 800 1321 821 :
1347 787 1509 821 Effundit
1533 788 1621 821 mala
1648 788 1767 834 lingua
1794 789 1889 823 virus

1213 850 1328 875 atrum
1341 852 1351 882 ;
1368 840 1483 874 Pallor
1497 841 1663 875 terribilis
1675 854 1778 887 genas
1793 842 1888 875 colo-

1212 902 1284 935 rat;
1307 893 1432 927 Infelix
1452 894 1579 927 macies
1599 893 1748 928 renudat
1769 907 1879 928 ossa.»

1211 946 1297 981 Vid.
1314 959 1368 992 ep.
1389 947 1444 988 ΙΙ,
1462 949 1482 981 6
1497 972 1507 987 ‚
1521 951 1541 987 4
1552 972 1560 988 ,
1576 945 1621 979 de
1637 947 1886 981 oscitationibus.

1263 1005 1295 1040 4.
1308 1000 1403 1033 Nunc
1416 1000 1517 1033 nobis.
1529 1000 1632 1033 Nunc
1641 1025 1650 1041 ‚
1665 1000 1796 1046 inquit,
1810 1013 1887 1033 mea

1211 1052 1298 1086 mihi
1309 1052 1448 1098 placent
1457 1053 1610 1086 carmina
1620 1078 1629 1094 ,
1644 1065 1753 1097 quum
1765 1052 1888 1098 displi-

1211 1114 1309 1139 ceant
1332 1104 1472 1138 invidis.

1080 1238 1279 1293 LXII.

939 1397 1004 1425 AD
1058 1376 1414 1425 optumrum*

683 1526 854 1567 Amsrr
880 1531 1006 1583 pater
1030 1521 1207 1565 unicum
1232 1519 1426 1575 Silanus3

686 1596 842 1638 Cessas
872 1593 1043 1635 mittere
1073 1607 1280 1647 munera,
1307 1590 1538 1652 Oppiane?

683 1667 782 1708 Heu
813 1661 989 1709 crudele
1019 1662 1164 1718 nefas,
1195 1661 1405 1723 malaeque
1434 1659 1601 1706 Parcae'.

685 1736 821 1795 Cujus
849 1732 1034 1777 vulturis
1056 1733 1142 1777 hoc
1165 1734 1246 1776 erit
1266 1731 1480 1777 cadaver?

526 1871 540 1885 '¹
557 1873 764 1919 Epitaphium
783 1871 828 1903 ad
844 1872 1007 1916 Apianum
1025 1869 1148 1903 inscri-

476 1927 550 1974 ptio
560 1935 610 1960 est
624 1927 659 1959 in
674 1924 796 1959 codice
809 1924 964 1957 Florem.
975 1923 1035 1956 Ad
1047 1923 1150 1968 Apia-

474 1994 546 2013 num
573 1980 610 2013 in
638 1978 718 2013 Ald.
741 1979 840 2011 Junt.
867 1976 978 2010 Colin.
1009 1975 1148 2021 Gryph.

474 2034 633 2067 Pulman.
658 2033 768 2065 Plant.
788 2030 930 2064 Junian.
953 2029 1059 2074 Laug.
1080 2037 1146 2062 etc.

475 2087 534 2120 Ad
553 2087 735 2132 Appianum
759 2083 976 2118 Calderiuus.
997 2082 1058 2115 Ad
1079 2082 1148 2127 Op-

474 2142 599 2172 mianum
620 2138 656 2171 in
675 2136 778 2171 codd.
796 2138 877 2170 Vat.
899 2144 933 2169 et
953 2135 1095 2168 Thuan.

526 2215 578 2219 —
591 2191 793 2237 Oppianum
805 2187 1054 2233 haeredipetam
1073 2199 1147 2220 car-

476 2247 537 2292 pit.
573 2244 682 2287 Quasi
710 2243 803 2277 dicat
836 2256 843 2275 :
876 2242 978 2276 Pater
1011 2241 1147 2274 Silanus

478 2297 646 2344 praedives
670 2297 778 2331 unico
802 2296 876 2330 filio
899 2294 1055 2340 privatus
1076 2303 1145 2328 est:

476 2365 546 2384 nou
563 2360 678 2397 captas
688 2350 777 2383 lianc
794 2347 958 2395 praedam,
972 2348 1146 2393 Oppiaue,

475 2405 533 2450 qui
545 2405 633 2437 soles
648 2404 806 2437 omnium
821 2400 1084 2435 haereditatibus
1096 2401 1147 2433 vi-

476 2457 627 2491 duorum
655 2456 911 2501 viduarumque
939 2454 1148 2487 imminere?

533 2523 560 2543 1.
578 2511 714 2542 Salanus
735 2506 939 2542 Bevorlandi
960 2507 1030 2539 MS.

1264 1882 1296 1902 2.
1322 1869 1469 1915 Oppiam?
1494 1869 1597 1904 codd.
1620 1870 1701 1904 Vat.
1726 1871 1880 1904 Florem.

1207 1930 1242 1955 et
1253 1923 1395 1956 Thuan.
1404 1943 1458 1949 -—
1469 1923 1580 1956 Cessas
1593 1925 1712 1956 minere
1721 1951 1730 1964 ‚
1746 1932 1812 1958 etc.
1827 1926 1881 1957 An

1208 1987 1317 2009 cessas
1338 1984 1476 2022 captare
1495 1977 1702 2010 muneribus
1716 1977 1812 2011 hunc
1829 1978 1882 2010 Si-

1206 2029 1343 2069 lanum,
1365 2041 1386 2061 o
1406 2028 1640 2075 haeredipeta?

1263 2081 1297 2114 3.
1329 2083 1455 2115 Pan-ce.
1484 2083 1572 2124 Quae
1598 2082 1742 2116 unicum
1773 2083 1882 2116 Silani

1207 2134 1320 2167 filium
1342 2135 1538 2169 sustulistis.

1263 2192 1298 2228 4.
1320 2188 1418 2232 Cujus
1436 2188 1585 2229 vultum,
1603 2197 1668 2222 etc.
1691 2188 1758 2222 Cui
1776 2189 1882 2222 haere-

1207 2239 1333 2286 dipetae
1348 2241 1526 2286 continget
1544 2242 1617 2275 haec
1635 2241 1774 2288 praeda?
1794 2243 1878 2286 Qui,

1206 2302 1242 2326 ut
1258 2294 1355 2326 lueres
1368 2294 1536 2333 scribatur,
1552 2296 1743 2335 consolatur,
1758 2304 1813 2328 au!
1829 2309 1880 2327 us-

1205 2347 1285 2379 sidet
1307 2360 1319 2380 .·
1345 2348 1449 2379 vultur
1470 2357 1534 2387 est,

1207 2400 1346 2433 senecae
1356 2401 1455 2446 epist.
1476 2414 1552 2434 xcv.
1567 2401 1658 2435 Vide
1676 2402 1782 2435 Pierii
1798 2402 1881 2434 liic-

1207 2454 1370 2499 roglypll.
1398 2454 1458 2487 lib.
1489 2454 1630 2495 XVIII,
1653 2454 1697 2487 de
1719 2455 1877 2487 Vulture.

1208 2526 1259 2532 —
1271 2507 1418 2539 (halac-er
1435 2507 1561 2552 patris,
1574 2520 1645 2541 non
1667 2507 1740 2540 lilii.
1759 2508 1825 2540 En.

1560 2349 1694 2381 cadaver·
1710 2357 1877 2393 exspectat.
