1978 3305
353 256 935 301 EPIGRAMMATUM
973 256 1099 298 LIB.
1127 255 1243 297 VII.

1405 253 1501 298 283

306 345 442 388 Turni
471 343 686 388 nobilibus
715 343 829 405 leget
852 341 1017 386 libellis.

242 430 246 431 ⁷
309 416 350 458 O
377 424 588 476 quantum
618 415 725 459 mihi
751 414 936 458 nominis
962 409 1160 474 paratur!

308 486 348 528 O
375 501 470 546 quae
496 483 649 546 gloria!
682 501 811 546 quam
839 484 1041 544 frequens
1067 479 1256 526 amator!

307 557 367 599 Te
397 557 620 612 convivia,
646 565 688 600 te
718 556 862 602 forum
888 553 1084 608 sonabit,

305 626 458 681 AEdes⁷
484 627 698 687 compita,
724 625 940 686 porticus,
967 624 1170 668 tabernae.

307 697 396 739 Uni
422 697 627 752 mitteris,
655 695 856 740 omnibus
886 694 1051 755 legeris.

152 812 185 844 8.
211 810 323 842 Turni.
344 810 459 843 Poetae
479 809 660 856 cujusdam
687 810 768 844 sati-

98 861 260 908 rographi
287 874 328 895 ex
357 863 536 896 Aurunca:
554 863 616 896 lib.
639 864 690 904 X,
712 875 766 908 ep.

100 927 133 947 x'1
149 922 205 957 ,et
227 913 392 949 Sidonius
415 928 521 949 carm.
543 916 596 949 Cf.
618 924 651 949 et
668 916 768 949 Ruti-

98 967 162 999 lius
185 968 221 1000 in
240 968 444 1009 Itinerario,
463 977 497 1002 et
514 970 535 1002 J
539 969 693 1002 uvenalis
714 969 769 1002 in-

100 1029 232 1065 terpres
244 1028 345 1055 vetus
356 1046 366 1063 ‚
381 1020 423 1054 ad
440 1029 502 1055 sat.
524 1034 539 1056 1
552 1047 562 1064 ,
580 1034 631 1056 vs.
652 1035 711 1056 20.

150 1085 185 1116 9.
210 1074 243 1107 Ο
263 1082 412 1120 quantum
435 1075 492 1107 tibi
509 1077 644 1108 numinis
660 1074 771 1109 codex

97 1125 497 1172 Florent.—Oquc1ntum
510 1129 596 1162 milti.
608 1129 689 1170 Alii,
702 1129 769 1162 tibi.

153 1191 168 1212 1
177 1192 210 1213 o.
223 1180 480 1228 Quamsrequens
490 1187 634 1214 amator!
646 1181 687 1215 Id
698 1190 749 1215 est
757 1206 766 1219 ,

827 801 947 853 Quem*
963 807 1064 841 multi
1083 819 1139 840 me
1155 814 1189 840 et
1207 817 1284 838 mea
1306 807 1494 839 amabunt!

884 875 898 895 1
911 874 925 895 1
934 887 941 894 .
952 861 1118 894 Sonabant
1127 858 1237 894 codex
1247 859 1447 892 Vaticanus.

887 915 942 948 13.
966 914 1030 947 Uni
1048 916 1195 953 mitteris,
1221 912 1361 945 omnibus
1380 913 1501 955 legeris.

829 968 1048 1013 Quamquam
1071 966 1165 1000 enim
1185 965 1228 999 ad
1250 978 1360 999 unum
1382 959 1501 1007 (Sabi-

829 1034 915 1055 num
946 1020 1079 1054 scilicet
1095 1017 1107 1060 )
1144 1032 1205 1066 ego
1242 1027 1275 1052 te
1315 1018 1469 1051 miserim
1494 1043 1502 1057 ‚

829 1074 950 1115 multi,
969 1073 1076 1106 immo
1099 1085 1222 1106 omnes
1242 1080 1274 1105 te
1290 1071 1425 1116 legent3
1444 1071 1502 1103 ille

830 1127 925 1160 enim
942 1136 974 1160 te
991 1126 1154 1160 omnibus
1170 1123 1448 1165 commendabit,
1469 1131 1502 1155 et

828 1179 1016 1226 legendum
1035 1179 1143 1213 dabit.

654 1309 951 1368 XCVIII.

551 1455 621 1483 AD
675 1454 997 1484 CASTOREM.

1028 1432 1047 1451 η.

168 1566 336 1610 ΟΜΝιΛ
352 1600 362 1619 ,
391 1568 565 1623 Castor,
589 1567 696 1611 emis
721 1584 729 1610 :
756 1568 817 1612 sic
841 1566 940 1623 fiet,
965 1576 1014 1611 ut
1038 1568 1184 1611 omnia
1210 1565 1385 1610 vendas.

151 1681 337 1720 “scomma
361 1687 396 1720 in
430 1688 544 1721 virum
572 1688 714 1735 inopem
736 1697 770 1722 et

99 1739 335 1784 magnificum.

164 1805 195 1826 1.
210 1792 253 1825 Ut
269 1795 390 1833 omnia,
411 1802 475 1827 etc.
503 1794 622 1836 Quum
643 1803 770 1840 praeter

100 1845 277 1879 facultates
299 1846 409 1879 multa
430 1859 523 1880 emas
544 1848 637 1881 lauta
661 1855 695 1881 et
712 1847 768 1881 ni-

828 1689 1017 1722 Turnebus
1038 1688 1098 1722 lib.
1126 1688 1245 1729 XXV,
1269 1699 1342 1733 cap.
1371 1691 1434 1728 24,
1457 1687 1503 1719 ait

829 1754 863 1775 se
893 1742 976 1775 huic
1006 1742 1154 1774 carmini
1184 1753 1376 1786 appensum
1404 1752 1502 1786 repe·

829 1795 913 1828 risse
933 1802 1190 1840 pentametrum
1211 1795 1248 1827 in
1269 1792 1424 1840 quodam
1445 1805 1503 1826 co-

829 1847 908 1882 dice
929 1860 937 1881 :
960 1848 1022 1881 Nil
1045 1861 1141 1880 uxore
1174 1855 1275 1880 tamen
1303 1846 1415 1879 nudius
1442 1860 1504 1878 esse

99 1896 191 1938 uda,
227 1898 367 1932 tandem
397 1908 545 1945 urgente
577 1900 697 1947 inopia
729 1913 769 1934 eo
825 1908 941 1946 potest.
963 1900 1124 1946 Dispice,
1144 1901 1276 1942 lector,
1297 1912 1400 1945 quam
1420 1912 1504 1933 con-

99 1949 261 1985 devenies
275 1961 315 1986 ut
329 1953 460 1998 cogaris
474 1953 591 1987 omnia
604 1953 769 1988 vendere.

829 1954 961 1987 veniat.
983 1954 1017 1987 F
1016 1953 1177 1987 arnabius.

686 2087 922 2145 XCIX.

556 2233 628 2262 AD
681 2214 1054 2263 CRISPINUM.*

171 2352 246 2394 Sic
276 2350 492 2411 placidum
518 2352 664 2398 videas
689 2370 881 2415 semper,
903 2355 1126 2415 Crispine,
1150 2355 1415 2410 Tonantem;

154 2468 166 2480 '
188 2472 421 2506 Commendat
439 2473 603 2519 Crispino
620 2474 750 2507 librum
763 2500 772 2515 ‚

99 2537 274 2570 eumquea
285 2526 448 2571 Crispino
458 2527 534 2560 vult
545 2527 670 2560 Caesari
680 2540 775 2561 com-

99 2577 267 2612 mendari.
283 2579 467 2624 Crispinus
487 2588 606 2613 autem
626 2580 683 2614 hic
700 2589 774 2614 erat

101 2631 282 2677 ,Egyptius
294 2658 304 2673 ‚
321 2632 381 2678 qui
400 2633 596 2679 plurimum
615 2635 721 2678 gratia
741 2643 773 2667 et

101 2685 255 2727 potentia
268 2686 385 2730 potuit
399 2685 490 2732 apud
508 2686 747 2720 Domitianum
761 2714 768 2728 ,

833 2483 866 2508 et
877 2487 982 2520 quem
993 2475 1115 2508 acerbe
1125 2475 1143 2507 J
1150 2475 1303 2509 uvenalis
1317 2475 1509 2510 momordit

835 2528 928 2561 satir.
947 2541 959 2561 1
973 2553 982 2568 .,
1001 2530 1045 2561 26
1058 2540 1068 2569 ;
1083 2528 1144 2561 ubi
1163 2541 1242 2561 eum
1259 2529 1326 2562 hoc
1341 2529 1511 2563 versiculo

833 2589 952 2622 notat,
971 2593 1101 2626 «quum
1118 2594 1199 2626 pars
1216 2582 1359 2616 Niliacae
1377 2583 1509 2629 plebis,

835 2647 944 2679 quum
965 2647 1072 2667 verua
1093 2635 1229 2680 Canopi
1253 2636 1470 2681 Crispinus.»

894 2700 922 2720 1.
944 2687 997 2721 Sic
1013 2688 1164 2732 placitam
1183 2687 1293 2723 codex
1312 2689 1512 2722 Pulmanni.
