1978 3305
348 218 935 264 EPIGRAMMATUM
973 218 1097 262 LIB.
1138 219 1222 261 VI.

1415 234 1503 280 17.)

233 309 555 369 Dispensatoris
578 306 723 351 nobile
748 307 889 351 cernis
914 321 1038 367 opus.

163 380 281 424 Nam
309 378 524 423 Caeretani
548 376 690 422 cultor
715 377 951 421 ditissimus
973 377 1065 437 agri

233 451 324 493 Hos
353 447 529 492 Hilarus
560 447 691 492 colles
720 457 764 491 et
786 447 889 508 juga
915 445 1011 490 laeta
1038 456 1167 490 tenet.

163 520 344 580 Aspice,
368 534 499 579 quam
527 528 646 562 certo
674 518 823 561 videar
852 533 941 560 non
971 515 1138 577 ligneus
1161 533 1261 572 ore,

231 591 325 634 Nec
353 589 512 632 devota
535 588 642 633 focis
664 588 851 649 inguinis
871 603 994 630 arma
1018 603 1186 648 geram3

160 659 244 704 Sed
273 659 378 703 mihi
400 668 613 720 perpetua
640 673 865 718 nunquam
892 658 1104 700 moritura
1132 673 1338 718 cupresso

231 730 436 774 Phidiaca
463 729 602 790 rigeat
626 727 820 772 mentula
847 727 977 788 digna
1006 743 1151 771 manu.

159 800 330 854 Vicini,
356 816 516 844 moneo
532 835 543 855 ,
566 808 765 843 sanctum
792 796 1008 842 celebrate
1034 798 1239 858 Priapum
1255 833 1266 852 ,

228 872 285 914 Et
309 870 375 914 bis
404 871 592 931 septenis
622 869 786 930 parcite
809 868 1046 929 jugeribus.

87 1018 122 1043 et
137 1009 198 1043 lib.
217 1010 291 1050 ΙΙΙ,
312 1009 421 1055 epigr.
444 1021 558 1050 Lvm,
582 1012 642 1054 47,
662 1017 696 1042 et
713 1021 766 1042 su-

87 1075 150 1108 pra
170 1063 280 1108 epigr.
300 1075 394 1096 xmx.

144 1129 176 1150 2.
195 1116 452 1161 Dispensatoris,
479 1123 542 1148 etc.
566 1114 765 1148 Artificisne

86 1181 214 1202 nomen
227 1195 236 1211 ‚
259 1169 319 1215 qui
340 1167 525 1202 custodem
544 1167 704 1201 effinxit?
721 1180 764 1200 an

87 1222 152 1255 fuit
187 1221 245 1255 hic
287 1221 430 1254 Hilarus
470 1220 688 1266 dispensator
730 1228 764 1253 et

86 1276 200 1308 cultor
222 1275 293 1320 agri
316 1274 488 1308 Caeretani
508 1273 523 1306 Ρ
540 1274 622 1319 Leg.
652 1274 694 1307 51
728 1282 762 1307 et

87 1330 132 1361 62
157 1327 194 1361 ff.
219 1326 263 1360 de
279 1327 535 1360 solutionibus.

139 1380 171 1414 3.
191 1380 363 1420 Coeretanc',
377 1389 442 1414 etc.
462 1380 634 1414 Caeretum
646 1404 655 1418 ,
673 1380 761 1412 Um-

84 1433 169 1467 briae
184 1432 369 1479 oppidum.
382 1431 518 1466 ——Ald.
532 1433 630 1466 Junt.
643 1433 758 1466 Colin.

84 1486 222 1532 Gryph.
267 1487 426 1519 Pulman.
464 1486 576 1519 Plant.
612 1485 755 1518 Junian.

82 1540 192 1584 Lang.
214 1540 340 1585 Delph.
358 1547 423 1573 etc.
444 1539 548 1572 cultor
568 1541 756 1572 notissimus.

82 1592 202 1626 Codex
217 1593 244 1625 F
246 1593 372 1626 lorent.
389 1592 491 1624 cultor
508 1593 690 1626 ditissimus.

136 1651 169 1686 4.
188 1646 258 1678 Hos
272 1646 387 1678 hilares
405 1645 443 1678 in
459 1644 579 1678 codice
595 1645 758 1677 Pulman-

79 1698 128 1732 ni.
146 1699 216 1732 Hos
235 1699 359 1732 Hilaris
378 1697 486 1732 codex
508 1698 534 1731 F
538 1698 665 1731 lorent.

882 1008 915 1041 5.
935 1007 1039 1052 Quam
1059 1015 1163 1048 certo,
1181 1015 1244 1041 etc.
1265 1007 1380 1049 Quam
1393 1006 1437 1041 ad
1449 1008 1502 1041 vi-

823 1074 908 1094 vum
927 1060 1064 1094 effictus
1089 1061 1209 1094 vultus
1221 1086 1230 1102 ,
1247 1073 1319 1093 non
1341 1059 1502 1095 videatur

825 1126 897 1147 esse
917 1126 935 1147 e
950 1113 1056 1158 ligno.

879 1169 913 1199 6.
932 1166 1000 1199 Nec
1021 1166 1131 1199 devota
1145 1166 1241 1209 focis.
1264 1165 1344 1199 Non
1365 1166 1498 1200 urenda

823 1232 890 1265 pro
911 1220 1007 1264 ligno
1030 1217 1128 1252 arido
1150 1228 1184 1252 et
1204 1219 1325 1265 putri3
1347 1232 1499 1265 namque

822 1286 840 1308 e
854 1284 1017 1318 cupresso
1032 1272 1099 1305 illis
1111 1272 1259 1306 vitalitas
1270 1298 1279 1314 ‚
1299 1290 1312 1302 α
1325 1272 1498 1307 Columna

822 1325 866 1359 de
884 1325 958 1359 viva
980 1337 1145 1371 cupresso
1161 1333 1322 1371 generata
1341 1343 1372 1367 a,
1387 1326 1497 1372 epigr.

822 1391 906 1412 xmx
925 1391 1028 1425 supra
1044 1405 1052 1421 ,
1070 1391 1119 1412 vs.
1142 1378 1175 1412 3.

875 1433 907 1466 8.
928 1431 1084 1465 Phidiaca
1106 1433 1231 1476 rIgeat,
1259 1439 1327 1465 etc.
1354 1431 1497 1465 Affabre

818 1486 906 1519 facta
921 1511 930 1526 ‚
950 1493 1115 1531 tanquam
1134 1497 1241 1518 manu
1263 1483 1418 1526 Phidiae,
1433 1485 1493 1518 lib.

818 1539 894 1581 III,
923 1538 1032 1584 epigr.
1069 1551 1176 1580 xxxv,
1204 1545 1238 1571 et
1264 1538 1374 1583 epigr.
1407 1549 1496 1581 nn,

819 1604 923 1637 supra
944 1603 993 1624 vs.
1021 1603 1052 1624 1.

873 1658 908 1689 9.
931 1644 1100 1684 Sanctum,
1131 1652 1196 1678 etc.
1220 1642 1313 1677 Vide
1334 1643 1395 1677 lib.
1417 1644 1492 1684 ΙΙΙ,

819 1697 931 1743 epigr.
952 1709 1035 1731 inx
1049 1723 1058 1739 ‚
1074 1710 1124 1730 vs.
1148 1709 1183 1742 7.

638 1843 935 1900 LXXIV.

537 2007 602 2035 AD
648 2005 994 2035 ESCULANUM.
1018 1985 1038 2003 ⁴²

287 2139 451 2182 Mento
481 2135 697 2181 recumbit
721 2137 832 2180 imus
862 2134 932 2179 ille
961 2136 1035 2196 qui
1062 2134 1198 2189 lecto,

130 2279 143 2292 ⁹
154 2283 300 2317 Calvum
315 2282 514 2327 quempiam
530 2280 750 2322 edentulum,

76 2337 135 2382 qui
148 2336 333 2370 simulabat
343 2348 377 2368 se
387 2334 567 2368 dentatum
578 2361 587 2374 ‚
600 2333 749 2367 mordet.

134 2401 163 2422 ῐ.
183 2387 296 2422 Codd.
320 2388 472 2420 Floreut.
499 2396 533 2420 et
557 2388 664 2420 Palat.
683 2400 747 2433 pro

76 2446 152 2475 imus
172 2442 302 2474 habent
328 2453 427 2479 unus,·
452 2452 529 2485 quae
549 2439 620 2472 duo
643 2441 747 2473 verba

74 2495 259 2540 saepissime
271 2501 464 2539 permutata
481 2493 579 2525 fuere
591 2493 627 2525 iu
642 2491 744 2525 codd.

75 2556 158 2582 vett.
178 2546 270 2580 Vide
293 2548 412 2579 Burm.
435 2544 476 2578 ad
501 2546 659 2590 Propert.
679 2546 742 2581 IV,

77 2603 97 2635 8
110 2627 119 2642 ,
140 2609 221 2645 7‚et
242 2613 306 2633 nos
324 2599 366 2632 ad
390 2599 515 2633 Catull.
533 2598 613 2631 LXI
629 2622 636 2633 .
659 2610 743 2642 171.

75 2675 125 2680 -—
143 2654 249 2686 ,Vedio
268 2653 425 2685 rernmbt't.
446 2653 498 2684 De
516 2664 614 2684 more
636 2659 669 2683 et
688 2663 744 2683 01·-

810 2279 895 2314 dine
917 2282 1018 2314 Rom.
1048 2279 1292 2314 discumbendi
1322 2281 1358 2314 in
1391 2283 1487 2317 lectis

809 2333 853 2366 ad
882 2346 1058 2374 mensam,
1088 2332 1167 2366 vide
1192 2333 1288 2379 Lips.
1322 2334 1382 2368 lib.
1420 2337 1485 2370 III.

809 2387 928 2432 Antiq.
945 2387 1026 2419 lect.
1045 2386 1187 2420 Ciacon.
1208 2385 1251 2420 de
1264 2387 1434 2422 Triclinio
1451 2398 1484 2423 et

808 2440 929 2472 Stuck.
953 2439 1136 2472 Convival.
1160 2440 1207 2472 II.
1221 2441 1375 2474 -Ιιηιις,
1393 2442 1481 2475 Eum

807 2492 1012 2525 accumbere
1045 2492 1081 2524 in
1107 2492 1376 2527 honoratissimo
1403 2495 1482 2528 loco

807 2544 911 2581 dicit:
932 2557 1013 2577 nam
1034 2558 1143 2590 quum
1164 2554 1232 2579 tres
1248 2555 1362 2580 essent
1384 2547 1481 2585 lecti.

805 2599 893 2631 imus
909 2598 990 2632 lecti
1009 2597 1111 2632 'nedii
1124 2599 1220 2632 locus
1236 2608 1308 2633 erat
1329 2600 1480 2634 honora-

804 2651 975 2691 tissimus,
998 2660 1035 2684 nt
1054 2651 1087 2684 in
1108 2651 1338 2697 Symposiacis
1357 2662 1484 2687 auctor
