1978 3305
377 244 958 290 EPIGRAMMATUM
1000 249 1302 291 Llss.v111.
1452 249 1544 311 357

745 400 954 455 LXX.

676 555 739 583 nr:
789 536 1017 584 NRF-vm*

213 676 417 732 QUANTA
443 677 564 736 quies
585 675 766 736 placidi,
787 686 908 720 tanta
928 686 992 720 est
1018 677 1220 722 facundia
1242 681 1281 723 N
1285 696 1421 731 ervae;

281 745 364 789 Sed
389 745 563 790 cohibet
585 747 697 789 vires
723 747 1030 807 ingeniumque
1055 748 1210 808 pudor.

214 816 362 871 Quum
389 816 550 860 siccare
580 832 745 860 sacram
776 815 896 878 largo
921 817 1188 861 Permessida
1215 828 1360 879 posset

282 886 396 940 Ore,
416 886 706 930 verecundam
738 886 889 930 maluit
914 903 1006 931 esse
1032 888 1168 939 sitim;

212 955 393 999 Pieriam
424 958 543 1000 tenui
570 956 757 1000 frontem
785 957 985 1001 redimire
1015 974 1177 1002 corona

282 1028 549 1081 Contentus,
575 1027 701 1071 famae
726 1043 807 1072 nec
832 1027 936 1072 dare
962 1027 1057 1071 vela
1083 1045 1181 1073 suae.

212 1095 296 1140 Sed
327 1105 473 1141 tamen
500 1097 620 1142 hunc
647 1099 783 1142 nostri
813 1099 892 1142 scit
921 1100 1129 1159 temporis
1154 1115 1246 1142 esse.
1273 1098 1517 1153 Tibullum,

284 1168 490 1211 Carmina
521 1169 593 1228 qui
623 1167 738 1212 docti
767 1178 869 1212 nota
894 1169 1082 1212 Neronis
1113 1168 1257 1212 habet.

195 1305 207 1317 ¹
233 1305 366 1339 Laudat
386 1307 436 1340 M.
459 1307 605 1353 Ulpium
628 1307 814 1341 Cocceium

144 1359 294 1392 Nervam
323 1359 384 1405 qui
415 1368 535 1405 postea
569 1354 582 1403 (
604 1372 695 1393 anno
728 1360 812 1393 Chr.

139 1419 210 1445 nat.
235 1413 302 1456 96,
322 1419 464 1446 mortuo
479 1410 722 1453 Domitiano),
744 1414 813 1446 Im-

140 1472 291 1509 perator.
311 1464 377 1498 En.

198 1529 229 1550 1.
254 1518 385 1563 Quanta
407 1520 514 1564 quim,
537 1525 601 1551 etc.
624 1520 736 1563 AEque
764 1518 813 1550 fa-

140 1569 275 1604 cundus
286 1579 319 1604 et
329 1571 482 1604 carmine
495 1568 605 1603 dulcis
621 1579 671 1603 est
680 1570 793 1603 Nerva
806 1596 815 1610 ‚

141 1634 180 1656 ac
202 1623 295 1656 mitis
312 1631 346 1656 et
369 1623 468 1656 lenis.
490 1623 542 1655 De
568 1623 709 1656 lenitate
729 1623 815 1656 Ner-

140 1688 191 1709 vae
206 1700 216 1716 ‚
234 1676 397 1710 Aurelius
415 1676 554 1717 Victor,
576 1675 644 1708 Dio
660 1701 670 1717 ,
689 1676 815 1709 Eutro-

140 1728 237 1774 pius:
253 1728 297 1763 de
312 1729 408 1774 poesi
421 1755 430 1771 ‚
446 1729 572 1762 Noster
580 1728 641 1762 lib.
654 1729 704 1761 IX
715 1753 724 1769 ‚
743 1729 815 1774 epi·

139 1794 285 1826 gramm.
311 1794 432 1824 xxvn;
457 1781 548 1814 Plin.
568 1782 654 1814 Jun.
675 1781 739 1814 lib.
764 1782 811 1821 V,

141 1835 241 1880 epist.
258 1836 293 1876 3;
308 1834 456 1881 Gyrald.
470 1833 550 1867 dial.
566 1835 599 1868 5.
613 1833 707 1875 Quin
720 1834 813 1867 Nero

142 1887 290 1921 Nervam
305 1887 490 1934 appellavit
506 1899 606 1920 suum
619 1887 815 1928 Tibullum3

140 1940 202 1974 lib.
223 1941 274 1974 IX
287 1966 296 1979 ,
319 1941 428 1986 epigr.
445 1952 542 1974 xxvn
557 1966 566 1981 ,
582 1952 631 1973 VS.
654 1952 688 1983 9.

197 1992 229 2025 3.
247 1993 326 2027 Cum
352 1996 469 2026 siccare
503 2005 625 2025 sacrum
663 1993 697 2025 in
731 1991 811 2025 edd.

141 2053 226 2079 vett.
259 2046 462 2080 Lectionem
490 2054 644 2079 nostram
671 2053 814 2078 testatur

142 2098 250 2132 codex
286 2100 483 2133 Pulmanni.
498 2120 549 2125 ——-
565 2098 669 2141 Ouum
698 2101 814 2131 siccare

141 2164 274 2185 sacram.
298 2152 483 2186 Permessis
510 2151 587 2184 fons
615 2150 745 2184 labitur
771 2163 813 2184 ex

142 2203 309 2238 Parnasso
332 2217 339 2238 :
356 2205 424 2239 hoc
446 2213 512 2245 est,
530 2203 667 2238 modice
685 2203 775 2237 bibit
795 2216 813 2237 e

142 2256 237 2290 fonte
264 2257 441 2291 Musarum
458 2283 467 2299 ‚
487 2269 549 2291 seu
566 2269 674 2302 pauca
692 2256 813 2290 scribit

144 2309 297 2342 carmina
314 2335 324 2350 ,
343 2322 454 2355 quum
473 2310 604 2355 alioqui
629 2310 731 2355 plura
747 2335 756 2351 ‚
779 2318 813 2342 et

143 2361 284 2407 quidem
301 2363 436 2408 egregia
455 2362 606 2395 scribere
623 2370 750 2407 posset.

199 2416 232 2448 5.
250 2416 350 2448 Tenui
366 2428 493 2449 corona.
506 2415 556 2447 Ex
571 2413 701 2447 hedera
720 2426 815 2447 nem-

143 2480 206 2512 pe,
225 2480 292 2513 qua
310 2467 456 2501 leviores
473 2475 584 2513 poetae
598 2493 607 2508 ‚
627 2466 814 2512 elegiogra-

143 2520 203 2565 phi
232 2529 265 2554 et
286 2520 598 2566 epigrammatarii3
621 2519 710 2565 epici
734 2531 815 2552 vero

875 1319 1007 1352 querna
1022 1320 1152 1340 corona
1169 1308 1411 1352 cingebantur,
1428 1305 1470 1340 ad
1488 1307 1550 1340 lib.

874 1360 926 1392 IV
940 1385 950 1400 ‚
965 1360 1072 1405 epigr.
1091 1372 1163 1401 mv,
1178 1360 1305 1394 Juven.
1326 1360 1395 1394 Sat.
1412 1372 1450 1392 VI
1469 1385 1479 1400 ‚
1497 1373 1547 1392 vs.

877 1411 962 1446 386.
984 1413 1035 1445 De
1059 1425 1189 1446 corona
1208 1425 1339 1458 querna
1368 1413 1442 1446 fuse
1467 1412 1550 1445 Sca-

872 1464 960 1510 liger
984 1466 1177 1498 Ausonian.
1208 1466 1307 1499 Lect.
1330 1466 1391 1498 lib.
1413 1467 1451 1507 Ι,
1472 1477 1547 1510 cap.

879 1529 932 1551 10.
954 1517 1182 1551 Carminibus
1203 1518 1355 1552 heroicis
1380 1530 1550 1563 quernam

872 1581 1036 1603 coronam
1063 1571 1230 1616 consequi
1251 1578 1388 1616 poterat
1409 1571 1523 1604 Nerva
1540 1597 1548 1610 ‚

872 1622 932 1656 sed
959 1623 1075 1668 elegiis
1096 1632 1128 1656 et
1151 1623 1460 1669 epigrammatibus
1485 1623 1546 1656 he-

872 1674 1050 1709 deraceam
1067 1676 1193 1709 mereri
1212 1676 1292 1709 satis
1308 1675 1441 1709 habuit.

928 1730 960 1761 6.
983 1729 1095 1761 Famae
1110 1742 1165 1761 nec
1184 1729 1256 1761 vela
1272 1729 1358 1762 dare.
1376 1729 1456 1762 Non
1475 1729 1548 1762 col-

871 1781 977 1827 ligere
1003 1793 1167 1823 omnem,
1194 1794 1297 1827 quam
1322 1781 1447 1827 possit,
1480 1794 1545 1814 no—

872 1835 974 1867 minis
991 1834 1238 1868 celebritatem.
1260 1835 1341 1868 Haec
1356 1847 1420 1881 per
1435 1841 1548 1867 trans·

871 1887 1038 1920 lationem
1059 1885 1172 1928 dicta,
1194 1899 1282 1932 pro,
1303 1888 1474 1920 celebrem
1495 1887 1545 1919 fa-

872 1951 949 1973 cere
965 1940 1090 1973 famam
1101 1952 1209 1974 suam.
1221 1941 1353 1984 Ingenio
1366 1940 1439 1972 vela
1450 1939 1541 1977 dar-e,

872 1991 965 2038 apud
991 1991 1095 2026 Ovid.
1119 1992 1208 2026 Fast.
1239 1993 1316 2033 ΙΙΙ,
1346 2004 1437 2037 7903
1461 2001 1543 2025 toni.

872 2046 924 2078 VI
936 2071 945 2086 ,
960 2057 1037 2091 pag.
1055 2058 1125 2078 220
1140 2054 1265 2079 nostrae
1283 2043 1457 2078 editionis.
1471 2061 1484 2074 ‹-
1500 2044 1545 2077 Et

871 2097 932 2131 des
947 2098 1089 2143 ingenio
1102 2098 1176 2131 vela
1193 2096 1346 2132 secunda
1359 2110 1448 2131 meo.
1459 2097 1545 2130 »E1›.

872 2150 1081 2184 —Contenta
1091 2152 1239 2194 estfamae
1249 2150 1414 2184 Beverlan
1421 2149 1455 2183 di
1465 2150 1541 2182 MS.

872 2216 936 2249 pro
956 2212 1096 2249 recepta
1116 2203 1279 2237 lectione.

926 2257 960 2290 8.
981 2255 1130 2289 Carmina
1149 2258 1201 2302 qui
1220 2256 1304 2288 docti
1320 2263 1425 2287 nostra
1447 2254 1544 2287 exhi-

870 2309 929 2342 bet
944 2309 1077 2342 Beverl.
1099 2307 1172 2341 MS.
1200 2308 1351 2341 Carmina
1373 2309 1426 2352 qui
1449 2309 1548 2340 nostri

872 2361 964 2393 docta
985 2360 1093 2394 codex
1113 2360 1310 2394 Pulmanni.
1328 2381 1378 2386 —
1395 2360 1545 2393 Carmina

873 2416 926 2459 qui
952 2413 1055 2453 docti,
1086 2422 1151 2447 etc.
1185 2413 1272 2447 Satis
1298 2420 1419 2445 notum
1450 2411 1501 2445 vel
1529 2425 1547 2445 e

875 2466 980 2499 Persii
1001 2466 1146 2511 satyris,
1166 2465 1352 2500 versiculos
1381 2464 1548 2500 factitasse

876 2518 1061 2553 Neronem.

1253 2722 1330 2774 ass
