1978 3305
356 226 937 270 EPIGRAMMATUM
976 226 1099 268 LIB.
1140 226 1224 267 IX.

1396 222 1490 278 445

230 318 285 359 Et
317 315 460 375 pruris
488 313 652 357 domini
684 330 783 357 cuin
813 312 1065 373 Ganymede
1093 313 1165 355 tui.

164 389 215 429 At
242 402 310 429 me
342 382 530 428 literulas
556 382 674 427 stulti
700 383 886 427 docuere
917 392 1128 444 parentes.

229 455 349 512 Quid
376 471 474 499 cum
502 454 792 514 grammaticis
818 453 1150 513 rhetoribusque
1176 451 1310 495 mihi?

163 528 330 586 Frange
354 524 470 568 leves
493 523 703 575 calamos,
727 533 769 567 et
795 523 966 575 scinde,
986 522 1138 566 Thalia
1154 558 1165 572 ,
1190 520 1376 574 libellos3

231 597 274 639 Si
301 595 403 638 (lare
433 595 567 639 sutori
594 593 763 637 calceus
790 594 869 636 ista
895 603 1048 653 potest.

145 730 178 760 6.
200 728 247 759 Et
263 730 379 772 pruris.
403 726 555 759 Lascivis
578 726 763 769 φιλὸκνισες.

90 794 142 800 -
156 779 233 812 Cum
253 779 446 825 Ganymede.
465 779 517 811 De
547 790 657 823 puero
678 777 764 811 deli·

91 840 186 873 cato,
208 832 269 865 lib.
286 833 330 872 V,
350 832 458 877 epigr.
479 843 550 864 Lvi.

146 897 180 928 7.
200 886 248 918 At
268 897 314 916 me
335 883 485 916 literulas.
510 884 576 916 Per
607 891 763 916 contem-

92 946 193 983 ptum
215 937 325 971 utitur
351 937 418 969 hoc
441 936 568 971 verbo,
588 944 690 981 atque
711 937 763 969 in-

91 1002 191 1023 sanos
208 998 308 1024 vocat
330 998 508 1035 parentes,
531 987 626 1033 quod
646 989 763 1030 illum,

93 1043 253 1086 neglectis
283 1042 480 1087 pecuniosis
511 1041 642 1074 artibus
655 1065 664 1081 ‚
697 1040 763 1074 do-

91 1095 228 1128 cuerint
259 1094 448 1127 nobiliores
478 1094 661 1135 scientias,
688 1107 763 1140 quae

95 1148 227 1180 nullum
249 1148 313 1193 ipsi
333 1147 491 1180 fructum
508 1147 683 1180 afferrent.

145 1214 180 1243 9.
200 1201 231 1233 F
231 1213 328 1244 range
344 1200 432 1232 leves.
447 1199 505 1233 Sic
521 1199 625 1234 etiam
636 1200 656 1231 J
660 1212 762 1232 uven.

92 1252 160 1285 Sat.
197 1265 270 1294 vn,
291 1265 339 1285 vs.
371 1255 415 1287 28
435 1264 443 1285 :
467 1269 480 1281 α
505 1252 638 1297 Frange
658 1252 764 1286 miser

92 1305 255 1342 calamos,
270 1305 479 1350 vigilataque
491 1305 610 1350 praelia
629 1303 707 1337 dele
723 1322 736 1333 n
753 1317 764 1345 ;

826 726 892 758 hoc
912 733 982 765 est,
1000 725 1030 757 O
1047 725 1166 765 Musa,
1182 724 1291 769 abjice
1309 724 1421 757 studia
1434 750 1443 765 ‚
1455 724 1497 757 si-

824 776 968 823 quidem
995 777 1073 823 plus
1102 775 1244 822 prodest
1275 789 1328 810 ars
1354 777 1495 810 sutoria.

824 829 926 864 Haud
946 830 1060 863 minus
1079 842 1185 863 suave
1198 837 1232 862 et
1248 830 1445 862 luculenter
1459 830 1494 862 in

825 883 966 916 Anthol.
983 883 1043 916 lib.
1058 883 1093 921 I,
1109 895 1182 928 cap.
1198 894 1251 927 17.
1273 874 1404 927 ὄργανα
1420 895 1496 927 μου·

824 937 924 976 σάω-ι,
946 935 989 968 τὰ
1010 937 1192 969 πολύστονα
1214 933 1324 977 βιῧλία
1345 939 1495 968 πωλῶ....

823 986 970 1032 Πιερίδες
984 989 1152 1029 σώζοισθε,
1165 1001 1195 1020 γ..
1208 1001 1240 1021 τ.
1255 992 1285 1020 λ.
1300 987 1344 1021 Et
1354 988 1496 1021 Nostras

823 1042 958 1075 Boileau
969 1069 978 1082 ,
993 1050 1056 1075 sat.
1077 1053 1147 1074 vul
1166 1052 1173 1073 :

826 1105 988 1129 Premis-moi
998 1103 1021 1128 le
1030 1104 1080 1128 bon
1090 1104 1157 1137 parti
1167 1122 1173 1130 .
1182 1102 1292 1127 laisse-lii
1301 1109 1356 1127 tous
1366 1102 1402 1127 les
1410 1102 1496 1127 livres.

826 1153 891 1175 (tent
904 1151 988 1175 francs
999 1159 1030 1174 au
1042 1151 1131 1174 ‹lenier
1147 1150 1207 1183 cinq
1216 1168 1223 1181 7
1237 1149 1354 1174 combien
1366 1150 1468 1174 sont-ils
1479 1152 1486 1172 Γ

894 1212 928 1216 -
942 1198 1020 1230 Vingt
1038 1196 1124 1221 lieres.
1135 1198 1185 1222 En.

881 1263 938 1284 10.
965 1251 1085 1283 δαῖον-ἰ.
1113 1250 1182 1283 Pro
1216 1250 1283 1283 hoc
1313 1262 1382 1295 quae
1411 1257 1499 1282 sutor

824 1304 1059 1342 Pulmannus,
1080 1303 1180 1336 male.

670 1429 920 1484 LXXV.

485 1569 549 1595 DE
593 1568 810 1596 EFFIGIF.
850 1546 1108 1595 CAR10N1.*

164 1686 399 1729 EFFIGIEM
425 1694 594 1728 tantum
622 1685 744 1745 pueri
769 1685 936 1745 pictura
961 1684 1145 1728 Camoni

234 1756 410 1807 Servat,
437 1765 480 1798 et
503 1755 678 1799 infantis
701 1755 840 1815 prima
863 1752 1003 1816 figura
1026 1763 1184 1797 manet.

165 1823 384 1868 Florentes
409 1824 528 1868 nulla
550 1827 736 1886 signavit
762 1827 947 1886 imagine
974 1823 1140 1877 vultus,

236 1896 352 1938 Dum
379 1896 502 1939 timet
526 1912 602 1939 ora
627 1897 723 1956 pius
749 1905 869 1940 muta
892 1895 1038 1938 videre
1060 1904 1194 1955 pater.

148 2024 160 2036 ”
179 2029 229 2061 De
247 2028 406 2062 Gamonio
420 2043 519 2074 puero
533 2029 672 2063 Thuan.
686 2030 768 2062 Pul·

97 2093 243 2114 mannus
263 2082 315 2114 De
338 2081 485 2116 Gamono
498 2095 608 2127 puero.

147 2156 198 2159 —
228 2135 488 2168 Defunctorum
519 2135 686 2181 imagines
712 2147 768 2168 ca-

96 2186 206 2219 ritatis
227 2195 261 2220 et
285 2188 466 2221 memoriae
493 2200 575 2233 ergo
601 2188 667 2221 sibi
692 2188 770 2221 fieri

96 2239 262 2273 curabant
277 2240 528 2286 servabantque
541 2241 697 2274 Veteres.
709 2241 771 2274 Pa-

97 2299 148 2324 ter
178 2292 324 2325 Camoni
356 2291 585 2327 adolescentis
614 2294 770 2328 vicennis

97 2345 246 2377 emortui
269 2344 455 2389 imaginem
481 2347 650 2391 expressit
664 2373 673 2387 ,
693 2359 769 2379 non

96 2396 238 2441 quidem
258 2397 293 2429 in
309 2397 371 2430 illo
387 2398 493 2431 aetatis
509 2398 594 2432 flore
605 2425 614 2439 ,
633 2411 678 2432 ne
693 2407 769 2431 tan·

98 2458 138 2482 tae
156 2450 230 2494 spei
245 2450 384 2494 juvenis
403 2460 561 2495 aspectus
580 2450 768 2484 immodico

98 2501 219 2535 dolore
231 2511 363 2548 patrem
377 2503 529 2537 afficeret
539 2529 548 2544 ‚
558 2503 618 2536 sed
628 2504 770 2537 infantis

829 2030 916 2062 tium
932 2040 940 2061 ε
966 2030 1073 2065 Αὐτὴν
1091 2026 1265 2065 &affirm
1283 2032 1297 2063 ὁ
1316 2031 1477 2075 ζωγράφος
1491 2052 1500 2069 ,

829 2091 896 2116 etc.
918 2081 979 2115 lib.
998 2082 1052 2114 ΙΙΙ
1065 2082 1302 2127 Anthologiae‚
1319 2095 1394 2128 cap.
1416 2096 1472 2117 12.

885 2151 914 2168 1.
934 2134 1071 2168 Gamoni
1086 2134 1292 2168 Beverlandi
1304 2135 1378 2169 MS.

887 2201 918 2221 2.
934 2188 1045 2220 Prima
1052 2186 1177 2232 figura.
1197 2189 1238 2220 In
1257 2187 1330 2221 MS.
1359 2189 1498 2222 Grono-

829 2241 905 2274 vius
916 2241 1067 2281 invenit,
1077 2239 1246 2285 parvafig.
1261 2248 1295 2273 et
1305 2241 1417 2286 placet
1427 2267 1436 2282 ‚
1449 2251 1498 2275 est

829 2293 920 2326 enim
939 2293 1123 2338 hypallage
1142 2306 1206 2338 pro
1220 2295 1321 2337 parvi.
1340 2294 1498 2327 Alterum

829 2346 908 2379 satis
926 2353 976 2378 est
997 2345 1116 2379 haberi
1138 2346 1245 2391 epigr.
1266 2359 1388 2379 Lxxvn
1409 2347 1499 2380 infra

825 2399 1100 2443 primaquesorma
1111 2399 1189 2441 suit.
1208 2398 1357 2433 Scunssv.
1368 2400 1501 2432 -Maev-

829 2464 886 2483 nus
905 2450 1110 2484 Beverlandi
1131 2451 1202 2484 MS.

884 2502 916 2535 3.
931 2503 1104 2536 Florentes.
1129 2506 1262 2544 sEtate‚
1283 2504 1357 2538 scil.
1378 2505 1500 2550 viginti

98 2555 209 2588 forma
225 2555 377 2596 effinxit,
393 2569 463 2602 quo
477 2555 671 2590 recordatio
682 2556 773 2589 foret
832 2568 1015 2591 annorum.

99 2608 216 2641 minus
233 2608 378 2654 ingrata.
396 2608 488 2642 Vide
502 2618 535 2643 et
551 2609 632 2642 huic
651 2609 772 2642 confer

100 2660 310 2705 epigramma
337 2674 486 2706 graecuin
510 2663 610 2707 cujus
641 2661 677 2695 id
704 2662 770 2695 ini-

887 2614 920 2649 4.
935 2609 1040 2642 Muta.
1058 2610 1198 2643 Pictura
1213 2610 1305 2643 enim
1322 2618 1436 2652 muta;
1450 2612 1502 2645 vel

831 2661 910 2707 quia
931 2662 1078 2696 infantes
1100 2675 1170 2696 non
1192 2663 1396 2708 loquuntur.
