1978 3305
421 233 483 291 74

788 231 850 274 M.
877 231 1016 273 VAL.
1056 229 1449 273 MARTIALIS

488 316 606 373 Quid
631 316 707 360 tibi
735 316 803 360 vel
833 315 1028 372 Nioben,
1055 318 1207 371 Basse,
1223 314 1292 359 vel
1320 315 1687 360 Andromachen?

418 387 601 430 Materia
633 396 720 440 est,
743 386 850 430 mihi
876 385 1028 441 crede,
1052 386 1137 430 tuis
1164 386 1388 447 aptissima
1416 385 1580 430 chartis

488 455 756 512 Deucalion3
777 455 870 510 vel,
893 457 927 500 si
955 472 1044 499 non
1072 455 1216 517 placet
1243 456 1343 512 hic,
1369 455 1611 500 Phaethon.

474 606 507 627 2.
535 593 608 638 Quo
636 593 695 626 tibi
718 594 775 626 vel
798 593 946 635 Nioben,
964 593 1065 627 Basse
1080 620 1090 634 ,

418 647 473 679 vel
489 646 749 680 Andromedem?
773 645 810 679 in
838 645 918 680 cod.
938 646 1091 681 Florem.

421 699 495 742 Quo
511 699 568 732 tibi
585 699 640 731 vel
652 698 774 740 Niobe,
799 699 900 732 Basse
914 726 925 740 ‚
949 700 1005 732 vel
1019 701 1093 734 An-

417 751 612 784 dromache?
637 751 673 785 in
700 750 780 786 cod.
802 752 912 786 Palat.
941 760 976 786 et
1005 753 1091 786 aliis.

421 804 514 848 Quid
541 804 596 837 tibi
628 805 684 837 vel
711 805 858 845 Nioben,
882 806 985 839 Basse
999 832 1009 847 ,
1039 807 1095 838 vel

417 856 693 891 Andromachen?
722 857 758 891 in
790 857 943 903 quodam
970 857 1092 893 codice

417 909 511 955 apud
530 911 754 957 Cagnerium.
773 911 865 956 Quid
874 911 932 944 tibi
946 912 1003 945 vel
1014 911 1093 945 Nio-

417 963 466 1004 be,
482 963 600 1005 Basse,
620 965 677 997 vel
692 964 942 998 Andromache?
960 965 998 999 in
1017 963 1092 999 edi-

418 1015 515 1050 tione
525 1017 632 1063 antiq.
644 1017 672 1051 F
673 1029 781 1052 errar.
795 1018 877 1051 anni
890 1030 903 1051 1
913 1022 960 1063 47
969 1017 1091 1060 13A1d.

414 1069 513 1103 Junt.
533 1069 649 1104 Colin.
669 1070 807 1117 Gryph.
829 1071 1015 1105 Pulmann.
1032 1071 1093 1104 Ju-

416 1122 510 1155 nian.
529 1123 639 1157 Plant.
661 1124 768 1169 Lang.
793 1124 921 1170 Delph.
942 1124 1091 1158 Farnab.

416 1175 500 1208 aliis.
533 1176 607 1220 Quo
632 1176 690 1209 tibi
710 1178 766 1210 vel
790 1177 914 1210 Nioben
931 1205 940 1219 ‚
963 1178 1064 1211 Basse
1080 1205 1089 1218 ,

415 1228 471 1260 vel
483 1228 753 1263 Andromachen?
766 1230 939 1264 Gruterus
954 1244 962 1271 ;
987 1243 1091 1277 quem

416 1282 552 1327 sequuti
572 1291 654 1316 sunt
675 1283 869 1317 Scriverius
892 1293 926 1317 et
950 1283 1090 1319 Schrev.

416 1333 493 1367 Hoc
523 1335 600 1368 loco
632 1335 773 1370 tandem
801 1335 882 1371 edd.
909 1337 1092 1383 Bipontini

416 1395 549 1420 textum
570 1387 854 1423 Schrevelianum
868 1403 939 1423 non
950 1403 1092 1436 recepe-

416 1448 522 1481 runt,
544 1439 623 1475 data
643 1442 794 1476 lectione
813 1442 943 1477 codicis
960 1443 1092 1490 Cagne-

415 1492 471 1526 rii.
501 1514 551 1520 —
585 1495 676 1540 Quid
701 1495 758 1528 tibi
784 1497 838 1528 vel
863 1497 990 1537 Niobe,
1025 1505 1090 1530 etc.

1152 593 1250 636 Quid
1275 593 1341 627 tibi
1359 592 1502 626 materia
1526 600 1578 627 est
1597 593 1739 627 Niobe?
1758 594 1828 627 Alii

1152 647 1271 692 legunt
1302 645 1427 681 Nioben
1462 653 1497 679 et
1531 646 1802 692 subintelligunt
1817 672 1827 688 ,

1152 702 1280 746 scriptio
1299 708 1366 740 est,
1388 698 1464 732 scil.
1483 698 1570 744 quid
1591 699 1729 733 Nioben
1749 701 1828 732 scri-

1152 753 1229 786 bis?
1245 761 1285 786 ut
1308 753 1421 786 Plaut.
1450 752 1567 785 Aulul.
1601 767 1614 779 «
1638 751 1734 794 Quid
1766 752 1829 786 tibi

1151 818 1264 840 meam
1278 805 1382 839 tactio
1396 803 1468 838 est?
1481 821 1494 834 ›-
1517 804 1613 847 Quid
1630 818 1743 839 meam
1757 813 1830 838 tan·

1150 862 1228 904 gis?
1258 858 1325 893 Sed
1355 858 1499 892 Gruter.
1533 858 1665 892 mavult
1704 859 1830 891 elicere

1151 924 1290 946 sensum
1308 925 1349 946 ex
1365 911 1489 944 Horat.
1514 928 1528 941 ι
1549 911 1630 954 Quo
1647 911 1734 945 mihi
1756 911 1830 944 for-

1153 973 1275 1006 tunas,
1307 965 1335 999 si
1358 977 1431 998 non
1468 963 1673 998 conceditur
1700 963 1784 998 uti?
1811 981 1824 993 u

1152 1030 1262 1063 quum
1279 1018 1337 1052 alii
1352 1018 1473 1063 legunt
1484 1018 1633 1060 sor-tana.
1649 1018 1683 1051 J.
1699 1017 1829 1051 Grute-

1151 1084 1230 1105 rum
1259 1081 1428 1117 sequutus
1456 1078 1509 1106 est
1529 1069 1640 1104 Scriv.
1673 1070 1747 1115 Quo
1774 1070 1830 1102 tibi

1150 1125 1206 1157 vel
1216 1125 1319 1159 Niobe
1330 1150 1341 1167 .,
1359 1137 1423 1159 nec
1439 1126 1513 1160 sine
1528 1123 1732 1158 auctoritate
1747 1121 1827 1157 cod.

1151 1178 1258 1212 Palat.
1279 1187 1313 1212 et
1338 1179 1380 1212 al.
1404 1178 1497 1213 Vide
1517 1177 1675 1211 Gronov.
1699 1175 1743 1210 ad
1770 1176 1830 1210 Se-

1152 1244 1246 1265 necae
1268 1232 1350 1265 Nat.
1373 1233 1505 1274 Quaest.
1521 1232 1557 1272 I,
1587 1233 1643 1264 16.

1207 1286 1240 1319 3.
1264 1285 1405 1318 Materia
1421 1294 1476 1318 est.
1499 1283 1728 1329 Argutissime
1744 1294 1829 1328 poe-

1152 1346 1195 1371 tae
1213 1339 1304 1371 malo
1322 1338 1430 1372 dictat
1452 1337 1632 1372 materiam
1649 1335 1832 1375 carminis,

1154 1391 1208 1424 vel
1244 1392 1520 1432 Deucalionem,
1548 1390 1603 1423 vel
1631 1389 1830 1422 Phaethon-

1154 1452 1224 1478 tem
1242 1457 1251 1478 :
1271 1457 1337 1490 qua
1362 1453 1481 1478 monet
1495 1443 1646 1477 carmina
1665 1441 1758 1486 Bassi
1777 1439 1830 1473 di-

1153 1510 1220 1543 gna
1239 1510 1311 1531 esse
1326 1524 1335 1538 ,
1355 1499 1407 1531 vel
1429 1497 1526 1543 aquis
1541 1523 1549 1537 ‚
1569 1496 1622 1529 vel
1644 1493 1803 1528 flammis.

1042 1643 1198 1700 LIV.

745 1802 809 1829 nr,
850 1801 1102 1830 RHETORI&
1140 1779 1503 1831 APOLLON10.*

557 1927 930 1971 ExTEMponALls
957 1926 1096 1970 factus
1122 1936 1186 1970 est
1212 1942 1333 1970 meus
1357 1925 1549 1974 Rham-3

555 1994 843 2057 Calpurnium
878 2013 965 2041 non
993 1997 1191 2058 scripsit,
1217 2006 1260 2041 et
1288 1995 1504 2040 salutavit.

472 2132 485 2146 *
508 2135 714 2180 Apollonius
741 2136 799 2181 qui
830 2135 937 2169 modo
957 2130 1090 2181 (epigr.

418 2200 492 2221 χχιι
509 2201 604 2234 supr.
620 2183 632 2231 )
648 2190 774 2234 scripsit
787 2197 818 2222 et
830 2189 960 2222 edidicit
971 2216 978 2229 ‚
996 2201 1091 2223 nunc

415 2249 552 2274 tantum
566 2242 736 2287 profecit,
754 2250 794 2276 ut
811 2254 922 2276 unum
939 2243 1091 2288 aliquem

415 2294 519 2327 etiam
535 2294 615 2327 (luri
628 2295 780 2328 nominis
794 2296 902 2341 possit
920 2297 1071 2329 salutare
1083 2321 1091 2337 ‚

418 2359 483 2379 nec
501 2356 614 2380 tamen
633 2348 820 2393 scripserit.
838 2349 933 2382 Iron.
952 2350 1002 2382 De
1023 2350 1093 2382 rhe-

418 2407 483 2432 tore
500 2401 686 2445 Apollonio.
710 2402 851 2443 Scribe,
873 2402 1068 2447 Apollodoto
1081 2429 1089 2442 ,

418 2460 454 2485 ut
470 2466 572 2499 supra
585 2480 594 2494 ,
611 2467 688 2500 pag.
709 2454 831 2488 33.—-
844 2451 962 2498 Hujus
981 2456 1091 2501 epigr.

418 2505 601 2539 lectionem
622 2520 693 2540 non
710 2509 841 2541 variant
863 2508 1000 2543 codices
1019 2522 1091 2542 ma-

420 2560 610 2605 nuscripti,
631 2569 687 2593 ant
709 2561 788 2594 libri
814 2561 983 2606 impressi.

475 2624 501 2645 ῐ.
544 2614 788 2658 Ι<Ῐ,ι·Ιιίη[)υι-ιιΙί.ν.
827 2615 930 2648 Poeta
969 2614 1090 2649 irridet

420 2666 639 2709 Apollonium
658 2668 833 2701 rhetorem
845 2693 854 2709 ‚
870 2667 913 2701 ‹le
926 2681 997 2713 quo
1013 2682 1090 2713 sup.

1152 2137 1263 2182 epigr.
1284 2148 1382 2177 xx11,
1402 2135 1464 2181 qui
1487 2134 1574 2168 adeo
1596 2133 1743 2167 infelicis
1760 2143 1831 2167 erat

1153 2189 1328 2222 memoriae
1342 2214 1350 2229 ,
1367 2197 1405 2222 ut
1421 2188 1561 2221 nomina
1580 2200 1702 2220 eorum
1718 2212 1727 2227 ‚
1745 2200 1832 2233 quos

1154 2251 1227 2276 crat
1255 2242 1466 2275 salutaturus
1482 2268 1490 2281 ,
1515 2241 1702 2281 scriberet,
1731 2248 1769 2273 ut
1794 2253 1831 2274 ea

1154 2295 1356 2329 memoriter
1384 2294 1660 2340 edisceret2jam
1694 2305 1777 2326 vero
1805 2293 1832 2326 is

1155 2357 1290 2382 tautum
1306 2346 1552 2381 exercitatione
1566 2347 1766 2392 profectum
1783 2345 1831 2380 se-

1153 2411 1265 2443 cerat‚
1289 2411 1327 2435 ut
1349 2414 1389 2435 cx
1411 2410 1569 2447 tempore
1595 2400 1748 2446 aliquem
1769 2412 1831 2432 no-

1153 2456 1284 2489 minare
1321 2463 1435 2500 posset
1456 2481 1465 2494 ‚
1494 2454 1556 2487 etsi
1598 2466 1724 2486 nomen
1758 2453 1833 2497 ejus

1151 2518 1250 2542 antea
1270 2521 1341 2541 non
1361 2509 1554 2553 scripserat.
1577 2505 1833 2551 Extemporalis

1151 2561 1283 2595 dicitur
1301 2561 1361 2607 qui
1381 2560 1486 2602 dicit,
1505 2568 1563 2594 aut
1588 2559 1669 2593 facit
1688 2573 1726 2591 ex
1747 2566 1832 2591 tem—

1151 2628 1258 2661 pore,
1273 2627 1342 2648 non
1365 2623 1522 2661 paratus;
1541 2612 1638 2658 quod
1664 2612 1754 2646 Gau.
1777 2624 1833 2643 vo-

1152 2677 1226 2701 runt
1249 2691 1257 2703 ,
1277 2671 1460 2712 impromptu
1473 2695 1479 2703 ,
1503 2668 1747 2711 ιἠψνιινιζνηίνιιν.
1766 2665 1829 2697 En.
