1978 3305
435 245 534 292 586

802 247 863 289 Μ.
885 247 1030 290 VAL.
1073 248 1470 292 MARTIALIS

1046 397 1229 454 VIII.

793 546 862 575 DE
900 546 1090 575 BAsus
1128 547 1218 577 sni
1258 527 1485 577 puisun*

500 671 651 714 LAssA
674 668 791 731 quod
817 669 985 712 externi
1010 669 1177 728 spirant
1198 668 1482 730 opobalsama
1504 668 1655 715 drauci
1670 706 1681 723 ‚

572 738 738 784 Ultima
768 738 886 801 quod
909 755 1047 784 curvo
1076 756 1173 801 quae
1201 740 1316 784 cadit
1347 755 1453 784 aura
1479 756 1633 796 croco,

504 811 639 854 Poma
668 809 786 871 quod
816 810 1012 872 hyberna
1042 812 1381 856 maturescentia
1412 827 1567 873 capsa,

572 880 742 925 Arbore
762 881 881 942 quod
909 897 1043 925 verna
1068 881 1314 927 luxuriosus
1339 898 1466 943 ager,

503 953 572 995 De
600 951 821 997 Pallatinis
845 952 1033 996 dominae
1060 952 1177 1013 quod
1204 954 1341 997 serica
1369 952 1535 1013 praelis,

486 1086 502 1102 '¹
521 1088 578 1123 Sic
595 1089 669 1123 aliae
687 1088 766 1123 edd.
783 1089 828 1121 ad
840 1089 992 1123 Sabinum
1011 1088 1110 1122 addit
1169 1090 1267 1134 juvat
1288 1097 1387 1122 notas
1408 1089 1629 1134 subjunxisse
1650 1089 1795 1123 Antonii
1817 1089 1854 1122 dc

434 1143 535 1177 Barb.

491 1208 524 1230 Ι.
538 1196 687 1229 Externi.
709 1195 780 1228 Alii
800 1196 955 1236 hesterni,
979 1194 1015 1228 id
1038 1203 1110 1234 est,

432 1250 508 1295 ejus
529 1249 592 1295 qui
618 1256 721 1282 nocte
743 1249 919 1294 praeterita
945 1248 1113 1292 ἐκοίμασε.

435 1323 485 1328 —
504 1303 606 1335 Lassa
628 1302 715 1348 qnod
724 1329 733 1342 ,
752 1310 819 1336 etc.
849 1319 863 1332 «ι
878 1301 978 1336 Nihil
999 1309 1115 1348 potest

434 1355 543 1401 magis
570 1355 706 1389 fatuum
733 1355 800 1389 hac
822 1355 997 1401 scriptura
1024 1353 1112 1388 dari.

435 1410 584 1442 Draucus
608 1421 680 1442 non
714 1416 766 1443 est
797 1421 886 1454 puer
915 1407 1084 1442 delicatus
1103 1434 1113 1448 ‚

432 1461 494 1496 sed
511 1462 604 1495 hene
622 1469 657 1495 et
676 1461 827 1495 nimium
846 1461 912 1495 vir.
934 1460 1032 1504 Quid
1053 1474 1115 1495 au-

434 1524 506 1549 tem
528 1515 670 1550 suavius
689 1515 820 1549 habent
841 1514 968 1549 odores
988 1515 1026 1548 in
1053 1514 1115 1547 ali-

434 1581 505 1614 quo
535 1568 688 1603 Asiatico
704 1594 714 1610 ‚
746 1568 870 1603 Graeco
887 1594 897 1610 ‚
925 1568 1091 1614 [Egyptio
1106 1595 1116 1609 ,

434 1634 539 1668 quam
568 1620 720 1655 Italico?
744 1622 838 1667 Ergo
860 1621 1042 1656 sufficiunt
1061 1622 1115 1654 lte-

436 1678 545 1708 stcrm'.
566 1675 688 1709 Nihilo
707 1675 833 1709 melius
850 1687 858 1709 :
878 1683 939 1708 aut
956 1674 1005 1709 ait
1021 1674 1115 1708 enim

435 1728 617 1763 evanuisse
632 1728 732 1762 illum
750 1727 899 1763 odorem
914 1736 976 1762 aut
988 1726 1118 1762 sudore

436 1791 496 1816 aut
516 1794 645 1828 spurco
667 1795 774 1828 opere
800 1790 1010 1828 corruptum
1030 1793 1115 1815 esse.

435 1836 604 1870 Praeclare
623 1847 709 1869 vero
734 1834 843 1869 codex
864 1835 1018 1881 scriptus
1039 1834 1117 1868 Pir-

435 1889 604 1923 cheimeri
623 1888 677 1922 vel
698 1887 970 1922 Arondellianus
989 1902 994 1921 :
1020 1906 1033 1918 «
1054 1888 1118 1921 La-

435 1952 498 1988 psa
517 1940 614 1988 quod
637 1942 790 1976 externis
813 1942 948 1987 spirant
971 1942 1116 1987 opobal-

434 2007 526 2030 sama
562 1995 710 2029 truncis.
740 2012 753 2025 n
794 1993 900 2037 Quod
939 1994 1029 2028 nihil
1067 2003 1117 2028 est

435 2061 558 2095 quam,
573 2048 631 2082 illa
644 2048 826 2094 peregrina
841 2056 875 2081 et
891 2048 1025 2081 exotica
1035 2060 1118 2093 opo-

434 2103 597 2136 balsama.
620 2101 677 2135 Sic
697 2102 827 2136 Seneca
849 2114 856 2135 :
882 2119 896 2131 κ
923 2101 1028 2135 Dives
1055 2103 1117 2134 Sa-

436 2155 520 2189 baeis
556 2155 691 2201 colligit
717 2155 850 2189 truncis
874 2154 1062 2189 Arabs.»v
1066 2153 1115 2188 id.

438 2209 635 2243 Diatriben.
654 2226 667 2238 ›-
689 2208 831 2244 Gronov.
843 2209 1004 2241 -Lassa
1020 2209 1115 2254 quod.

438 2262 546 2304 Quod
560 2262 658 2296 olent
675 2263 757 2296 trita
770 2270 804 2296 et
817 2261 914 2308 quasi
934 2261 1019 2295 fessa
1035 2273 1119 2307 opo-

436 2316 587 2350 balsama
621 2314 761 2350 delicati
798 2315 905 2362 pueri
941 2327 982 2348 ex
1014 2315 1092 2347 Asia
1106 2340 1115 2353 ,

437 2369 571 2403 Graecia
583 2395 592 2410 ‚
612 2369 667 2403 vel
682 2371 836 2415 AEgypto
853 2370 1000 2402 Romam
1017 2367 1119 2402 adve-

434 2422 492 2456 cti.
511 2421 596 2457 Vid.
615 2435 735 2468 supra.

491 2489 523 2511 ιι.
542 2476 610 2510 Hlt.
632 2476 768 2523 Corycio
787 2474 867 2509 edd.
892 2483 975 2509 vett.
999 2475 1114 2509 Maitt.

433 2537 467 2562 et
484 2529 630 2563 Farnab.
649 2529 823 2564 Gruterus
845 2541 884 2562 ex
904 2528 1041 2574 optimo
1057 2540 1115 2561 co-

434 2581 512 2615 dice
529 2580 725 2622 (Palatino)
747 2581 884 2616 induxit
904 2582 989 2629 quot!
1007 2594 1111 2615 curn-0.

435 2637 477 2669 At
505 2644 724 2669 tentaverant
749 2636 833 2669 xarii
859 2636 950 2669 varie
972 2649 980 2677 3
1001 2647 1116 2680 neque

434 2689 525 2722 enini
549 2689 703 2734 placebat
725 2689 804 2723 satis
831 2689 975 2722 (vn-icio.
996 2689 1039 2722 Et
1059 2688 1114 2722 hic

1173 1142 1276 1189 Rooy,
1295 1150 1403 1188 atque
1419 1142 1604 1176 Gronovii.
1620 1143 1674 1176 En
1687 1142 1832 1176 Antonii
1846 1169 1854 1183 ‚

1172 1207 1250 1241 quae
1262 1193 1406 1241 quidem
1420 1207 1437 1228 a
1451 1194 1652 1230 Schrevelio
1669 1194 1853 1242 profluxit.

1175 1258 1190 1273 “
1203 1248 1359 1282 Grutero
1383 1256 1586 1294 praeeunte,
1607 1248 1758 1283 Scriver.
1781 1247 1855 1282 edi-

1173 1300 1225 1335 dit
1251 1301 1338 1348 quod
1363 1314 1468 1335 curvo.
1491 1300 1578 1344 Sed,
1598 1301 1774 1348 quidquid
1797 1302 1855 1336 hic

1172 1354 1282 1388 dictet
1300 1355 1408 1389 Palat.
1428 1353 1537 1388 codex
1550 1381 1559 1397 ‚
1576 1367 1648 1388 non
1670 1363 1759 1401 puto
1781 1367 1856 1389 eam

1173 1409 1251 1442 lect.
1273 1420 1292 1441 a
1311 1408 1481 1442 Martialis
1502 1420 1611 1442 manu
1636 1420 1708 1443 esse
1735 1408 1854 1455 profe-

1173 1469 1274 1495 ctam.
1291 1461 1464 1503 Quamvis
1485 1461 1623 1508 Cor-fcio
1637 1473 1780 1496 movere
1799 1461 1856 1495 vix

1174 1515 1305 1556 ausim,
1325 1514 1451 1548 dubito
1473 1521 1591 1549 tamen
1615 1527 1658 1548 an
1687 1527 1760 1548 non
1786 1514 1857 1549 huc

1174 1568 1352 1602 intrusum
1381 1580 1399 1600 a
1431 1580 1539 1602 manu
1566 1567 1767 1613 glossatoris
1795 1566 1858 1601 ali-

1174 1623 1284 1666 cujus.
1302 1621 1452 1655 Tentavi
1469 1621 1557 1668 quod
1568 1621 1677 1668 Lycio.
1698 1621 1788 1663 Quae
1806 1629 1857 1654 ta-

1176 1686 1256 1708 men
1277 1676 1482 1721 conjectura
1497 1673 1526 1709 si
1544 1674 1662 1708 minus
1681 1674 1856 1715 arriserit,

1175 1726 1257 1762 vide
1279 1741 1323 1761 an
1345 1727 1504 1773 sequenti
1534 1728 1655 1761 album
1685 1727 1858 1762 calculum

1176 1780 1327 1828 adjicere
1350 1781 1450 1815 malis
1466 1806 1475 1823 ‚
1499 1780 1587 1828 quod
1605 1780 1711 1815 Cilici.
1731 1798 1745 1811 n
1766 1780 1858 1815 Gro-

1176 1835 1319 1868 novius:
1335 1853 1348 1865 ‹=
1359 1835 1467 1868 Recte
1485 1833 1774 1881 Gruterus,quod
1789 1846 1858 1867 cur·

1178 1901 1235 1927 ‡·0,·
1256 1897 1291 1922 et
1315 1887 1364 1921 sic
1392 1887 1495 1921 etiam
1522 1887 1857 1922 Pircheimerianus.

1176 1939 1243 1975 Sed
1275 1941 1366 1974 male
1391 1940 1570 1986 explicant
1607 1939 1652 1974 de
1683 1940 1860 1975 referente

1176 1995 1295 2028 nescio
1327 2007 1416 2041 quos
1453 2006 1582 2027 curvos
1612 2006 1712 2028 arcus
1727 2019 1737 2035 ‚
1773 1993 1859 2028 dum

1176 2047 1269 2082 cadit
1294 2048 1331 2081 in
1359 2047 1509 2081 theatro.
1543 2049 1658 2080 Immo
1690 2060 1783 2080 curvo
1808 2054 1859 2081 est

1177 2109 1410 2135 marcescente
1421 2109 1454 2134 et
1467 2100 1607 2134 ultimas
1617 2099 1801 2134 emittente
1811 2100 1860 2134 vi·

1177 2167 1241 2187 res.
1266 2153 1416 2187 Ovidius
1434 2165 1441 2185 τ
1462 2171 1475 2183 «
1491 2152 1650 2187 Marcida
1671 2151 1856 2187 demittam

1177 2207 1294 2240 subito
1309 2215 1415 2253 caput
1428 2207 1485 2239 illa
1499 2215 1716 2252 gravatum.·v
1733 2208 1858 2247 Recte;

1178 2269 1211 2294 et
1229 2260 1301 2294 vid.
1320 2260 1363 2294 ad
1384 2259 1420 2294 id
1440 2260 1500 2293 lib.
1528 2260 1604 2301 ΙΙΙ,
1636 2260 1746 2309 epigr.
1776 2273 1856 2302 va‚

1178 2323 1212 2348 et
1233 2314 1294 2347 lib.
1316 2315 1390 2353 lx,
1412 2313 1525 2359 epigr·
1540 2325 1656 2347 xxxix.

1233 2367 1266 2401 3.
1291 2368 1392 2400 Poma
1414 2366 1516 2413 quod,
1553 2375 1617 2400 etc.
1640 2365 1708 2400 Adi
1734 2379 1858 2400 rursus

1177 2421 1239 2454 lib.
1255 2421 1330 2461 111,
1349 2421 1462 2466 epigr.
1483 2432 1560 2453 mv.
1579 2441 1629 2446 —
1645 2419 1764 2466 Capsa.
1781 2420 1858 2462 Qua

1178 2487 1283 2520 poma
1303 2473 1418 2508 hieme
1439 2481 1635 2507 servantur.

1232 2528 1265 2561 5.
1284 2528 1442 2560 Dominam
1461 2528 1626 2572 Augustae
1650 2537 1777 2570 nempe
1800 2538 1857 2558 ve—

1176 2581 1338 2615 stimenta
1361 2581 1467 2614 serica
1488 2593 1547 2614 seu
1567 2580 1760 2625 syntheses.
1778 2577 1855 2612 Pal-

1176 2635 1292 2668 latinis
1323 2633 1503 2668 recondita
1539 2633 1672 2678 proelis,
1704 2631 1764 2665 lib.
1799 2632 1831 2664 ll
1850 2657 1857 2665 .

1177 2688 1284 2732 epigr.
1309 2700 1401 2721 uvi.
