<?xml version="1.0" encoding="UTF-8"?>
<!DOCTYPE html PUBLIC "-//W3C//DTD XHTML 1.0 Transitional//EN"
    "http://www.w3.org/TR/xhtml1/DTD/xhtml1-transitional.dtd">
<html xmlns="http://www.w3.org/1999/xhtml" xml:lang="en" lang="en">
 <head>
  <title>
</title>
<meta http-equiv="Content-Type" content="text/html;charset=utf-8" />
  <meta name='ocr-system' content='tesseract 3.04.00' />
  <meta name='ocr-capabilities' content='ocr_page ocr_carea ocr_par ocr_line ocrx_word'/>
</head>
<body>
  <div class='ocr_page' id='page_1' title='image "./epigrammata02martuoft/epigrammata02martuoft_0456.png"; bbox 0 0 1978 3305; ppageno 0'>
   <div class='ocr_carea' id='block_1_1' title="bbox 499 244 596 297">
    <p class='ocr_par' dir='ltr' id='par_1_1' title="bbox 499 244 596 297">
     <span class='ocr_line' id='line_1_1' title="bbox 499 244 596 297; baseline 0 0"><span class='ocrx_word' id='word_1_1' title='bbox 499 244 596 297; x_wconf 66' lang='lat'>442</span> 
     </span>
    </p>
   </div>
   <div class='ocr_carea' id='block_1_2' title="bbox 875 245 1536 291">
    <p class='ocr_par' dir='ltr' id='par_1_2' title="bbox 875 245 1536 291">
     <span class='ocr_line' id='line_1_2' title="bbox 875 245 1536 291; baseline 0.008 -5"><span class='ocrx_word' id='word_1_2' title='bbox 875 245 937 286; x_wconf 91' lang='lat' dir='ltr'>M.</span> <span class='ocrx_word' id='word_1_3' title='bbox 965 245 1106 289; x_wconf 87' lang='lat' dir='ltr'><strong>VAL.</strong></span> <span class='ocrx_word' id='word_1_4' title='bbox 1146 246 1536 291; x_wconf 85' lang='lat' dir='ltr'>MARTIALIS</span> 
     </span>
    </p>
   </div>
   <div class='ocr_carea' id='block_1_3' title="bbox 561 331 1904 882">
    <p class='ocr_par' dir='ltr' id='par_1_3' title="bbox 565 331 1803 460">
     <span class='ocr_line' id='line_1_3' title="bbox 565 331 1803 392; baseline 0.006 -20"><span class='ocrx_word' id='word_1_5' title='bbox 565 331 714 386; x_wconf 84' lang='lat' dir='ltr'>Quum</span> <span class='ocrx_word' id='word_1_6' title='bbox 745 346 878 390; x_wconf 87' lang='lat' dir='ltr'>gener</span> <span class='ocrx_word' id='word_1_7' title='bbox 905 340 1035 392; x_wconf 84' lang='lat' dir='ltr'>atque</span> <span class='ocrx_word' id='word_1_8' title='bbox 1061 348 1185 376; x_wconf 89' lang='lat' dir='ltr'>socer</span> <span class='ocrx_word' id='word_1_9' title='bbox 1212 332 1317 377; x_wconf 83' lang='lat' dir='ltr'>diris</span> <span class='ocrx_word' id='word_1_10' title='bbox 1343 343 1626 378; x_wconf 83' lang='lat' dir='ltr'>concurreret</span> <span class='ocrx_word' id='word_1_11' title='bbox 1652 336 1803 385; x_wconf 81' lang='lat' dir='ltr'>armis,</span> 
     </span>
     <span class='ocr_line' id='line_1_4' title="bbox 635 401 1592 460; baseline 0.005 -17"><span class='ocrx_word' id='word_1_12' title='bbox 635 401 876 460; x_wconf 86' lang='lat' dir='ltr'>Maestaque</span> <span class='ocrx_word' id='word_1_13' title='bbox 905 401 1019 445; x_wconf 88' lang='lat' dir='ltr'>civili</span> <span class='ocrx_word' id='word_1_14' title='bbox 1047 402 1162 447; x_wconf 83' lang='lat' dir='ltr'>caede</span> <span class='ocrx_word' id='word_1_15' title='bbox 1194 403 1389 447; x_wconf 81' lang='lat' dir='ltr'><strong>maderet</strong></span> <span class='ocrx_word' id='word_1_16' title='bbox 1416 403 1592 448; x_wconf 89' lang='lat' dir='ltr'>humus.</span> 
     </span>
    </p>

    <p class='ocr_par' dir='ltr' id='par_1_4' title="bbox 569 470 1826 605">
     <span class='ocr_line' id='line_1_5' title="bbox 569 470 1826 527; baseline 0.006 -15"><span class='ocrx_word' id='word_1_17' title='bbox 569 470 661 513; x_wconf 88' lang='lat' dir='ltr'>Cur</span> <span class='ocrx_word' id='word_1_18' title='bbox 683 486 823 525; x_wconf 84' lang='lat' dir='ltr'>nunc,</span> <span class='ocrx_word' id='word_1_19' title='bbox 845 488 872 515; x_wconf 93' lang='grc' dir='ltr'>ο</span> <span class='ocrx_word' id='word_1_20' title='bbox 897 470 1076 517; x_wconf 65' lang='lat' dir='ltr'>monus!</span> <span class='ocrx_word' id='word_1_21' title='bbox 1103 489 1182 516; x_wconf 89' lang='lat' dir='ltr'>cur</span> <span class='ocrx_word' id='word_1_22' title='bbox 1204 490 1346 527; x_wconf 86' lang='lat' dir='ltr'>nunc,</span> <span class='ocrx_word' id='word_1_23' title='bbox 1369 490 1400 518; x_wconf 94' lang='lat' dir='ltr'>o</span> <span class='ocrx_word' id='word_1_24' title='bbox 1421 472 1666 519; x_wconf 74' lang='lat' dir='ltr'>TEMPoRA!</span> <span class='ocrx_word' id='word_1_25' title='bbox 1695 475 1826 519; x_wconf 78' lang='lat' dir='ltr'>dicis?</span> 
     </span>
     <span class='ocr_line' id='line_1_6' title="bbox 634 540 1712 605; baseline 0.004 -22"><span class='ocrx_word' id='word_1_26' title='bbox 634 540 766 596; x_wconf 87' lang='lat' dir='ltr'>Quod</span> <span class='ocrx_word' id='word_1_27' title='bbox 792 541 868 585; x_wconf 87' lang='lat' dir='ltr'>tibi</span> <span class='ocrx_word' id='word_1_28' title='bbox 892 558 980 585; x_wconf 91' lang='lat' dir='ltr'>non</span> <span class='ocrx_word' id='word_1_29' title='bbox 1004 542 1192 603; x_wconf 83' lang='lat' dir='ltr'>placeat,</span> <span class='ocrx_word' id='word_1_30' title='bbox 1214 543 1464 600; x_wconf 64' lang='lat' dir='ltr'>Caeciliam,</span> <span class='ocrx_word' id='word_1_31' title='bbox 1485 544 1588 605; x_wconf 90' lang='lat' dir='ltr'>quid</span> <span class='ocrx_word' id='word_1_32' title='bbox 1616 543 1712 589; x_wconf 78' lang='lat' dir='ltr'>est?</span> 
     </span>
    </p>

    <p class='ocr_par' dir='ltr' id='par_1_5' title="bbox 562 609 1656 746">
     <span class='ocr_line' id='line_1_7' title="bbox 562 609 1656 670; baseline 0.006 -18"><span class='ocrx_word' id='word_1_33' title='bbox 562 609 691 653; x_wconf 83' lang='lat' dir='ltr'>Nulla</span> <span class='ocrx_word' id='word_1_34' title='bbox 723 611 882 656; x_wconf 87' lang='lat' dir='ltr'>ducum</span> <span class='ocrx_word' id='word_1_35' title='bbox 914 612 1087 669; x_wconf 84' lang='lat' dir='ltr'>feritas,</span> <span class='ocrx_word' id='word_1_36' title='bbox 1109 613 1228 658; x_wconf 83' lang='lat' dir='ltr'>nulla</span> <span class='ocrx_word' id='word_1_37' title='bbox 1254 624 1318 658; x_wconf 86' lang='lat' dir='ltr'>est</span> <span class='ocrx_word' id='word_1_38' title='bbox 1340 616 1505 659; x_wconf 86' lang='lat' dir='ltr'>insania</span> <span class='ocrx_word' id='word_1_39' title='bbox 1530 614 1656 670; x_wconf 79' lang='lat' dir='ltr'>ferri3</span> 
     </span>
     <span class='ocr_line' id='line_1_8' title="bbox 633 682 1413 746; baseline 0.006 -22"><span class='ocrx_word' id='word_1_40' title='bbox 633 682 743 725; x_wconf 84' lang='lat' dir='ltr'>Pace</span> <span class='ocrx_word' id='word_1_41' title='bbox 768 682 853 726; x_wconf 87' lang='lat' dir='ltr'>frui</span> <span class='ocrx_word' id='word_1_42' title='bbox 882 692 1022 738; x_wconf 82' lang='lat' dir='ltr'>certa,</span> <span class='ocrx_word' id='word_1_43' title='bbox 1049 683 1278 746; x_wconf 85' lang='lat' dir='ltr'>laetitiaque</span> <span class='ocrx_word' id='word_1_44' title='bbox 1302 684 1413 729; x_wconf 83' lang='lat' dir='ltr'>licet.</span> 
     </span>
    </p>

    <p class='ocr_par' dir='ltr' id='par_1_6' title="bbox 561 751 1904 882">
     <span class='ocr_line' id='line_1_9' title="bbox 561 751 1833 817; baseline 0.005 -23"><span class='ocrx_word' id='word_1_45' title='bbox 561 751 661 795; x_wconf 84' lang='lat' dir='ltr'>Non</span> <span class='ocrx_word' id='word_1_46' title='bbox 691 753 827 796; x_wconf 85' lang='lat' dir='ltr'>nostri</span> <span class='ocrx_word' id='word_1_47' title='bbox 851 752 1039 809; x_wconf 85' lang='lat' dir='ltr'>faciunt,</span> <span class='ocrx_word' id='word_1_48' title='bbox 1068 764 1142 800; x_wconf 80' lang='lat' dir='ltr'>tua</span> <span class='ocrx_word' id='word_1_49' title='bbox 1166 755 1283 817; x_wconf 88' lang='lat' dir='ltr'>quod</span> <span class='ocrx_word' id='word_1_50' title='bbox 1306 756 1384 799; x_wconf 88' lang='lat' dir='ltr'>tibi</span> <span class='ocrx_word' id='word_1_51' title='bbox 1410 765 1607 816; x_wconf 86' lang='lat' dir='ltr'>tempora</span> <span class='ocrx_word' id='word_1_52' title='bbox 1631 755 1833 812; x_wconf 83' lang='lat' dir='ltr'>sordent;</span> 
     </span>
     <span class='ocr_line' id='line_1_10' title="bbox 625 822 1904 882; baseline 0.002 -17"><span class='ocrx_word' id='word_1_53' title='bbox 625 822 708 866; x_wconf 86' lang='lat' dir='ltr'>Sed</span> <span class='ocrx_word' id='word_1_54' title='bbox 737 823 903 868; x_wconf 77' lang='lat' dir='ltr'>faciunt</span> <span class='ocrx_word' id='word_1_55' title='bbox 933 841 1098 882; x_wconf 83' lang='lat' dir='ltr'>mores,</span> <span class='ocrx_word' id='word_1_56' title='bbox 1130 825 1382 882; x_wconf 74' lang='lat' dir='ltr'>caeciliane,</span> <span class='ocrx_word' id='word_1_57' title='bbox 1414 827 1487 871; x_wconf 86' lang='lat' dir='ltr'>tui.</span> <span class='ocrx_word' id='word_1_58' title='bbox 1873 854 1904 869; x_wconf 66' lang='grc' dir='ltr'>,ο</span> 
     </span>
    </p>
   </div>
   <div class='ocr_carea' id='block_1_4' title="bbox 487 970 1165 1219">
    <p class='ocr_par' dir='ltr' id='par_1_7' title="bbox 487 970 1165 1219">
     <span class='ocr_line' id='line_1_11' title="bbox 488 970 1163 1016; baseline 0.007 -13"><span class='ocrx_word' id='word_1_59' title='bbox 488 970 635 1016; x_wconf 83' lang='lat' dir='ltr'>patriam</span> <span class='ocrx_word' id='word_1_60' title='bbox 663 985 757 1006; x_wconf 88' lang='lat' dir='ltr'>arma</span> <span class='ocrx_word' id='word_1_61' title='bbox 787 974 901 1007; x_wconf 85' lang='lat' dir='ltr'>civilia</span> <span class='ocrx_word' id='word_1_62' title='bbox 924 983 1163 1008; x_wconf 83' lang='lat' dir='ltr'>moverentur.</span> 
     </span>
     <span class='ocr_line' id='line_1_12' title="bbox 490 1023 1165 1061; baseline 0.009 -6"><span class='ocrx_word' id='word_1_63' title='bbox 490 1023 581 1056; x_wconf 88' lang='lat' dir='ltr'>Nota</span> <span class='ocrx_word' id='word_1_64' title='bbox 605 1033 656 1058; x_wconf 86' lang='lat' dir='ltr'>est</span> <span class='ocrx_word' id='word_1_65' title='bbox 679 1038 718 1058; x_wconf 77' lang='lat' dir='ltr'>ex</span> <span class='ocrx_word' id='word_1_66' title='bbox 733 1026 899 1060; x_wconf 82' lang='lat' dir='ltr'>Sallustio</span> <span class='ocrx_word' id='word_1_67' title='bbox 922 1035 956 1060; x_wconf 88' lang='lat' dir='ltr'>et</span> <span class='ocrx_word' id='word_1_68' title='bbox 973 1027 1046 1060; x_wconf 79' lang='lat' dir='ltr'>aliis</span> <span class='ocrx_word' id='word_1_69' title='bbox 1068 1027 1165 1061; x_wconf 87' lang='lat' dir='ltr'>Cati-</span> 
     </span>
     <span class='ocr_line' id='line_1_13' title="bbox 487 1075 1165 1123; baseline 0.007 -15"><span class='ocrx_word' id='word_1_70' title='bbox 487 1075 566 1109; x_wconf 84' lang='lat' dir='ltr'>linae</span> <span class='ocrx_word' id='word_1_71' title='bbox 603 1079 800 1123; x_wconf 80' lang='lat' dir='ltr'>conjuratio</span> <span class='ocrx_word' id='word_1_72' title='bbox 822 1094 829 1119; x_wconf 90' lang='lat'>;</span> <span class='ocrx_word' id='word_1_73' title='bbox 864 1087 897 1112; x_wconf 88' lang='lat' dir='ltr'>et</span> <span class='ocrx_word' id='word_1_74' title='bbox 931 1080 1165 1114; x_wconf 63' lang='lat' dir='ltr'>celeberrimae</span> 
     </span>
     <span class='ocr_line' id='line_1_14' title="bbox 487 1132 1165 1177; baseline 0.007 -16"><span class='ocrx_word' id='word_1_75' title='bbox 487 1137 636 1174; x_wconf 83' lang='lat' dir='ltr'>quatuor</span> <span class='ocrx_word' id='word_1_76' title='bbox 657 1132 832 1164; x_wconf 85' lang='lat' dir='ltr'>orationes</span> <span class='ocrx_word' id='word_1_77' title='bbox 855 1133 986 1177; x_wconf 87' lang='lat' dir='ltr'>quasin</span> <span class='ocrx_word' id='word_1_78' title='bbox 1009 1133 1109 1166; x_wconf 86' lang='lat' dir='ltr'>illum</span> <span class='ocrx_word' id='word_1_79' title='bbox 1131 1143 1165 1167; x_wconf 80' lang='lat' dir='ltr'>et</span> 
     </span>
     <span class='ocr_line' id='line_1_15' title="bbox 488 1181 1165 1219; baseline 0.009 -6"><span class='ocrx_word' id='word_1_80' title='bbox 488 1181 533 1214; x_wconf 90' lang='lat' dir='ltr'>de</span> <span class='ocrx_word' id='word_1_81' title='bbox 552 1182 614 1215; x_wconf 86' lang='lat' dir='ltr'>illo</span> <span class='ocrx_word' id='word_1_82' title='bbox 646 1184 682 1216; x_wconf 87' lang='lat' dir='ltr'>in</span> <span class='ocrx_word' id='word_1_83' title='bbox 707 1184 835 1217; x_wconf 88' lang='lat' dir='ltr'><strong>Senatu</strong></span> <span class='ocrx_word' id='word_1_84' title='bbox 865 1193 899 1218; x_wconf 90' lang='lat' dir='ltr'>et</span> <span class='ocrx_word' id='word_1_85' title='bbox 926 1185 961 1218; x_wconf 92' lang='lat' dir='ltr'>in</span> <span class='ocrx_word' id='word_1_86' title='bbox 994 1187 1165 1219; x_wconf 83' lang='lat' dir='ltr'>concione</span> 
     </span>
    </p>
   </div>
   <div class='ocr_carea' id='block_1_5' title="bbox 485 1235 1146 1280">
    <p class='ocr_par' dir='ltr' id='par_1_8' title="bbox 485 1235 1146 1280">
     <span class='ocr_line' id='line_1_16' title="bbox 485 1235 1146 1280; baseline 0.008 -13"><span class='ocrx_word' id='word_1_87' title='bbox 485 1235 608 1280; x_wconf 88' lang='lat' dir='ltr'>populi</span> <span class='ocrx_word' id='word_1_88' title='bbox 627 1235 750 1270; x_wconf 88' lang='lat' dir='ltr'>habuit</span> <span class='ocrx_word' id='word_1_89' title='bbox 771 1245 853 1270; x_wconf 90' lang='lat' dir='ltr'>tunc</span> <span class='ocrx_word' id='word_1_90' title='bbox 872 1239 991 1271; x_wconf 88' lang='lat' dir='ltr'>consul</span> <span class='ocrx_word' id='word_1_91' title='bbox 1010 1239 1146 1272; x_wconf 84' lang='lat' dir='ltr'>Cicero.</span> 
     </span>
    </p>
   </div>
   <div class='ocr_carea' id='block_1_6' title="bbox 1224 975 1903 1285">
    <p class='ocr_par' dir='ltr' id='par_1_9' title="bbox 1224 975 1903 1285">
     <span class='ocr_line' id='line_1_17' title="bbox 1281 975 1903 1022; baseline 0.003 -14"><span class='ocrx_word' id='word_1_92' title='bbox 1281 975 1314 1008; x_wconf 80' lang='grc'>3.</span> <span class='ocrx_word' id='word_1_93' title='bbox 1337 976 1441 1021; x_wconf 78' lang='lat' dir='ltr'>Quum</span> <span class='ocrx_word' id='word_1_94' title='bbox 1455 989 1552 1020; x_wconf 74' lang='lat' dir='ltr'>gener</span> <span class='ocrx_word' id='word_1_95' title='bbox 1566 983 1659 1022; x_wconf 79' lang='lat' dir='ltr'>atque</span> <span class='ocrx_word' id='word_1_96' title='bbox 1673 989 1769 1009; x_wconf 79' lang='lat' dir='ltr'>socer.</span> <span class='ocrx_word' id='word_1_97' title='bbox 1791 976 1903 1010; x_wconf 86' lang='lat' dir='ltr'>Caesar</span> 
     </span>
     <span class='ocr_line' id='line_1_18' title="bbox 1225 1028 1902 1074; baseline 0.001 -13"><span class='ocrx_word' id='word_1_98' title='bbox 1225 1040 1352 1073; x_wconf 86' lang='lat' dir='ltr'>nempe</span> <span class='ocrx_word' id='word_1_99' title='bbox 1385 1037 1418 1061; x_wconf 87' lang='lat' dir='ltr'>et</span> <span class='ocrx_word' id='word_1_100' title='bbox 1449 1028 1640 1074; x_wconf 84' lang='lat' dir='ltr'>Pompeius</span> <span class='ocrx_word' id='word_1_101' title='bbox 1680 1029 1739 1074; x_wconf 87' lang='lat' dir='ltr'>qui</span> <span class='ocrx_word' id='word_1_102' title='bbox 1772 1030 1902 1062; x_wconf 82' lang='lat' dir='ltr'>Juliam</span> 
     </span>
     <span class='ocr_line' id='line_1_19' title="bbox 1226 1080 1901 1116; baseline 0.003 -2"><span class='ocrx_word' id='word_1_103' title='bbox 1226 1081 1370 1114; x_wconf 83' lang='lat' dir='ltr'>Caesaris</span> <span class='ocrx_word' id='word_1_104' title='bbox 1400 1081 1508 1114; x_wconf 84' lang='lat' dir='ltr'>filiam</span> <span class='ocrx_word' id='word_1_105' title='bbox 1543 1093 1688 1114; x_wconf 83' lang='lat' dir='ltr'>uxorem</span> <span class='ocrx_word' id='word_1_106' title='bbox 1727 1080 1873 1116; x_wconf 82' lang='lat' dir='ltr'>duxerat</span> <span class='ocrx_word' id='word_1_107' title='bbox 1892 1094 1901 1115; x_wconf 87' lang='grc'>.·</span> 
     </span>
     <span class='ocr_line' id='line_1_20' title="bbox 1226 1133 1902 1179; baseline 0.003 -13"><span class='ocrx_word' id='word_1_108' title='bbox 1226 1146 1380 1179; x_wconf 88' lang='lat' dir='ltr'>quorum</span> <span class='ocrx_word' id='word_1_109' title='bbox 1400 1134 1545 1167; x_wconf 88' lang='lat' dir='ltr'>historia</span> <span class='ocrx_word' id='word_1_110' title='bbox 1562 1133 1689 1179; x_wconf 84' lang='lat' dir='ltr'>passim</span> <span class='ocrx_word' id='word_1_111' title='bbox 1708 1135 1822 1168; x_wconf 86' lang='lat' dir='ltr'>obvia.</span> <span class='ocrx_word' id='word_1_112' title='bbox 1845 1136 1902 1168; x_wconf 84' lang='lat' dir='ltr'>In-</span> 
     </span>
     <span class='ocr_line' id='line_1_21' title="bbox 1224 1187 1901 1233; baseline 0.004 -15"><span class='ocrx_word' id='word_1_113' title='bbox 1224 1189 1315 1219; x_wconf 80' lang='lat' dir='ltr'><strong><em>sam&#39;a</em></strong></span> <span class='ocrx_word' id='word_1_114' title='bbox 1333 1188 1418 1229; x_wconf 82' lang='lat' dir='ltr'>ferri</span> <span class='ocrx_word' id='word_1_115' title='bbox 1444 1199 1509 1232; x_wconf 90' lang='lat' dir='ltr'>pro</span> <span class='ocrx_word' id='word_1_116' title='bbox 1531 1187 1626 1220; x_wconf 86' lang='lat' dir='ltr'>illius</span> <span class='ocrx_word' id='word_1_117' title='bbox 1644 1187 1777 1221; x_wconf 80' lang='lat' dir='ltr'>insania</span> <span class='ocrx_word' id='word_1_118' title='bbox 1791 1214 1800 1230; x_wconf 88' lang='lat'>,</span> <span class='ocrx_word' id='word_1_119' title='bbox 1821 1188 1901 1233; x_wconf 91' lang='lat' dir='ltr'>qui-</span> 
     </span>
     <span class='ocr_line' id='line_1_22' title="bbox 1226 1242 1707 1285; baseline 0 -13"><span class='ocrx_word' id='word_1_120' title='bbox 1226 1252 1377 1285; x_wconf 90' lang='lat' dir='ltr'>cumque</span> <span class='ocrx_word' id='word_1_121' title='bbox 1394 1252 1483 1272; x_wconf 76' lang='grc' dir='ltr'><em>ανιηα</em></span> <span class='ocrx_word' id='word_1_122' title='bbox 1496 1253 1600 1273; x_wconf 86' lang='lat' dir='ltr'>amens</span> <span class='ocrx_word' id='word_1_123' title='bbox 1615 1242 1707 1285; x_wconf 81' lang='lat' dir='ltr'><em>rapit.</em></span> 
     </span>
    </p>
   </div>
   <div class='ocr_carea' id='block_1_7' title="bbox 1051 1379 1326 1435">
    <p class='ocr_par' dir='ltr' id='par_1_10' title="bbox 1051 1379 1326 1435">
     <span class='ocr_line' id='line_1_23' title="bbox 1051 1379 1326 1435; baseline -0.007 0"><span class='ocrx_word' id='word_1_124' title='bbox 1051 1379 1326 1435; x_wconf 88' lang='lat' dir='ltr'>LXXII.</span> 
     </span>
    </p>
   </div>
   <div class='ocr_carea' id='block_1_8' title="bbox 860 1516 1514 1565">
    <p class='ocr_par' dir='ltr' id='par_1_11' title="bbox 860 1516 1514 1565">
     <span class='ocr_line' id='line_1_24' title="bbox 860 1516 1514 1565; baseline 0.002 -2"><span class='ocrx_word' id='word_1_125' title='bbox 860 1536 925 1563; x_wconf 78' lang='lat' dir='ltr'>DE</span> <span class='ocrx_word' id='word_1_126' title='bbox 965 1535 1135 1565; x_wconf 78' lang='lat' dir='ltr'><strong>LEONE</strong></span> <span class='ocrx_word' id='word_1_127' title='bbox 1174 1536 1236 1564; x_wconf 86' lang='lat' dir='ltr'>ET</span> <span class='ocrx_word' id='word_1_128' title='bbox 1274 1516 1514 1564; x_wconf 41' lang='grc' dir='ltr'>ΑΜΕΤΕῙι</span> 
     </span>
    </p>
   </div>
   <div class='ocr_carea' id='block_1_9' title="bbox 548 1669 1628 1873">
    <p class='ocr_par' dir='ltr' id='par_1_12' title="bbox 548 1669 1628 1873">
     <span class='ocr_line' id='line_1_25' title="bbox 553 1669 1614 1733; baseline 0.002 -20"><span class='ocrx_word' id='word_1_129' title='bbox 553 1671 761 1715; x_wconf 74' lang='lat' dir='ltr'>MAssYLi</span> <span class='ocrx_word' id='word_1_130' title='bbox 786 1669 853 1715; x_wconf 88' lang='lat' dir='ltr'>leo</span> <span class='ocrx_word' id='word_1_131' title='bbox 880 1671 993 1716; x_wconf 82' lang='lat' dir='ltr'>fama</span> <span class='ocrx_word' id='word_1_132' title='bbox 1012 1672 1140 1733; x_wconf 83' lang='lat' dir='ltr'>jugi,.</span> <span class='ocrx_word' id='word_1_133' title='bbox 1155 1673 1412 1733; x_wconf 84' lang='lat' dir='ltr'>pecorisque</span> <span class='ocrx_word' id='word_1_134' title='bbox 1435 1673 1614 1716; x_wconf 86' lang='lat' dir='ltr'>maritus</span> 
     </span>
     <span class='ocr_line' id='line_1_26' title="bbox 622 1742 1471 1804; baseline 0.002 -20"><span class='ocrx_word' id='word_1_135' title='bbox 622 1742 846 1802; x_wconf 83' lang='lat' dir='ltr'>Lanigeri,</span> <span class='ocrx_word' id='word_1_136' title='bbox 877 1743 1059 1794; x_wconf 78' lang='lat' dir='ltr'>mirum,</span> <span class='ocrx_word' id='word_1_137' title='bbox 1090 1759 1175 1804; x_wconf 86' lang='lat' dir='ltr'>qua</span> <span class='ocrx_word' id='word_1_138' title='bbox 1205 1744 1347 1788; x_wconf 87' lang='lat' dir='ltr'>coiere</span> <span class='ocrx_word' id='word_1_139' title='bbox 1373 1742 1471 1786; x_wconf 80' lang='lat' dir='ltr'>fide.</span> 
     </span>
     <span class='ocr_line' id='line_1_27' title="bbox 548 1811 1628 1873; baseline 0.001 -18"><span class='ocrx_word' id='word_1_140' title='bbox 548 1814 648 1873; x_wconf 85' lang='lat' dir='ltr'>Ipse</span> <span class='ocrx_word' id='word_1_141' title='bbox 675 1811 774 1856; x_wconf 85' lang='lat' dir='ltr'>licet</span> <span class='ocrx_word' id='word_1_142' title='bbox 795 1812 967 1869; x_wconf 80' lang='lat' dir='ltr'>videas,</span> <span class='ocrx_word' id='word_1_143' title='bbox 989 1830 1122 1858; x_wconf 86' lang='lat' dir='ltr'>cavea</span> <span class='ocrx_word' id='word_1_144' title='bbox 1147 1813 1423 1858; x_wconf 79' lang='lat' dir='ltr'>stabulantur</span> <span class='ocrx_word' id='word_1_145' title='bbox 1449 1815 1490 1857; x_wconf 90' lang='lat' dir='ltr'>in</span> <span class='ocrx_word' id='word_1_146' title='bbox 1517 1829 1602 1856; x_wconf 89' lang='lat' dir='ltr'>una</span> <span class='ocrx_word' id='word_1_147' title='bbox 1618 1849 1628 1865; x_wconf 59' lang='lat'>7</span> 
     </span>
    </p>
   </div>
   <div class='ocr_carea' id='block_1_10' title="bbox 549 1950 1571 2014">
    <p class='ocr_par' dir='ltr' id='par_1_13' title="bbox 549 1950 1571 2014">
     <span class='ocr_line' id='line_1_28' title="bbox 549 1950 1571 2014; baseline 0.001 -20"><span class='ocrx_word' id='word_1_148' title='bbox 549 1953 770 1996; x_wconf 81' lang='grc' dir='ltr'>Μασσύλου</span> <span class='ocrx_word' id='word_1_149' title='bbox 790 1957 851 2002; x_wconf 80' lang='grc' dir='ltr'>λῖς</span> <span class='ocrx_word' id='word_1_150' title='bbox 871 1950 984 2012; x_wconf 75' lang='grc' dir='ltr'>εὖχος</span> <span class='ocrx_word' id='word_1_151' title='bbox 1005 1954 1116 2014; x_wconf 77' lang='grc' dir='ltr'>ὅρους</span> <span class='ocrx_word' id='word_1_152' title='bbox 1130 1989 1140 2006; x_wconf 82' lang='lat'><strong>‚</strong></span> <span class='ocrx_word' id='word_1_153' title='bbox 1159 1957 1275 2004; x_wconf 81' lang='grc' dir='ltr'><strong>πόσις</strong></span> <span class='ocrx_word' id='word_1_154' title='bbox 1296 1954 1504 2014; x_wconf 68' lang='grc' dir='ltr'>εἰροπόκοι)</span> <span class='ocrx_word' id='word_1_155' title='bbox 1528 1971 1571 1996; x_wconf 81' lang='grc' dir='ltr'>τε</span> 
     </span>
    </p>
   </div>
   <div class='ocr_carea' id='block_1_11' title="bbox 621 2022 1437 2084">
    <p class='ocr_par' dir='ltr' id='par_1_14' title="bbox 621 2022 1437 2084">
     <span class='ocr_line' id='line_1_29' title="bbox 621 2022 1437 2084; baseline 0.001 -19"><span class='ocrx_word' id='word_1_156' title='bbox 621 2022 800 2083; x_wconf 79' lang='grc' dir='ltr'>Ποίμνης</span> <span class='ocrx_word' id='word_1_157' title='bbox 821 2022 1010 2073; x_wconf 57' lang='grc' dir='ltr'>ἀλληλοις</span> <span class='ocrx_word' id='word_1_158' title='bbox 1031 2026 1144 2083; x_wconf 78' lang='grc' dir='ltr'>ὅρκια</span> <span class='ocrx_word' id='word_1_159' title='bbox 1163 2025 1250 2074; x_wconf 63' lang='grc' dir='ltr'>ἰι-ἶς’</span> <span class='ocrx_word' id='word_1_160' title='bbox 1273 2026 1437 2084; x_wconf 80' lang='grc' dir='ltr'>ἔταμον.</span> 
     </span>
    </p>
   </div>
   <div class='ocr_carea' id='block_1_12' title="bbox 550 2088 1538 2155">
    <p class='ocr_par' dir='ltr' id='par_1_15' title="bbox 550 2088 1538 2155">
     <span class='ocr_line' id='line_1_30' title="bbox 550 2088 1538 2155; baseline 0 -20"><span class='ocrx_word' id='word_1_161' title='bbox 550 2095 633 2141; x_wconf 77' lang='grc' dir='ltr'>Τῆν</span> <span class='ocrx_word' id='word_1_162' title='bbox 654 2095 779 2141; x_wconf 73' lang='grc' dir='ltr'>αὐτ-ἡν</span> <span class='ocrx_word' id='word_1_163' title='bbox 800 2088 940 2154; x_wconf 66' lang='grc' dir='ltr'>(ὀρθίοις</span> <span class='ocrx_word' id='word_1_164' title='bbox 959 2088 1059 2155; x_wconf 64' lang='grc' dir='ltr'>γὰρ)</span> <span class='ocrx_word' id='word_1_165' title='bbox 1080 2095 1235 2154; x_wconf 78' lang='grc' dir='ltr'>ὁμέςιοι</span> <span class='ocrx_word' id='word_1_166' title='bbox 1256 2093 1364 2137; x_wconf 68' lang='grc' dir='ltr'>αὖλιν</span> <span class='ocrx_word' id='word_1_167' title='bbox 1386 2097 1538 2154; x_wconf 79' lang='grc' dir='ltr'>ἔχουσι·</span> 
     </span>
    </p>
   </div>
   <div class='ocr_carea' id='block_1_13' title="bbox 478 2240 1155 2715">
    <p class='ocr_par' dir='ltr' id='par_1_16' title="bbox 479 2240 1154 2543">
     <span class='ocr_line' id='line_1_31' title="bbox 534 2240 1150 2290; baseline 0 -14"><span class='ocrx_word' id='word_1_168' title='bbox 534 2240 548 2253; x_wconf 80' lang='lat'>&#39;¹</span> <span class='ocrx_word' id='word_1_169' title='bbox 566 2243 701 2277; x_wconf 82' lang='lat' dir='ltr'>Laudat</span> <span class='ocrx_word' id='word_1_170' title='bbox 725 2253 759 2277; x_wconf 89' lang='lat' dir='ltr'>et</span> <span class='ocrx_word' id='word_1_171' title='bbox 783 2253 899 2290; x_wconf 88' lang='lat' dir='ltr'>stupet</span> <span class='ocrx_word' id='word_1_172' title='bbox 926 2243 1150 2278; x_wconf 83' lang='lat' dir='ltr'>concordiam</span> 
     </span>
     <span class='ocr_line' id='line_1_32' title="bbox 481 2297 1151 2338; baseline 0 -8"><span class='ocrx_word' id='word_1_173' title='bbox 481 2297 590 2330; x_wconf 84' lang='lat' dir='ltr'>leonis</span> <span class='ocrx_word' id='word_1_174' title='bbox 612 2306 645 2331; x_wconf 89' lang='lat' dir='ltr'>et</span> <span class='ocrx_word' id='word_1_175' title='bbox 659 2297 776 2331; x_wconf 84' lang='lat' dir='ltr'>arietis</span> <span class='ocrx_word' id='word_1_176' title='bbox 788 2323 796 2338; x_wconf 94' lang='lat'>,</span> <span class='ocrx_word' id='word_1_177' title='bbox 810 2297 913 2331; x_wconf 86' lang='lat' dir='ltr'>simul</span> <span class='ocrx_word' id='word_1_178' title='bbox 928 2297 1072 2331; x_wconf 79' lang='lat' dir='ltr'>innoxie</span> <span class='ocrx_word' id='word_1_179' title='bbox 1091 2298 1151 2330; x_wconf 89' lang='lat' dir='ltr'>ha-</span> 
     </span>
     <span class='ocr_line' id='line_1_33' title="bbox 480 2349 1154 2397; baseline 0.001 -15"><span class='ocrx_word' id='word_1_180' title='bbox 480 2349 686 2391; x_wconf 79' lang='lat' dir='ltr'>bitantium3</span> <span class='ocrx_word' id='word_1_181' title='bbox 701 2349 1004 2397; x_wconf 80' lang='lat' dir='ltr'>ideoquedignum</span> <span class='ocrx_word' id='word_1_182' title='bbox 1016 2359 1154 2384; x_wconf 78' lang='lat' dir='ltr'>utrum·</span> 
     </span>
     <span class='ocr_line' id='line_1_34' title="bbox 479 2402 1154 2450; baseline 0.001 -15"><span class='ocrx_word' id='word_1_183' title='bbox 479 2415 546 2447; x_wconf 84' lang='lat' dir='ltr'>que</span> <span class='ocrx_word' id='word_1_184' title='bbox 571 2404 653 2436; x_wconf 85' lang='lat' dir='ltr'>caelo</span> <span class='ocrx_word' id='word_1_185' title='bbox 669 2402 824 2448; x_wconf 83' lang='lat' dir='ltr'>judicat,</span> <span class='ocrx_word' id='word_1_186' title='bbox 842 2416 938 2450; x_wconf 78' lang='lat' dir='ltr'>aeque</span> <span class='ocrx_word' id='word_1_187' title='bbox 957 2415 995 2436; x_wconf 86' lang='lat' dir='ltr'>ac</span> <span class='ocrx_word' id='word_1_188' title='bbox 1016 2404 1154 2437; x_wconf 82' lang='lat' dir='ltr'>leonem</span> 
     </span>
     <span class='ocr_line' id='line_1_35' title="bbox 480 2455 1154 2502; baseline 0.003 -15"><span class='ocrx_word' id='word_1_189' title='bbox 480 2455 679 2489; x_wconf 71' lang='lat' dir='ltr'>Nemeaeum</span> <span class='ocrx_word' id='word_1_190' title='bbox 694 2482 702 2496; x_wconf 91' lang='lat'>,</span> <span class='ocrx_word' id='word_1_191' title='bbox 723 2465 757 2490; x_wconf 88' lang='lat' dir='ltr'>et</span> <span class='ocrx_word' id='word_1_192' title='bbox 781 2458 922 2491; x_wconf 80' lang='lat' dir='ltr'>arietem</span> <span class='ocrx_word' id='word_1_193' title='bbox 943 2457 1074 2502; x_wconf 75' lang='lat' dir='ltr'>Phryxi</span> <span class='ocrx_word' id='word_1_194' title='bbox 1096 2469 1154 2489; x_wconf 83' lang='lat' dir='ltr'>ve-</span> 
     </span>
     <span class='ocr_line' id='line_1_36' title="bbox 479 2510 806 2543; baseline 0.009 -3"><span class='ocrx_word' id='word_1_195' title='bbox 479 2516 610 2541; x_wconf 84' lang='lat' dir='ltr'>ctorem</span> <span class='ocrx_word' id='word_1_196' title='bbox 627 2518 660 2542; x_wconf 79' lang='lat' dir='ltr'>et</span> <span class='ocrx_word' id='word_1_197' title='bbox 681 2510 806 2543; x_wconf 85' lang='lat' dir='ltr'>Helles.</span> 
     </span>
    </p>

    <p class='ocr_par' dir='ltr' id='par_1_17' title="bbox 478 2563 1155 2715">
     <span class='ocr_line' id='line_1_37' title="bbox 538 2563 1155 2609; baseline 0.005 -16"><span class='ocrx_word' id='word_1_198' title='bbox 538 2573 567 2594; x_wconf 80' lang='lat'>1.</span> <span class='ocrx_word' id='word_1_199' title='bbox 593 2563 737 2609; x_wconf 45' lang='lat' dir='ltr'>Alasit-li.</span> <span class='ocrx_word' id='word_1_200' title='bbox 756 2564 876 2608; x_wconf 73' lang='lat' dir='ltr'>Libyae</span> <span class='ocrx_word' id='word_1_201' title='bbox 895 2576 974 2609; x_wconf 86' lang='lat' dir='ltr'>pars</span> <span class='ocrx_word' id='word_1_202' title='bbox 991 2571 1040 2596; x_wconf 83' lang='lat' dir='ltr'>est</span> <span class='ocrx_word' id='word_1_203' title='bbox 1062 2564 1155 2596; x_wconf 79' lang='lat' dir='ltr'>Mas-</span> 
     </span>
     <span class='ocr_line' id='line_1_38' title="bbox 478 2614 1152 2661; baseline 0.004 -15"><span class='ocrx_word' id='word_1_204' title='bbox 478 2614 584 2658; x_wconf 77' lang='lat' dir='ltr'>sylia,</span> <span class='ocrx_word' id='word_1_205' title='bbox 611 2615 643 2647; x_wconf 88' lang='lat' dir='ltr'>in</span> <span class='ocrx_word' id='word_1_206' title='bbox 671 2629 738 2661; x_wconf 80' lang='lat' dir='ltr'>qua</span> <span class='ocrx_word' id='word_1_207' title='bbox 764 2625 843 2649; x_wconf 82' lang='lat' dir='ltr'>sunt</span> <span class='ocrx_word' id='word_1_208' title='bbox 862 2617 979 2650; x_wconf 67' lang='lat' dir='ltr'>leones</span> <span class='ocrx_word' id='word_1_209' title='bbox 1002 2616 1152 2661; x_wconf 83' lang='lat' dir='ltr'>ingentis</span> 
     </span>
     <span class='ocr_line' id='line_1_39' title="bbox 479 2667 1149 2715; baseline 0.004 -16"><span class='ocrx_word' id='word_1_210' title='bbox 479 2667 727 2711; x_wconf 72' lang='lat' dir='ltr'>magnitudinis</span> <span class='ocrx_word' id='word_1_211' title='bbox 745 2681 752 2701; x_wconf 74' lang='grc' dir='ltr'><strong><em>ε</em></strong></span> <span class='ocrx_word' id='word_1_212' title='bbox 771 2670 830 2702; x_wconf 90' lang='lat' dir='ltr'>lib.</span> <span class='ocrx_word' id='word_1_213' title='bbox 845 2671 931 2702; x_wconf 70' lang='lat' dir='ltr'>VIII</span> <span class='ocrx_word' id='word_1_214' title='bbox 945 2695 954 2706; x_wconf 87' lang='grc'>.,</span> <span class='ocrx_word' id='word_1_215' title='bbox 971 2670 1080 2715; x_wconf 81' lang='lat' dir='ltr'>epigr.</span> <span class='ocrx_word' id='word_1_216' title='bbox 1098 2682 1149 2702; x_wconf 69' lang='lat' dir='ltr'>tv.</span> 
     </span>
    </p>
   </div>
   <div class='ocr_carea' id='block_1_14' title="bbox 1211 2243 1892 2661">
    <p class='ocr_par' dir='ltr' id='par_1_18' title="bbox 1211 2243 1892 2396">
     <span class='ocr_line' id='line_1_40' title="bbox 1211 2243 1889 2290; baseline 0 -13"><span class='ocrx_word' id='word_1_217' title='bbox 1211 2246 1458 2290; x_wconf 72' lang='lat' dir='ltr'>——I&#39;ecorisque</span> <span class='ocrx_word' id='word_1_218' title='bbox 1477 2245 1618 2276; x_wconf 78' lang='lat' dir='ltr'>maritus.</span> <span class='ocrx_word' id='word_1_219' title='bbox 1635 2243 1734 2277; x_wconf 81' lang='lat' dir='ltr'>Aries</span> <span class='ocrx_word' id='word_1_220' title='bbox 1750 2255 1889 2289; x_wconf 83' lang='lat' dir='ltr'>nempe.</span> 
     </span>
     <span class='ocr_line' id='line_1_41' title="bbox 1212 2297 1892 2343; baseline -0.001 -12"><span class='ocrx_word' id='word_1_221' title='bbox 1212 2297 1268 2331; x_wconf 84' lang='lat' dir='ltr'>Sic</span> <span class='ocrx_word' id='word_1_222' title='bbox 1281 2297 1451 2342; x_wconf 64' lang='lat' dir='ltr'>Yirgilius</span> <span class='ocrx_word' id='word_1_223' title='bbox 1464 2297 1582 2342; x_wconf 85' lang='lat' dir='ltr'>Eclog.</span> <span class='ocrx_word' id='word_1_224' title='bbox 1595 2297 1684 2338; x_wconf 86' lang='lat' dir='ltr'>VII,</span> <span class='ocrx_word' id='word_1_225' title='bbox 1704 2314 1718 2326; x_wconf 79' lang='grc' dir='ltr'>ι</span> <span class='ocrx_word' id='word_1_226' title='bbox 1733 2297 1799 2331; x_wconf 82' lang='lat' dir='ltr'>Vir</span> <span class='ocrx_word' id='word_1_227' title='bbox 1814 2310 1892 2343; x_wconf 85' lang='lat' dir='ltr'>gre·</span> 
     </span>
     <span class='ocr_line' id='line_1_42' title="bbox 1214 2351 1891 2396; baseline -0.001 -13"><span class='ocrx_word' id='word_1_228' title='bbox 1214 2352 1264 2396; x_wconf 83' lang='lat' dir='ltr'>gis</span> <span class='ocrx_word' id='word_1_229' title='bbox 1280 2351 1351 2396; x_wconf 80' lang='lat' dir='ltr'>ipse</span> <span class='ocrx_word' id='word_1_230' title='bbox 1364 2362 1469 2395; x_wconf 82' lang='lat' dir='ltr'>caper</span> <span class='ocrx_word' id='word_1_231' title='bbox 1487 2358 1591 2390; x_wconf 43' lang='lat' dir='ltr'>mete.</span> <span class='ocrx_word' id='word_1_232' title='bbox 1883 2383 1891 2388; x_wconf 75' lang='grc'><strong>,</strong></span> 
     </span>
    </p>

    <p class='ocr_par' dir='ltr' id='par_1_19' title="bbox 1214 2402 1890 2661">
     <span class='ocr_line' id='line_1_43' title="bbox 1271 2402 1890 2445; baseline -0.002 -8"><span class='ocrx_word' id='word_1_233' title='bbox 1271 2417 1302 2437; x_wconf 82' lang='lat'>2.</span> <span class='ocrx_word' id='word_1_234' title='bbox 1327 2403 1448 2436; x_wconf 63' lang='lat' dir='ltr'>Com-e.</span> <span class='ocrx_word' id='word_1_235' title='bbox 1471 2402 1577 2445; x_wconf 89' lang='lat' dir='ltr'>Quod</span> <span class='ocrx_word' id='word_1_236' title='bbox 1603 2402 1766 2436; x_wconf 83' lang='lat' dir='ltr'>facillime</span> <span class='ocrx_word' id='word_1_237' title='bbox 1789 2403 1890 2436; x_wconf 80' lang='lat' dir='ltr'>intel-</span> 
     </span>
     <span class='ocr_line' id='line_1_44' title="bbox 1215 2455 1890 2502; baseline 0 -13"><span class='ocrx_word' id='word_1_238' title='bbox 1215 2457 1310 2502; x_wconf 78' lang='lat' dir='ltr'>ligas.</span> <span class='ocrx_word' id='word_1_239' title='bbox 1327 2458 1368 2489; x_wconf 78' lang='lat' dir='ltr'>At</span> <span class='ocrx_word' id='word_1_240' title='bbox 1391 2457 1424 2489; x_wconf 90' lang='lat' dir='ltr'>in</span> <span class='ocrx_word' id='word_1_241' title='bbox 1442 2465 1523 2489; x_wconf 66' lang='lat' dir='ltr'>vett.</span> <span class='ocrx_word' id='word_1_242' title='bbox 1543 2455 1622 2489; x_wconf 79' lang='lat' dir='ltr'>edd.</span> <span class='ocrx_word' id='word_1_243' title='bbox 1643 2469 1796 2500; x_wconf 48' lang='grc' dir='ltr'>ρωποι-ιη</span> <span class='ocrx_word' id='word_1_244' title='bbox 1813 2468 1890 2500; x_wconf 85' lang='lat' dir='ltr'>quae</span> 
     </span>
     <span class='ocr_line' id='line_1_45' title="bbox 1215 2507 1887 2554; baseline -0.003 -11"><span class='ocrx_word' id='word_1_245' title='bbox 1215 2523 1279 2543; x_wconf 80' lang='lat' dir='ltr'>vox</span> <span class='ocrx_word' id='word_1_246' title='bbox 1304 2510 1380 2542; x_wconf 79' lang='lat' dir='ltr'>sine</span> <span class='ocrx_word' id='word_1_247' title='bbox 1409 2508 1529 2543; x_wconf 77' lang='lat' dir='ltr'>addito</span> <span class='ocrx_word' id='word_1_248' title='bbox 1550 2509 1724 2554; x_wconf 76' lang='lat' dir='ltr'>significat</span> <span class='ocrx_word' id='word_1_249' title='bbox 1747 2526 1759 2537; x_wconf 77' lang='lat' dir='ltr'>n</span> <span class='ocrx_word' id='word_1_250' title='bbox 1780 2507 1887 2542; x_wconf 76' lang='lat' dir='ltr'>sedati</span> 
     </span>
     <span class='ocr_line' id='line_1_46' title="bbox 1214 2563 1887 2602; baseline 0 -7"><span class='ocrx_word' id='word_1_251' title='bbox 1214 2572 1297 2596; x_wconf 79' lang='lat' dir='ltr'>sunt</span> <span class='ocrx_word' id='word_1_252' title='bbox 1325 2581 1336 2591; x_wconf 77' lang='lat' dir='ltr'>n</span> <span class='ocrx_word' id='word_1_253' title='bbox 1355 2588 1362 2601; x_wconf 92' lang='lat'><em>,</em></span> <span class='ocrx_word' id='word_1_254' title='bbox 1401 2563 1466 2596; x_wconf 86' lang='lat' dir='ltr'>hoc</span> <span class='ocrx_word' id='word_1_255' title='bbox 1503 2572 1552 2596; x_wconf 81' lang='lat' dir='ltr'>cst</span> <span class='ocrx_word' id='word_1_256' title='bbox 1570 2588 1579 2602; x_wconf 78' lang='lat'>‚</span> <span class='ocrx_word' id='word_1_257' title='bbox 1623 2570 1887 2595; x_wconf 75' lang='lat' dir='ltr'>consenserunt.</span> 
     </span>
     <span class='ocr_line' id='line_1_47' title="bbox 1217 2614 1884 2661; baseline -0.003 -12"><span class='ocrx_word' id='word_1_258' title='bbox 1217 2616 1338 2661; x_wconf 60' lang='lat' dir='ltr'>Virgil.</span> <span class='ocrx_word' id='word_1_259' title='bbox 1355 2614 1492 2649; x_wconf 49' lang='lat' dir='ltr'>ilineid.</span> <span class='ocrx_word' id='word_1_260' title='bbox 1516 2616 1613 2648; x_wconf 76' lang='lat' dir='ltr'>vul.</span> <span class='ocrx_word' id='word_1_261' title='bbox 1634 2615 1772 2656; x_wconf 69' lang='lat' dir='ltr'>«Quum</span> <span class='ocrx_word' id='word_1_262' title='bbox 1790 2615 1884 2647; x_wconf 78' lang='lat' dir='ltr'>venti</span> 
     </span>
    </p>
   </div>
   <div class='ocr_carea' id='block_1_15' title="bbox 1213 2668 1848 2713">
    <p class='ocr_par' dir='ltr' id='par_1_20' title="bbox 1213 2668 1848 2713">
     <span class='ocr_line' id='line_1_48' title="bbox 1213 2668 1848 2713; baseline -0.003 -11"><span class='ocrx_word' id='word_1_263' title='bbox 1213 2681 1360 2713; x_wconf 79' lang='lat' dir='ltr'>posuere</span> <span class='ocrx_word' id='word_1_264' title='bbox 1382 2687 1394 2697; x_wconf 91' lang='lat'><em>-</em></span> <span class='ocrx_word' id='word_1_265' title='bbox 1414 2695 1421 2705; x_wconf 80' lang='grc'>,</span> <span class='ocrx_word' id='word_1_266' title='bbox 1438 2678 1501 2702; x_wconf 70' lang='lat' dir='ltr'>etc..</span> <span class='ocrx_word' id='word_1_267' title='bbox 1526 2679 1650 2712; x_wconf 75' lang='lat' dir='ltr'>nempe</span> <span class='ocrx_word' id='word_1_268' title='bbox 1671 2668 1768 2700; x_wconf 78' lang='lat' dir='ltr'>iram.</span> <span class='ocrx_word' id='word_1_269' title='bbox 1783 2668 1848 2700; x_wconf 73' lang='lat' dir='ltr'>En.</span> 
     </span>
    </p>
   </div>
  </div>
 </body>
</html>
