1978 3305
365 226 945 270 EPIGRAMMATUM
983 229 1107 271 LIB.
1147 231 1200 272 X.

264 314 387 358 Absit
414 331 564 359 cereus
593 314 700 358 aridi
727 314 913 365 clientis,

1393 230 1483 277 561

263 386 321 427 *Et
349 386 446 427 vani
472 384 681 445 triplices,
707 385 945 446 brevesque
972 401 1139 447 mappae

268 456 530 515 Exspectent
554 455 681 516 gelidi
707 455 828 514 jocos
853 456 1122 500 Decembris.

268 526 447 568 Certent
476 525 727 569 muneribus
749 525 971 569 beatiores.

267 596 470 656 Agrippae
496 596 686 638 tumidus
715 596 958 655 negotiator

268 665 423 708 Cadmi
449 667 687 726 municipes
715 665 823 709 ferat
854 664 1059 709 lacernas.

268 736 517 796 Pugnorum
543 752 640 779 reus
652 771 662 789 ,
687 735 915 795 ebriaeque
929 737 1067 779 noctis

268 806 513 848 Coenatoria
545 807 686 849 mittat
713 805 936 849 advocato.

266 874 479 919 Infamata
505 877 644 919 virum
676 875 817 936 puella
844 875 978 920 vicit?

268 947 408 989 Veros
437 945 747 1006 sardonychas,
770 946 842 990 sed
867 947 958 1007 ipsa
973 982 983 999 ,
1010 947 1162 990 tradat.

268 1017 454 1060 Mirator
484 1026 677 1060 veterum
708 1033 834 1060 senex
861 1033 1041 1061 avorum

269 1087 417 1130 Donet
442 1087 632 1130 Phidiaci
663 1097 861 1131 toreuma
889 1086 991 1131 eaeli.

1152 1086 1158 1101 Ι

270 1158 466 1200 Venator
491 1156 704 1217 leporem,
731 1157 910 1201 colonus
935 1156 1107 1201 haedum
1125 1193 1136 1212 ,

151 1273 183 1305 5.
210 1272 307 1305 Absit
329 1285 444 1305 cereus.
462 1273 609 1305 Munera
627 1273 767 1305 mittere

95 1325 252 1358 solebant
271 1323 314 1357 ad
329 1337 405 1357 eum
416 1349 426 1361 ,
440 1326 538 1370 cujus
552 1325 701 1358 natalem
716 1337 768 1359 ce-

96 1378 274 1411 lebrabant
293 1377 446 1422 antiqui,
462 1377 522 1410 lib.
536 1378 637 1417 VIII,
656 1379 764 1423 epigr.

98 1441 190 1463 Lxlv.
218 1430 346 1463 Sensus
375 1429 523 1463 est:Ad
553 1430 765 1464 Restitutum

96 1495 139 1515 ne
171 1483 358 1516 mittantur
383 1483 464 1515 vilia
491 1495 653 1524 munera,
677 1484 768 1516 cerei

96 1547 221 1581 nempe
233 1562 241 1576 ,
256 1535 441 1581 pugillares
451 1561 460 1576 ,
473 1544 507 1568 et
521 1548 656 1581 mappae
667 1562 676 1577 ‚
692 1549 768 1582 quae

95 1588 323 1621 mittebantur
341 1588 616 1621 Saturnaliorum
634 1597 768 1634 tempo-

97 1653 145 1674 re.
168 1641 367 1674 Macrobius
390 1641 529 1674 Saturn.
554 1641 617 1674 lib.
642 1641 673 1675 I.
692 1653 766 1687 cap.

99 1708 133 1739 7.
149 1693 264 1727 «Illud
281 1706 441 1740 quoque,
458 1694 590 1739 inquit,
608 1694 642 1727 in
660 1695 769 1728 literis

96 1747 250 1788 invenio,
260 1746 376 1792 quod,
390 1759 499 1792 quum
510 1747 610 1780 multi
624 1748 771 1781 occasio·

96 1813 140 1834 ne
161 1799 435 1833 Saturnaliorum
458 1812 522 1846 per
544 1799 720 1833 avaritiam
750 1813 767 1833 a

97 1853 279 1887 clientibus
299 1853 480 1886 ambitiose
497 1865 641 1886 munera
655 1854 768 1899 exige-

98 1914 192 1946 rent,
216 1905 322 1951 idqne
343 1918 435 1938 onus
453 1906 627 1938 tenuiores
647 1919 766 1951 grava-

98 1967 168 1994 ret.
184 1958 364 1991 Publicius
377 1958 538 1991 tribunus
550 1959 662 2004 plebis
673 1959 765 1996 tulit..

98 2020 136 2044 ut
157 2023 226 2043 non
249 2011 314 2044 nisi
334 2012 424 2044 cerei
447 2010 632 2044 ditioribus
656 2011 768 2044 missi-

98 2072 296 2105 tarenturn,
309 2071 373 2097 etc.
387 2062 478 2097 Alias
491 2071 656 2110 praeterea
670 2076 768 2098 caus-

99 2129 150 2149 sas
171 2117 282 2150 affert.
305 2117 455 2161 Triplices
477 2116 663 2162 pugillares
687 2124 770 2150 sunt

100 2169 203 2201 trium
227 2169 446 2214 paginarum.

155 2224 188 2256 8.
220 2221 346 2254 Certent
372 2221 556 2254 muneribus.
591 2222 667 2255 Hoc
698 2230 769 2261 est,

100 2273 242 2307 ditiores
273 2274 417 2307 clientes
438 2282 472 2307 et
501 2274 601 2307 amici
624 2286 768 2307 munera

100 2327 258 2360 certatim
276 2327 415 2359 mittant
433 2325 476 2359 ad
494 2326 715 2360 Restitutum.

155 2392 188 2423 9.
208 2379 377 2424 Agrippae.
390 2379 466 2412 Hoc
480 2387 548 2419 est,
561 2379 677 2424 inquit
691 2379 772 2411 Far-

102 2432 241 2471 nabius,
257 2432 317 2477 qui
335 2432 370 2464 in
385 2431 548 2477 Agrippae
562 2432 717 2476 porticu,
737 2440 771 2465 et

102 2485 228 2529 septIS,
255 2483 300 2517 de
328 2484 457 2529 quibus
484 2484 543 2516 lib.
574 2485 642 2524 IX,
662 2484 769 2529 epigr.

104 2550 166 2577 Lx,
197 2538 364 2582 superbas
392 2545 426 2569 et
455 2537 621 2582 pretiosas
640 2548 772 2570 merces

103 2589 287 2623 vendebat.

162 2655 213 2676 io.
229 2642 342 2676 Cadmi
355 2642 676 2687 municipes.Tyrias,
694 2654 773 2675 nam

178 2719 234 2758 ll.

828 1272 995 1317 Agenoris
1008 1273 1109 1317 Tyrii
1123 1272 1215 1305 filius
1230 1272 1382 1307 Cadmus
1394 1287 1403 1316 ;
1417 1287 1497 1320 ergo

826 1336 1022 1370 purpureas
1035 1351 1043 1365 ‚
1061 1333 1100 1357 ut
1119 1325 1180 1358 lib.
1203 1326 1237 1357 II
1249 1351 1258 1366 ,
1277 1327 1387 1372 epigr.
1406 1340 1499 1361 xmn

885 1391 897 1411 1
912 1391 924 1411 1
934 1404 941 1410 .
956 1378 1139 1421 Pugnorum
1154 1391 1232 1411 reus.
1248 1379 1324 1412 Hoc
1337 1388 1403 1417 est,
1419 1393 1499 1414 reus

828 1429 871 1462 de
889 1431 945 1471 vi,
968 1442 1072 1475 quam
1095 1431 1212 1464 ebrius
1239 1432 1340 1465 alicui
1360 1432 1498 1473 intulit,

829 1483 1031 1516 coenatorias
1052 1492 1161 1517 vestes
1181 1483 1296 1518 mittat
1315 1486 1498 1526 Restituto,

829 1548 847 1568 a
866 1548 936 1581 quo
954 1535 1096 1569 defendi
1114 1537 1234 1581 possit.

886 1601 899 1620 1
911 1601 943 1621 2.
964 1588 1145 1621 Caenatorta
1159 1591 1276 1622 mittat.
1289 1590 1426 1632 Laenas,
1443 1602 1499 1622 ve-

829 1649 893 1673 stes
921 1641 1048 1686 quibus
1078 1641 1112 1674 in
1141 1653 1234 1674 coena
1264 1642 1396 1688 antiqui
1423 1652 1497 1676 ute-

828 1694 975 1735 bantnr;
992 1690 1212 1737 δειπνιχίδαε.
1231 1694 1288 1727 Sic
1307 1703 1341 1728 et
1355 1697 1499 1738 forensia

828 1745 1014 1788 dixerunt,
1037 1755 1147 1780 vestes
1163 1747 1293 1792 quibus
1310 1750 1497 1782 utebantur

827 1799 863 1831 in
876 1799 1134 1844 foro.Lugubr1'a
1148 1812 1287 1845 quoque
1299 1800 1388 1835 dixit
1398 1802 1500 1835 Sene-

827 1864 864 1885 ca
876 1860 985 1886 vestes
997 1852 1171 1897 lugubres.
1189 1853 1365 1887 Advocato.
1378 1855 1472 1887 Tibi.

885 1905 943 1938 13.
967 1906 1180 1950 Improegnata
1203 1905 1282 1939 cod.
1305 1907 1428 1940 Bet-erl.
1448 1929 1497 1934 --

828 1958 999 2000 Infamata.
1020 1957 1192 1991 Adulterii
1214 1971 1283 1991 rea.

886 2015 941 2050 14.
968 2010 1189 2046 Sat-donrchas
1208 2025 1310 2044 ‘ret-os.
1332 2011 1414 2045 Vid.
1439 2012 1501 2046 lib.

829 2064 898 2103 XI,
920 2063 1029 2108 epigr.
1051 2076 1111 2104 Lx,
1135 2077 1182 2096 vs.
1207 2075 1263 2107 ¹9·

887 2129 899 2149 1
911 2115 943 2149 5.
956 2118 989 2149 A
994 2129 1108 2148 vorum.
1119 2116 1215 2148 Alios
1232 2117 1343 2161 legere
1360 2117 1500 2149 laborum

828 2177 948 2201 monet
964 2167 1077 2201 editor
1092 2168 1218 2214 Delph.
1234 2169 1374 2201 Avarum
1387 2177 1502 2202 tamen

830 2221 946 2266 potius
966 2219 1117 2253 videtur.
1137 2241 1187 2246 —-
1201 2221 1350 2254 Mirator.
1372 2223 1411 2254 In
1434 2222 1502 2255 hoc

828 2285 928 2306 versu
950 2271 1088 2306 credam
1113 2273 1311 2306 meminisse
1332 2273 1501 2307 Nostrum

829 2326 985 2365 Horatii,
1003 2326 1062 2370 qui
1080 2325 1115 2358 in
1135 2328 1219 2358 Arte
1236 2326 1394 2367 poetica,
1417 2327 1501 2371 173,

830 2379 919 2411 senis
939 2390 1052 2411 mores
1069 2376 1267 2411 describens
1278 2403 1288 2418 ‚
1305 2379 1352 2411 ait
1365 2391 1394 2412 ει
1413 2380 1502 2412 Lau-

830 2430 931 2464 dator
950 2431 1116 2476 temporis
1132 2430 1197 2464 acti
1213 2429 1256 2463 Se
1272 2443 1393 2476 puero.
1409 2449 1421 2461 ι»
1435 2432 1501 2465 En.

890 2486 946 2517 16.
966 2483 1115 2516 Phidiaci
1133 2491 1270 2516 toreuma
1286 2484 1366 2518 caeli.
1382 2485 1504 2518 Crate-

831 2549 884 2569 ras
912 2544 945 2569 et
968 2544 1095 2569 statuas
1119 2548 1135 2568 a
1155 2535 1296 2576 Phidia,
1317 2537 1428 2569 nobili
1452 2546 1505 2571 to-

832 2597 947 2629 reuta,
963 2597 1066 2622 torno
1085 2601 1122 2622 ac
1139 2589 1222 2622 caelo
1245 2589 1374 2622 affabre
1389 2589 1506 2623 factas.

833 2642 910 2675 Lib.
925 2642 996 2682 VI,
1017 2642 1126 2687 epigr.
1151 2653 1221 2674 xm
1235 2668 1244 2682 ,
1264 2654 1313 2675 vs.
1341 2655 1370 2675 1.

1206 2712 1268 2757 36
