1978 3305
369 226 956 271 EPIGRAMMATUM
993 225 1117 268 LIB.
1157 225 1244 267 IX.

1409 223 1498 279 [231

173 315 241 358 Sic
272 323 479 357 montana
504 323 602 358 tuos
628 330 799 374 semper
823 311 938 357 colat
961 311 1146 356 Umbria
1173 311 1337 365 fontes,

245 383 337 428 Nec
367 394 441 428 tua
468 385 652 429 Baianas
680 385 853 428 Sarsina
877 381 999 427 malit
1023 398 1180 443 aquas;

173 455 335 515 Excipe
364 453 569 499 sollicitos
594 454 785 516 placide,
810 469 906 498 mea
934 452 1071 509 dona,
1097 450 1284 508 libellos;

240 526 307 567 Tu
337 524 469 569 fueris
496 526 635 569 Musis
660 526 832 585 Pegasis
857 523 973 567 unda
999 524 1117 567 meis.

172 593 475 655 Nympharum
506 594 676 656 templis
701 595 895 655 quisquis
921 610 998 637 sua
1027 594 1219 637 carmina
1244 592 1401 647 donat,

242 665 363 722 Quid
393 665 486 709 fieri
515 665 635 709 libris
663 665 845 720 debeat,
869 665 960 724 ipse
985 671 1145 706 monet.

102 795 256 830 fontibus
274 797 385 831 inesse
404 795 594 830 credebant
609 797 774 837 Veteres,

101 857 207 894 atque
236 849 295 882 illa
328 849 500 883 colebant.
527 851 580 883 De
618 849 672 883 his
705 851 773 895 jam

101 900 251 935 dictum.

155 954 188 988 3.
208 954 262 988 Sic
289 963 449 989 montana.
479 955 560 989 Lib.
577 956 673 994 VII,
702 955 776 1001 epi-

101 1018 246 1051 gramm.
261 1007 355 1041 citat.
373 1020 424 1042 vs.
447 1021 479 1041 2.

156 1063 189 1099 4.
208 1060 275 1093 Nec
291 1068 355 1093 tua.
373 1061 450 1094 Hoc
464 1068 535 1102 est,
551 1073 617 1094 nec
634 1060 777 1094 Baianas

101 1124 206 1157 aquas
227 1113 294 1146 tuis
329 1121 544 1159 anteponant
574 1112 772 1147 Sarsinates.

102 1164 294 1198 —Sarsina
312 1166 468 1200 Umbriae
487 1167 581 1200 urbs.

156 1219 189 1251 5.
207 1218 378 1252 Sollicitos.
393 1220 445 1252 De
461 1219 597 1264 judicio
614 1218 746 1252 Sabini.

155 1273 187 1303 6.
220 1271 354 1315 Pegasis
385 1272 479 1305 unda.
511 1272 588 1304 Hoc
624 1280 675 1305 est
695 1283 703 1305 :
723 1273 775 1305 Te

100 1322 302 1357 existimabo
344 1324 593 1370 Hippocrenen
640 1325 775 1357 fontem

833 796 942 829 Musis
967 808 1124 836 sacrum,
1146 807 1250 840 quem
1268 795 1416 840 Pegasus
1444 808 1512 828 un-

833 849 913 894 gula
934 861 994 881 sua
1021 847 1184 894 aperuit:
1209 847 1304 881 unde
1335 856 1369 881 et
1398 848 1508 882 Musae

835 900 938 934 dictae
971 909 1051 934 sunt
1075 900 1267 946 Pegasides.
1292 900 1396 934 Ovid.
1421 902 1505 935 Met.

835 955 909 988 IV:
933 972 946 983 ‹-
965 954 1068 987 Fama
1097 954 1182 988 novi
1223 953 1329 987 fontis
1373 962 1508 987 nostras

834 1007 995 1053 pervenit
1019 1006 1064 1040 ad
1084 1019 1203 1048 aures,
1223 1008 1322 1040 Dura
1341 1006 1507 1040 Medusaei

835 1073 940 1107 quem
960 1060 1121 1106 praepetis
1139 1060 1271 1105 ungula
1286 1060 1394 1104 rupit.
1411 1077 1424 1090 u

890 1114 923 1146 8.
942 1114 1044 1146 Docet
1059 1126 1124 1158 pro
1147 1121 1250 1146 monet
1261 1113 1445 1146 Pulmann.
1457 1134 1508 1139 —

837 1166 929 1211 Quid
938 1165 1024 1211 fieri.
1044 1166 1221 1199 Nimirum
1240 1167 1276 1199 in
1290 1164 1402 1199 undas
1417 1178 1508 1199 mer-

833 1218 965 1264 gendos
980 1232 1067 1260 esse,
1084 1219 1112 1252 si
1128 1218 1386 1265 displicuerint.
1400 1219 1505 1253 Conf.

833 1272 893 1306 lib.
933 1272 988 1304 III
1008 1299 1017 1313 ,
1052 1272 1161 1318 epigr.
1202 1284 1220 1305 c
1259 1280 1293 1305 et
1335 1271 1396 1305 lib.
1434 1272 1507 1312 IV,

836 1324 946 1370 epigr.
966 1337 1000 1358 x.

739 1459 870 1514 LX.

558 1609 613 1637 IN
665 1589 1055 1637 MAMURRAM.*

170 1734 224 1777 ΙΝ
249 1734 380 1794 septis
404 1735 630 1777 Mamurra
659 1734 734 1778 diu
762 1734 1034 1795 multumque
1063 1743 1268 1795 vagatus,

238 1805 320 1847 Hie
349 1804 424 1848 ubi
449 1806 591 1848 Roma
619 1821 717 1850 suas
745 1821 876 1849 aurea
907 1815 1035 1849 vexat
1064 1821 1193 1866 opes,

167 1875 363 1935 Inspexit
386 1873 537 1920 molles
564 1892 746 1936 pueros,
774 1875 994 1937 oculisque
1022 1875 1236 1931 comedit3

152 2006 166 2020 '¹
176 2011 398 2057 Epigramma
411 2012 545 2057 elegans
558 2038 566 2053 ‚
582 2025 652 2058 quo
668 2013 775 2047 facete

100 2063 308 2098 describitur
330 2065 440 2099 homo
465 2065 603 2104 ἀλαζών.
622 2065 708 2100 Ideo
739 2067 775 2099 in

100 2118 275 2152 Mamurra
301 2118 513 2164 paupertatis
540 2117 774 2153 dissimulato-

99 2182 154 2203 res
168 2169 312 2213 irridet3
329 2172 389 2217 qui
405 2172 440 2204 in
461 2170 628 2205 nundinis
645 2173 775 2206 scilicet

101 2222 197 2255 ibant
216 2223 362 2268 perinde
380 2224 479 2271 quasi
501 2225 619 2258 omnia
640 2234 775 2272 emptu-

100 2276 149 2315 ri,
170 2287 280 2321 quum
301 2277 356 2310 vix
373 2278 542 2312 haberent
561 2277 656 2324 quod
678 2278 775 2312 domi

103 2336 293 2362 coenarent.

157 2393 187 2414 1.
217 2382 256 2414 In
286 2385 391 2427 septis.
419 2384 461 2415 Iu
490 2395 613 2428 campo
649 2397 774 2430 nempe

99 2434 229 2467 Martio
248 2444 346 2468 erant
366 2444 460 2481 septa
473 2461 483 2473 ,
502 2435 547 2469 de
567 2436 694 2481 quibus
713 2437 775 2470 lib.

99 2487 135 2519 Π
148 2512 158 2527 ,
178 2488 288 2533 epigr.
308 2500 379 2522 nv.

156 2552 189 2572 2.
220 2540 282 2573 Ubi
306 2542 426 2580 Roma,
451 2549 518 2574 etc.
539 2541 610 2574 Ubi
641 2543 777 2576 venales

100 2601 345 2638 exponuntur,
379 2602 617 2636 ostentantur,
642 2595 776 2628 licitan-

102 2653 170 2685 tnr,
192 2655 360 2680 emuntur
385 2647 533 2692 ingentis
555 2648 658 2694 pretii
684 2661 775 2681 mer-

835 2025 903 2048 ces.
917 2013 996 2046 Lib.
1010 2014 1044 2046 X
1054 2040 1064 2056 ‚
1084 2014 1194 2059 epigr.
1212 2026 1313 2047 Lxxx.
1327 2015 1505 2049 —l‘exan

834 2065 995 2099 Emendo
1014 2092 1024 2108 ‚
1066 2065 1235 2100 licitando
1253 2093 1261 2107 ‚
1302 2066 1471 2112 litigando
1498 2095 1508 2109 ‚

834 2118 1052 2153 ostentando.
1069 2142 1122 2146 --
1135 2119 1235 2152 Mirae
1256 2132 1336 2153 sane
1357 2119 1508 2155 audaciae

833 2185 918 2214 vox,
935 2181 969 2206 et
981 2172 1362 2218 quaedithyrambicum
1376 2174 1508 2219 aliquid

834 2226 955 2272 sapiat.
971 2227 1207 2270 Usurparerat
1227 2233 1341 2259 tamen
1363 2227 1507 2272 Crispus

834 2279 870 2311 in
886 2279 982 2312 Bello
1006 2278 1105 2312 Catil.
1123 2279 1186 2312 ubi
1207 2277 1250 2312 de
1270 2280 1508 2313 Romanorum

833 2331 1054 2377 prodigentia
1069 2332 1217 2365 Catilina
1240 2331 1287 2365 ait
1306 2343 1314 2364 ε
1337 2351 1351 2362 «ι
1364 2332 1507 2366 trahunt

839 2385 1025 2430 pecuniam
1039 2410 1048 2425 ‚
1067 2392 1205 2418 vexant.
1226 2402 1238 2414 n
1255 2385 1321 2418 En.

892 2437 925 2470 3.
944 2438 1084 2483 Inspexit
1098 2438 1204 2470 molles
1219 2450 1343 2482 pueros.
1360 2439 1509 2472 Venales

837 2490 1021 2535 diligenter
1036 2490 1196 2536 inspexit.
1215 2490 1293 2523 Lib.
1308 2491 1359 2523 VI
1370 2518 1378 2532 ‚
1397 2492 1508 2536 epigr.

838 2556 960 2577 Lxxxn
972 2569 980 2582 ,
1006 2556 1055 2577 vs.
1080 2556 1093 2577 1
1103 2565 1171 2577 .—
1182 2543 1351 2591 Oculisque
1365 2545 1506 2578 comedit.

842 2597 899 2630 Sic
918 2597 982 2630 lib.
998 2598 1032 2636 I,
1048 2597 1158 2642 epigr.
1176 2609 1271 2630 xcvu
1285 2623 1294 2638 ‚
1313 2610 1363 2630 vs.
1384 2610 1398 2630 1
1410 2610 1441 2630 α.
1456 2619 1507 2624 —-

839 2650 977 2696 Inspexit
1011 2650 1126 2683 molles.
1164 2650 1272 2691 Quasi
1312 2659 1504 2696 empturus.
