1978 3305
442 187 495 238 ¹4
805 184 867 226 M.
890 184 1031 227 VAL.
1070 182 1466 227 MARTIALIS

1081 334 1194 388 IX.

881 489 935 518 m
980 468 1386 518 SYMMACHUM.*

500 614 803 657 LANGUEBAM
826 628 835 655 :
858 611 934 656 sed
964 621 1012 655 tu
1042 613 1276 657 comitatus
1303 613 1504 673 protinus
1528 611 1583 656 ad
1610 629 1678 656 me

570 683 740 725 Venisti
771 691 970 738 centum,
991 683 1279 744 Symmacho,
1308 681 1542 744 discipulis.

498 752 688 796 Centum
713 769 784 796 me.
811 754 992 814 tetigere
1018 769 1174 797 manus
1195 752 1411 814 Aquilone
1434 752 1599 814 gelatae.

569 819 672 866 Non
696 822 832 867 habui
858 822 1024 867 febrem
1040 859 1052 880 ,
1081 823 1369 884 Symmache,
1392 839 1512 868 nunc
1539 822 1693 867 habeo.

480 956 495 971 ¹¹
523 961 754 1007 Symmachus
785 969 884 996 aetate
911 961 1082 996 Martialis
1095 987 1106 1004 ‚

429 1013 605 1055 medicus,
623 1016 726 1060 cujus
744 1015 877 1048 mentio
897 1023 948 1049 est
968 1015 1030 1048 lib.
1053 1015 1107 1048 VI

429 1076 464 1101 et
474 1068 557 1101 VII.
568 1068 688 1109 Quum
698 1067 756 1101 ille
766 1068 965 1102 Martialem
977 1080 1107 1113 aegruin

429 1120 556 1154 viseret
582 1133 664 1154 cum
683 1121 755 1154 suis
779 1119 1024 1162 auditoribus,
1045 1120 1107 1166 qui

428 1174 534 1208 etiam
552 1174 667 1207 Poetae
685 1173 821 1207 arteriae
838 1174 980 1220 pulsum
1001 1186 1108 1207 manu

429 1227 651 1272 explorarent
663 1251 672 1267 ,
690 1239 731 1260 ex
749 1235 880 1260 attactu
897 1235 951 1261 tot
964 1225 1106 1272 frigida-

430 1292 532 1321 rum,
549 1278 732 1313 horridam
755 1280 808 1314 illi
832 1281 966 1314 febrem
988 1280 1107 1314 couci-

429 1333 560 1366 liarunt
576 1359 586 1375 ,
603 1333 839 1379 morbumque
861 1345 935 1367 non
959 1341 1030 1367 tam
1051 1345 1109 1367 cu·

429 1394 552 1419 rarunt
565 1412 575 1428 ,
594 1398 699 1431 quam
713 1395 889 1420 crearunt.
908 1386 1028 1420 Rader.

488 1451 517 1473 1.
537 1438 771 1473 Beverlandus
789 1452 831 1474 ex
855 1438 1011 1485 quodam
1028 1438 1106 1473 cod.

432 1492 534 1526 affert
544 1518 553 1534 ‚
569 1494 735 1525 comitatus
751 1493 891 1526 omnibus
907 1493 952 1525 ad
963 1505 1009 1525 me
1019 1506 1032 1532 ;
1048 1492 1109 1527 sed

427 1548 570 1591 protinus
579 1544 804 1578 retinendum
816 1554 946 1580 censet.
960 1567 1012 1572 —
1025 1546 1110 1578 Lan-

429 1599 576 1643 guebam.
593 1598 762 1632 Nondum
778 1599 881 1645 plane
895 1611 984 1644 aeger
996 1611 1105 1639 eram,

431 1651 489 1685 sed
513 1664 569 1685 me
593 1660 728 1686 tantum
750 1651 961 1686 deficiebant
980 1652 1080 1685 vires.

489 1717 521 1738 2.
542 1705 668 1738 Venisti
689 1713 809 1738 centum
826 1732 835 1745 ,
861 1713 928 1739 etc.
945 1705 1107 1746 Venisti,

431 1770 454 1790 o
482 1757 618 1792 medice
633 1783 643 1797 ,
674 1759 860 1793 comitatus
890 1758 1011 1792 multis
1041 1758 1110 1792 tuis

432 1810 614 1857 discipulis
635 1808 724 1858 (pro
742 1824 842 1845 more
859 1810 997 1845 visendi
1016 1811 1110 1845 illius

432 1863 625 1910 temporis)
639 1890 649 1907 ‚
672 1865 733 1910 qui
747 1864 873 1910 singuli
888 1865 994 1910 longo
1013 1863 1109 1898 ordi-

431 1929 478 1950 ne
504 1930 629 1951 venam
661 1930 773 1952 meam
803 1919 992 1964 tangebant
1012 1944 1022 1961 ,
1054 1919 1109 1951 vel

432 1971 549 2015 potius
571 1971 732 2004 arteriam
753 1972 996 2018 explorabant3
1012 1972 1043 2005 Τ
1042 1974 1110 2003 αἰει-

433 2024 460 2055 le
476 2025 580 2068 pouls.
590 2045 643 2051 —-
654 2024 782 2058 Venisti
797 2033 930 2058 centum.
944 2023 1054 2058 Poeta
1066 2024 1110 2058 ir·

434 2076 527 2110 ridet
546 2077 794 2123 Symmachum
817 2077 1009 2124 quemdam
1036 2090 1108 2111 me-

433 2128 551 2163 dicum
570 2156 579 2171 ‚
613 2131 674 2176 qui
709 2143 790 2164 cum
824 2131 894 2165 suis
928 2130 1110 2177 discipulis

435 2182 533 2215 illum
562 2184 701 2227 invisit3
721 2197 831 2230 quum
869 2197 953 2218 vero
988 2197 1110 2218 omnes

434 2235 525 2268 illius
544 2237 706 2270 arteriam
724 2250 831 2271 manu
853 2238 966 2283 gelata
991 2238 1110 2283 explo-

433 2289 622 2330 ravissent,
645 2290 870 2335 frigidissimo
895 2291 957 2324 illo
981 2299 1109 2324 attactu

434 2343 566 2375 febrem
584 2344 794 2377 contraxisse
805 2356 840 2377 se
857 2343 953 2377 dicit.
965 2365 1016 2372 -·
1027 2345 1108 2377 Non

433 2404 531 2428 erant
544 2404 627 2428 tunc
643 2398 810 2441 temporis
822 2424 830 2438 ‚
853 2406 890 2430 ut
906 2396 1013 2431 hodie
1025 2425 1032 2436 ‚
1050 2410 1110 2431 no-

435 2449 584 2481 socomia
601 2474 610 2489 ,
630 2448 673 2482 nd
694 2450 915 2495 recipiendos
933 2459 967 2484 et
985 2464 1112 2484 curan-

435 2500 497 2534 ‹los
518 2514 624 2546 :rgros
638 2501 780 2542 Ξάυιιοιις
798 2514 854 2537 aut
869 2505 894 2537 si
910 2517 975 2549 qua
991 2513 1087 2538 erant
1100 2530 1108 2542 ,

1166 973 1341 1008 perpauca
1357 987 1367 1004 ,
1394 974 1460 996 nec
1484 961 1614 996 nostris
1635 961 1708 995 ullo
1734 959 1841 995 modo

1167 1013 1391 1048 conferenda.
1410 1015 1530 1056 Quum
1545 1015 1653 1060 igitur
1667 1012 1843 1048 auditores

1167 1068 1230 1101 ista
1254 1067 1497 1102 instructionis
1518 1067 1663 1101 medicae
1683 1078 1840 1101 commo-

1167 1120 1273 1155 ditate
1286 1129 1458 1163 carerent,
1467 1133 1548 1155 cum
1558 1120 1646 1166 mag¹
1655 1128 1723 1153 ’.ει-ο
1733 1131 1842 1165 aegros

1166 1174 1296 1219 passim
1325 1173 1478 1207 invisere
1509 1174 1736 1219 cogebantur.
1762 1173 1843 1206 Vox

1166 1227 1296 1260 clinicus
1313 1239 1418 1273 quam
1438 1227 1500 1261 lib.
1520 1228 1573 1260 IX
1586 1251 1596 1269 ‚
1612 1227 1721 1272 epigr.
1739 1237 1839 1265 xciv,

1166 1280 1388 1321 notabimus,
1412 1292 1485 1313 non
1512 1278 1678 1313 eumdem
1703 1291 1842 1313 sensum

1167 1345 1247 1366 cum
1261 1333 1450 1367 recentiori
1467 1333 1616 1379 praehet:
1633 1331 1727 1366 idem
1744 1338 1843 1366 sonat

1167 1398 1206 1420 ac
1228 1386 1363 1419 medicus
1382 1386 1428 1419 ad
1446 1386 1569 1420 lectum.

1222 1440 1260 1473 3.
1282 1440 1339 1473 Me
1361 1441 1488 1483 tetigere
1509 1452 1630 1472 manus.
1656 1437 1739 1471 Non
1765 1445 1842 1471 tan-

1168 1500 1261 1534 tum,
1282 1492 1434 1527 arbitror
1452 1491 1587 1526 arteriae
1599 1490 1752 1526 salientis
1763 1491 1842 1537 pul-

1167 1558 1246 1579 sum
1282 1546 1510 1592 explorarunt
1542 1544 1720 1579 auditores
1738 1556 1748 1586 ;
1781 1542 1843 1578 sed

1169 1607 1210 1632 ut
1236 1599 1393 1633 solebant
1425 1598 1560 1644 antiqui
1586 1596 1741 1639 medici,
1781 1595 1843 1630 de-

1168 1659 1330 1685 texerunt
1365 1663 1497 1697 corpus
1532 1649 1732 1697 aegrotantis
1751 1675 1762 1691 ,
1804 1657 1844 1683 ut

1168 1712 1356 1738 noscerent
1373 1704 1532 1738 habitum
1554 1702 1731 1749 corporis,
1745 1702 1841 1748 quali

1169 1766 1256 1792 esset
1280 1758 1390 1792 macie
1414 1765 1473 1791 aut
1494 1756 1728 1803 pinguedine,
1747 1754 1843 1802 quod

1169 1819 1243 1845 erat
1261 1811 1377 1857 magni
1392 1810 1562 1844 momenti
1574 1808 1618 1843 ad
1635 1807 1843 1844 curandum.

1169 1864 1207 1898 Si
1229 1862 1396 1898 addamus
1415 1863 1477 1898 has
1498 1876 1622 1897 manus
1642 1863 1770 1908 gelatas
1790 1869 1844 1896 to-

1168 1926 1245 1951 tum
1272 1929 1401 1964 corpus
1423 1916 1679 1957 attrectavisse‚
1709 1927 1778 1961 qua
1808 1927 1844 1948 se

1169 1970 1289 2004 dolere
1307 1982 1396 2016 aeger
1414 1977 1620 2016 quereretur
1639 1982 1649 2011 ;
1671 1968 1770 2002 facile
1789 1967 1843 2001 in-

1169 2023 1366 2069 telligemus
1378 2023 1433 2057 his
1445 2023 1562 2069 potius
1573 2022 1785 2057 contraxisse
1798 2021 1845 2054 fe·

1167 2077 1285 2118 brem,
1301 2088 1367 2110 nec
1382 2089 1455 2110 uno
1471 2076 1606 2110 brachii
1623 2083 1762 2109 attactu.
1776 2074 1843 2107 En.

1169 2150 1222 2156 —
1237 2130 1398 2176 Aquilone
1423 2130 1551 2174 gelatoe.
1580 2127 1844 2174 Frigidissimoe‚

1169 2191 1336 2228 tanquam
1356 2183 1467 2216 Borea
1486 2182 1616 2227 gelatae.

1226 2241 1258 2276 4.
1279 2237 1354 2270 Non
1376 2236 1470 2268 habui
1479 2235 1600 2278 fibi-cm
1616 2261 1625 2275 ,
1648 2243 1713 2268 etc.
1734 2233 1778 2266 Et
1796 2233 1845 2265 la-

1171 2290 1255 2323 tenti
1282 2290 1318 2322 in
1346 2301 1402 2322 me
1425 2289 1532 2322 febris
1555 2300 1665 2322 causae
1692 2299 1847 2332 προηγου-

1170 2345 1249 2387 μένης.
1262 2369 1271 2384 ,
1290 2341 1437 2388 frigidus
1456 2350 1569 2375 vester
1592 2349 1773 2375 contactus
1790 2337 1848 2371 ad-

1167 2397 1249 2441 jecit
1286 2396 1499 2430 extrinsecus
1535 2396 1814 2440 πρεκαταρκτικὴν
1834 2405 1844 2430 ς

1170 2450 1217 2483 im
1246 2450 1349 2495 plane
1369 2449 1510 2482 accessit
1535 2448 1663 2487 febris,
1687 2447 1721 2479 in
1741 2457 1844 2490 quam

1173 2503 1268 2548 prius
1285 2503 1395 2536 solum
1413 2501 1633 2546 disponebar.
