1978 3305
469 187 1061 231 EPIGRAMMATUM
1099 186 1224 230 LIB.
1265 187 1317 230 V.
1571 186 1591 209 Γ

830 338 948 394 ΙΙΙ.

632 493 699 522 ΑΙ)
737 493 1118 523 DOMITIANUM.

252 617 437 660 ACCOLA
460 615 546 674 jam
573 624 732 658 nostrae
752 615 908 674 Degis,
929 616 1188 659 Germanice
1206 650 1216 671 ,
1238 617 1365 676 ripae,

320 686 358 728 A
386 682 556 728 famulis
587 685 687 729 Istri
715 685 789 744 qui
812 684 888 728 tibi
911 685 1029 728 venit
1052 685 1196 744 aquis,

252 757 397 799 Laetus
422 765 465 799 et
487 755 718 810 attonitus,
739 755 833 799 viso
860 754 991 809 modo
1017 755 1199 815 praeside
1225 757 1397 811 muudi,

319 825 493 870 Affatus
522 826 703 869 comites
726 825 884 869 dicitur
905 841 997 870 esse
1023 841 1124 869 suos
1147 843 1155 868 :

253 959 375 1015 Δῆγις
400 959 420 997 ὁ
449 945 660 1013 ῥωμαίων,
685 961 757 1004 τῆς
782 954 902 1014 ὄχθης
932 951 1024 1014 ἄρτι
1051 954 1262 1014 πάροικος,

321 1013 380 1067 ὃν
407 1042 468 1068 σοι
494 1020 704 1075 δουλωθεὶς
733 1013 847 1084 Ϊςρος
874 1022 1070 1084 ἔπεμψεν,
1096 1021 1214 1075 ἅναξ·

249 1097 492 1156 Χαρμοσύνῃ
522 1092 745 1155 ἕκθαμῖος,
772 1090 866 1138 ἰδὼν
897 1096 1079 1156 ἡγήτορα
1105 1096 1257 1155 κόσμου
1275 1131 1286 1152 ‚

320 1168 427 1226 Πρὸς
454 1168 524 1210 τὸν
551 1168 835 1227 ὁμαρτοόντων
866 1160 1004 1209 τοιάδε
1032 1167 1128 1209 λαὸν
1156 1167 1249 1224 ἔφη·

238 1300 268 1321 1.
287 1287 330 1321 In
345 1286 426 1321 edd.
442 1295 525 1321 vett.
542 1288 642 1332 degis.
663 1309 714 1315 —-
731 1289 854 1322 Accola

172 1343 243 1386 jam
267 1348 394 1374 nostrae.
421 1341 498 1375 Hoc
523 1349 593 1382 est,
618 1343 689 1386 jam
714 1341 853 1375 Tiberis

179 1393 295 1428 accola
306 1407 316 1436 ;
335 1395 479 1427 Romam
508 1394 603 1427 enim
622 1402 764 1428 venerat
783 1395 852 1427 De-

178 1447 229 1492 gis
250 1447 369 1481 accola
389 1459 435 1481 sc.
459 1447 637 1489 Danubii,
667 1446 726 1492 qui
752 1447 853 1480 nohis

179 1512 276 1533 nunc
303 1499 465 1533 subditus
491 1509 551 1534 est.
580 1500 760 1533 Danubius
785 1500 853 1533 Im-

178 1552 269 1597 perii
285 1553 435 1587 Romani
453 1553 552 1587 limes
571 1561 644 1586 erat
658 1553 694 1586 in
711 1553 853 1586 Germa-

179 1605 236 1638 nia
260 1617 268 1638 :
294 1605 340 1639 ita
365 1614 406 1640 ut
428 1618 507 1652 pars
529 1614 563 1639 ct
589 1606 663 1652 ripa
684 1605 826 1639 citerior
841 1631 850 1646 ‚

179 1670 240 1691 seu
273 1659 422 1692 Romam
454 1671 575 1692 versus
607 1658 718 1704 posita
731 1685 739 1700 ‚
765 1667 853 1692 esset

179 1712 436 1753 Romanorum3
459 1724 538 1757 pars
559 1719 594 1745 et
613 1711 688 1756 ripa
707 1712 853 1745 ulterior

178 1772 267 1800 esset
294 1764 563 1798 Germanorum.
596 1763 651 1797 Ad
681 1764 852 1798 Domitia-

177 1830 283 1854 num,
306 1830 325 1851 a
349 1817 537 1851 Germania
565 1816 699 1850 devicta
718 1816 852 1851 dictum

178 1870 429 1904 Germanicum
440 1896 450 1910 ,
467 1871 559 1916 pacis
570 1869 764 1903 sancieudae
778 1883 852 1916 gra-

177 1922 225 1957 tia
237 1923 387 1968 legatum
406 1924 501 1957 misit
510 1923 719 1964 Decebalus‚
739 1925 850 1956 Daco-

176 1988 256 2008 rum
279 1989 352 2009 rex.
378 1976 461 2010 Haec
488 1976 595 2010 refert
623 1975 780 2009 Raderus
809 1989 848 2009 ex

177 2029 372 2074 fragmento
391 2028 580 2062 Theodosii
595 2055 604 2072 ,
621 2028 715 2062 unde
732 2037 849 2063 tamen

176 2094 249 2116 non
280 2090 416 2116 constat
444 2083 523 2128 quis
550 2082 653 2127 Degis
682 2082 764 2123 ille,
795 2083 849 2115 vel

177 2134 307 2180 Diegis,
321 2135 563 2168 suerin—Alii
578 2143 716 2181 putant,
727 2135 793 2167 nisi
805 2135 851 2168 le-

175 2197 291 2232 gatum
301 2214 310 2230 ,
323 2189 463 2221 fratrem
472 2188 653 2229 Decebali,
665 2196 721 2221 aut
739 2200 849 2221 uuum

178 2253 363 2284 procerum
380 2241 495 2275 fuisse.
507 2242 558 2274 De
576 2253 647 2286 quo
661 2241 726 2273 fert
737 2241 851 2274 Histo-

177 2292 229 2327 ria
246 2305 254 2326 ε
274 2294 520 2328 «Domitianus
535 2307 553 2327 a
570 2293 847 2333 Marcomannis,

178 2346 374 2380 Germaniae
392 2348 524 2393 populo
537 2373 545 2386 ,
570 2347 680 2380 victus
695 2372 704 2387 ,
725 2355 763 2380 ut
781 2347 848 2380 cla-

178 2397 259 2432 dem
292 2411 388 2432 suam
421 2408 550 2445 tegeret
568 2426 576 2440 ‚
612 2400 820 2433 Decebalum
839 2426 848 2441 ,

177 2464 294 2496 regem
319 2453 512 2493 Dacorum,
531 2452 690 2485 invitavit
719 2452 761 2484 ad
788 2465 847 2497 pa-

178 2517 264 2540 cem.
302 2505 493 2539 Decebalus
535 2504 627 2537 misit
666 2504 706 2537 ad
750 2505 848 2537 illum

178 2557 341 2602 Diegem,
372 2570 432 2591 scu
465 2559 614 2603 Degem,
645 2570 745 2590 suum
781 2558 847 2590 sra-

180 2618 264 2643 trem
286 2636 293 2651 ,
314 2619 351 2644 ut
371 2611 427 2645 hic
448 2611 615 2644 Mattialis
639 2610 751 2643 innuit
768 2636 775 2646 ,
793 2618 848 2643 aut

913 1295 1006 1321 certe
1016 1288 1159 1321 fratrem
1169 1287 1272 1322 unius
1283 1301 1301 1321 e
1312 1288 1484 1323 Dacorum
1497 1289 1590 1333 prin-

912 1341 1048 1386 cipibus
1064 1353 1072 1374 :
1087 1341 1114 1374 is
1129 1353 1330 1386 progressus
1342 1342 1379 1374 in
1391 1341 1589 1376 citeriorem

911 1393 1024 1439 ripam
1042 1393 1283 1427 Domitianum
1299 1393 1387 1428 adiit
1401 1419 1411 1435 ‚
1432 1395 1492 1440 qui
1510 1407 1589 1427 mu-

911 1458 995 1480 nera
1021 1455 1053 1480 et
1083 1445 1244 1480 diadema
1273 1448 1446 1481 Decebalo
1474 1448 1586 1481 seren-

912 1498 998 1532 dum
1013 1499 1063 1532 illi
1082 1498 1193 1533 dedit.
1212 1500 1293 1541 Quo
1307 1500 1397 1534 facto
1410 1501 1587 1533 exsultans

912 1552 1150 1594 Domitianus,
1172 1553 1268 1598 quasi
1287 1566 1406 1598 pacem
1429 1561 1462 1586 et
1482 1566 1587 1599 regna

911 1604 1096 1639 Germanis
1130 1618 1195 1651 pro
1227 1606 1374 1639 arbitrio
1411 1605 1561 1640 dedisset
1578 1633 1585 1647 ‚

912 1658 1058 1691 Romam
1074 1659 1110 1691 in
1127 1658 1272 1692 modum
1290 1659 1539 1705 triumphantis
1552 1673 1587 1692 se

911 1712 1052 1756 recepit.
1078 1728 1090 1741 ι
1117 1710 1201 1745 Vid.
1237 1712 1435 1758 Fragment.
1468 1712 1584 1745 Theo-

911 1762 1000 1797 dosii
1013 1776 1053 1797 ex
1066 1764 1180 1797 Dione
1193 1790 1202 1806 ,
1221 1764 1317 1810 quod
1334 1766 1435 1798 affert
1456 1764 1583 1798 Rader.

911 1816 971 1849 ubi
991 1830 1044 1850 res
1063 1818 1168 1862 paulo
1190 1818 1290 1852 aliter
1310 1826 1483 1851 narratur.
1501 1819 1566 1851 En.

967 1883 998 1902 2.
1020 1871 1054 1902 A
1072 1870 1197 1903 domitis
1213 1871 1290 1904 Islri
1307 1871 1453 1904 Juntina
1468 1880 1585 1904 nostru

910 1923 947 1956 in
968 1923 1135 1968 margine.
1164 1924 1208 1957 At
1241 1923 1345 1969 apud‘
1362 1924 1466 1957 Ovid.
1491 1925 1581 1957 Fast.

909 1975 926 2007 I
939 2000 949 2016 ,
971 1975 1040 2009 285
1059 1987 1068 2009 ε
1089 1994 1101 2005 «
1117 1975 1187 2009 Pax
1200 1985 1290 2019 erat3
1309 1985 1343 2010 et
1357 1977 1480 2017 vestri,
1499 1977 1584 2010 Ger-

909 2028 1042 2063 manice
1053 2053 1060 2065 ,
1077 2041 1175 2062 causa
1193 2029 1364 2075 triumphi
1379 2029 1584 2063 Tradiderat

909 2081 1054 2114 famulas
1078 2084 1147 2127 jam
1172 2082 1235 2115 tibi
1255 2083 1397 2116 Rhenus
1420 2096 1524 2127 aquas
1544 2100 1557 2112 »
1577 2110 1581 2121 ‚

909 2134 970 2166 ubi
983 2135 1087 2179 vulgo
1101 2135 1226 2180 legitur
1236 2135 1384 2175 domitas,
1395 2135 1488 2180 quod
1502 2149 1582 2181 pro·

909 2187 964 2219 cul
992 2186 1102 2220 dubio
1138 2188 1488 2233 interpretamentum
1522 2197 1582 2221 est.

910 2238 992 2272 Vid.
1003 2240 1164 2274 Heinsius
1176 2239 1217 2273 ad
1232 2241 1327 2274 hunc
1338 2242 1464 2275 locum.
1478 2242 1581 2275 Cous.

909 2306 949 2325 ex
965 2293 1066 2326 Pont.
1092 2294 1146 2333 11,
1176 2306 1192 2325 2
1207 2319 1215 2334 ,
1242 2296 1352 2327 80.—-
1364 2294 1448 2327 [stri.
1463 2295 1583 2327 Danu-

908 2346 984 2378 bius
1013 2346 1182 2378 maximus
1208 2346 1404 2379 Germauiae
1433 2346 1558 2379 fluvius
1576 2374 1584 2388 ‚

909 2407 945 2431 ut
961 2399 1114 2443 primum
1128 2399 1307 2442 Illyricum
1323 2400 1459 2444 attingit
1473 2426 1481 2440 ,
1498 2402 1584 2433 Ister

907 2451 1029 2495 incipit
1046 2451 1222 2496 appellari.
1237 2452 1359 2485 Oritur
1381 2453 1415 2485 in
1437 2454 1561 2486 Sues-ia
1575 2479 1583 2493 ,

909 2512 943 2536 ct.
964 2504 997 2535 in
1018 2504 1168 2537 Pontum
1186 2505 1360 2538 Euxinum
1378 2518 1440 2551 per
1454 2518 1511 2539 sex
1532 2519 1584 2539 se-

909 2565 1047 2601 ptemve
1064 2558 1150 2590 ostia
1167 2559 1384 2603 prorumpit,
1399 2567 1583 2604 postquam

911 2610 1134 2644 Germaniam
1156 2611 1263 2645 alluit.
1286 2612 1353 2644 En.

1323 2672 1374 2726 Ι3
