1978 3305
465 232 561 287 ‘²94

832 231 896 272 M.
918 231 1059 272 VAL.
1099 230 1493 273 MARTIALIS

1101 379 1150 431 V
1168 380 1211 434 l.

995 534 1049 562 IN
1089 533 1332 562 EUCTUM.

531 659 828 702 ARCHETYms
857 656 989 702 vetuli
1020 657 1127 702 nihil
1155 668 1220 703 est
1245 658 1435 703 odiosius
1463 661 1605 704 Eucti.

599 728 717 771 Ficta
744 729 986 789 Saguntino
1011 728 1182 789 cymbia
1210 728 1326 773 malo
1351 728 1455 773 luto.

535 799 711 858 Argenti
737 797 901 842 furiosa
926 799 991 842 sui
1012 815 1147 859 quum
1174 808 1402 843 stemmata
1427 809 1575 843 narrat

602 867 840 922 Garrulus,
867 878 910 912 et
939 869 1083 913 verbis
1110 869 1285 913 mucida
1310 871 1412 913 vina
1438 869 1553 914 facit.

533 938 870 982 Laomedonteae
895 939 1069 983 fuerant
1097 939 1190 983 haec
1220 939 1377 1000 pocula
1403 957 1585 994 mensae;

602 1010 752 1058 Ferret
777 1018 824 1052 ut
846 1009 962 1065 haec,
987 1025 1134 1053 muros
1162 1011 1318 1053 struxit
1345 1009 1503 1071 Apollo
1529 1009 1631 1070 lyra.

532 1080 628 1122 Hoc
659 1088 824 1122 cratere
849 1079 971 1122 ferox
999 1081 1216 1123 commisit
1239 1079 1385 1140 praelia
1414 1080 1600 1124 Rhaecus

602 1150 714 1193 Cum
746 1148 942 1209 Lapithis
964 1166 973 1192 ι
1003 1166 1152 1210 pugna
1176 1149 1316 1199 debile
1342 1151 1482 1194 cernis
1511 1167 1633 1211 opus.

533 1219 588 1262 Hi
616 1218 703 1262 duo
732 1217 933 1279 longaevo
968 1229 1202 1271 censentur
1228 1221 1414 1265 Nestore
1445 1221 1591 1276 fundi;

519 1387 550 1409 1.
568 1376 662 1410 Nihil
683 1383 730 1409 est
754 1376 922 1410 studiosius
947 1376 1003 1410 illo
1029 1375 1136 1410 codd.

461 1427 488 1460 F
490 1427 616 1462 lorent.
628 1437 662 1463 et
672 1429 926 1463 Pulmanni.-—-
934 1430 1134 1476 Archeqpis.

460 1481 658 1528 Archetypa
688 1482 814 1528 pocula
841 1482 1015 1527 intellige,
1038 1492 1137 1516 vetn-

460 1534 607 1568 stissima
629 1542 663 1568 et
679 1535 785 1581 primi
805 1535 1021 1581 exemplaris.

517 1600 547 1621 α.
588 1588 776 1633 Saguntino.
814 1588 952 1622 Fictiles
993 1588 1138 1635 cyathos

460 1640 691 1686 interpretare
715 1654 755 1675 ex
784 1641 902 1686 argilla
933 1641 1136 1688 Saguntina.

460 1692 554 1727 Vide
568 1694 629 1731 lib.
645 1695 710 1736 IV,
722 1695 832 1740 epigr.
850 1707 946 1727 xLV1.
972 1712 985 1724 ι
1005 1694 1138 1742 Qrmbia

461 1758 565 1788 vero,
596 1747 713 1792 inquit
751 1747 950 1781 Macrobius
969 1773 978 1789 ‚
1006 1747 1042 1781 in
1076 1748 1137 1780 Sa-

461 1807 555 1833 turn.
573 1799 632 1832 lib.
645 1801 691 1841 V,
711 1812 783 1845 cap.
809 1813 867 1842 πῖ,
898 1808 979 1834 sunt
1010 1801 1138 1846 pocula

461 1864 480 1885 a
499 1852 609 1898 cymba
627 1851 740 1887 dicta:
754 1852 849 1899 quod
872 1861 904 1886 et
931 1852 1023 1898 apud
1044 1854 1138 1886 Grae-

461 1917 519 1938 cos
531 1930 541 1946 ‚
558 1913 592 1939 et
608 1905 701 1951 apud
719 1918 783 1939 nos
798 1906 840 1939 ab
856 1905 924 1939 illis
941 1907 1115 1939 trahentes
1128 1932 1137 1948 ‚

460 1958 592 2003 navigii
606 1971 714 2005 genus
734 1967 785 1992 est
796 1976 825 1998 -‚
843 1967 908 1992 etc.

514 2011 548 2044 3.
568 2012 705 2045 Furiosa
726 2007 881 2054 [fumosa]
903 2014 961 2044 sui.
983 2012 1136 2057 Legeba-

459 2072 518 2097 tur
532 2065 782 2110 vulgosuriosa.
798 2064 937 2110 Lipsius
953 2077 1036 2098 vero
1047 2091 1056 2105 ,
1074 2065 1135 2098 lib.

459 2118 579 2163 I‚cap.
600 2118 774 2160 5‚sumosa.
785 2116 892 2159 Quod
902 2117 1007 2162 magis
1023 2118 1135 2163 place-

458 2178 513 2203 ret
533 2182 541 2203 .·
563 2171 611 2204 sic
633 2171 726 2204 enim
749 2179 782 2204 et
803 2171 928 2204 Cicero
949 2179 983 2204 et
1007 2170 1136 2204 Seneca

451 2224 595 2264 fitmosas
620 2226 771 2267 imagines
801 2222 921 2257 dixere
934 2239 953 2262 φ
967 2222 1136 2258 obductas

460 2288 587 2322 nempe
607 2277 772 2321 caligine3
792 2285 825 2309 et
841 2277 1046 2315 Juvenalis,
1065 2276 1133 2310 Sat.

459 2341 528 2363 v111
540 2341 606 2369 ‚vs.
624 2330 643 2362 8
659 2341 666 2362 :
684 2330 875 2363 «Fumosos
885 2329 1044 2375 equitum
1055 2342 1135 2363 cum

458 2380 627 2416 dictatore
646 2382 998 2427 magistros.-Sensus
1014 2382 1072 2415 hic
1085 2391 1136 2416 est

458 2447 539 2479 ergo
559 2448 566 2466 z
586 2436 678 2469 Dum
695 2436 913 2469 nobilitatem
933 2444 967 2469 et
986 2436 1136 2481 antiqui-

459 2495 561 2520 tatem
597 2501 738 2521 suoruiu
770 2489 974 2534 poculorum
1007 2489 1135 2523 verbo·

458 2540 527 2573 sius
544 2549 660 2574 narrat
675 2542 807 2575 Euctus
819 2567 828 2580 ,
851 2542 973 2574 vinum
995 2542 1132 2574 interim

456 2592 608 2626 effusum
627 2595 791 2628 mucescit
806 2621 813 2633 ,
832 2604 939 2640 nique
954 2607 1065 2640 wippa
1083 2596 1132 2627 fit.

455 2645 560 2679 Poeta
590 2646 741 2679 ostendit
755 2674 762 2683 ,
790 2648 895 2680 nimia
925 2647 1132 2693 loquacitate·

1196 1377 1376 1422 corrumpi
1386 1377 1484 1411 cibos
1494 1385 1528 1410 et
1541 1375 1683 1422 quidem
1695 1376 1848 1422 optimos
1860 1403 1870 1418 ‚

1198 1429 1268 1463 hoc
1288 1437 1339 1463 est
1351 1455 1361 1471 ‚
1376 1430 1533 1464 convivis
1549 1430 1703 1474 ingratos
1717 1428 1806 1463 fleri.
1821 1452 1871 1456 —

1199 1482 1278 1516 Cum
1306 1490 1463 1527 stegmata
1495 1490 1625 1522 narrat,
1661 1480 1775 1515 codex
1798 1483 1871 1516 Va—

1197 1535 1346 1569 ticanus.

1251 1593 1284 1629 4.
1306 1587 1437 1622 Mucina
1458 1591 1535 1621 vina
1554 1588 1694 1622 Thuan.
1718 1587 1869 1621 exhibet.

1251 1641 1283 1674 5.
1299 1641 1548 1674 Laomedonteae.
1572 1639 1776 1674 Laomedon
1806 1640 1872 1674 fuit

1195 1705 1260 1727 rex
1282 1694 1418 1740 Trojae‚
1438 1693 1501 1741 qui
1524 1694 1690 1740 Neptuno
1713 1701 1747 1727 et
1764 1694 1871 1740 Apol-

1195 1746 1259 1779 lini
1287 1755 1422 1780 certum
1446 1747 1520 1781 auri
1549 1747 1702 1792 pretium
1739 1747 1871 1793 promi-

1194 1807 1306 1841 serat,
1332 1808 1372 1833 ut
1389 1800 1531 1845 Trojam
1554 1799 1662 1832 muris
1681 1799 1869 1845 cingerent.

1195 1852 1300 1886 Poeta
1316 1853 1431 1899 posuit
1440 1853 1555 1897 pocula
1572 1864 1674 1886 aurea
1690 1865 1756 1898 pro
1773 1866 1870 1886 aum.

1196 1905 1300 1938 Ovid.
1325 1906 1409 1939 Met.
1435 1906 1506 1947 XI,
1531 1918 1579 1940 vs..
1604 1904 1696 1938 203:
1723 1921 1735 1931 «
1759 1905 1873 1950 Phry-

1195 1959 1323 2005 gioque
1346 1967 1495 2004 tyranno
1518 1957 1708 1992 AEdificant
1730 1971 1847 1992 muros
1862 1984 1872 1999 ‚

1196 2020 1296 2057 pacto
1320 2024 1384 2056 pro
1407 2011 1579 2044 moenibus
1604 2023 1700 2044 auro.
1719 2029 1732 2040 =

1250 2077 1284 2109 7.
1304 2065 1434 2097 Rhcetus
1461 2065 1496 2097 in
1521 2063 1603 2097 edd.
1627 2072 1710 2097 vett.
1738 2064 1871 2097 Rhaecus

1194 2116 1298 2151 codd.
1318 2116 1525 2150 Beverlandi
1545 2125 1578 2150 et
1602 2117 1798 2150 Pulmanni.
1821 2138 1873 2144 -

1195 2171 1317 2206 Proelia
1332 2170 1476 2203 thaecus.
1494 2169 1720 2216 Lapitharum
1736 2178 1769 2203 et
1785 2170 1875 2203 Cen-

1196 2232 1374 2256 taurorum
1400 2235 1551 2269 pugnam
1576 2223 1649 2268 lege
1670 2221 1763 2269 apud
1786 2223 1873 2255 Ovi·

1195 2276 1305 2316 dium,
1316 2276 1401 2309 Met.
1416 2275 1573 2309 X11.Sed
1587 2275 1744 2315 Rhaecus,
1757 2276 1872 2322 inquit

1196 2328 1347 2363 Ovidius
1361 2354 1370 2369 ,
1390 2338 1487 2362 torre
1504 2329 1694 2374 pugnavit,
1716 2329 1872 2362 Theseus

1194 2395 1277 2417 vero
1294 2391 1437 2416 cratere.

1248 2438 1283 2471 8.
1306 2436 1384 2469 (Tum
1415 2436 1556 2480 Lapithis
1580 2447 1691 2480 pugna
1712 2447 1724 2466 .·
1744 2434 1845 2466 debile
1860 2460 1868 2471 ,

1194 2497 1257 2522 etc.
1280 2489 1313 2521 in
1344 2487 1551 2533 quibusdam
1571 2486 1871 2532 distinguitur.—

1194 2543 1310 2586 Pugmz
1328 2541 1438 2574 debile.
1456 2541 1530 2574 Hoc
1544 2550 1610 2579 est,
1630 2548 1796 2574 viatorem
1813 2539 1869 2571 illa

1196 2607 1311 2640 pugna
1333 2595 1570 2628 imminutum.

1250 2662 1282 2689 q.
1311 2648 1355 2679 lli
1378 2649 1450 2679 ilem.
1475 2648 1601 2679 Sensus
1620 2654 1692 2679 est:
1716 2645 1788 2678 Huc
1807 2658 1869 2689 ρυ-
