1978 3305
410 239 993 284 EPIGRAMMATUM
1031 241 1153 283 LIB.
1193 241 1246 283 X.

1429 238 1522 284 505

717 392 944 449 XXXI.

547 541 603 569 IN
637 541 1006 570 CALL1on0RU
1022 522 1104 569 Μ*

199 664 401 706 Annlel
429 678 601 706 servum
632 664 820 707 nummis
850 663 954 706 here
984 662 1098 706 mille
1128 666 1352 719 trecentis,

268 734 331 776 Ut
358 733 468 776 hene
497 749 716 787 coenares,
743 732 1014 788 Calliodore,
1039 732 1170 777 semel
1198 750 1206 776 ε

201 802 291 847 Nec
316 803 425 846 bene
452 804 656 859 coenasti3
679 802 836 847 mullus
864 803 940 847 tibi
966 813 1152 863 quatuor
1180 814 1351 865 emptus

267 873 499 917 Librarum
531 890 664 917 coenae
692 889 853 935 pompa
878 883 1094 935 caputque
1121 874 1214 918 fuit.

201 942 451 987 Exclamare
473 942 597 996 libet,
621 945 722 988 Non
745 953 810 987 est
834 944 923 998 hic,
944 944 1161 1004 improbe,
1185 961 1272 987 non
1295 954 1360 988 est

262 1014 393 1057 Piscis
415 1031 424 1056 ι
447 1014 579 1057 homo
600 1023 662 1057 est
689 1031 697 1057 :
728 1015 972 1067 hominem,
996 1013 1267 1066 Calliodore,
1289 1030 1426 1058 voras.

182 1141 194 1155 ³
217 1148 255 1179 ln
276 1146 433 1191 gulosum
453 1155 486 1179 et
506 1146 706 1180 helluonem
729 1147 796 1180 hoc

129 1199 320 1244 scriptum,
338 1198 538 1244 cujusmodi
554 1207 637 1232 tunc
651 1199 796 1245 plurimi

131 1253 248 1284 Romae
259 1277 268 1292 ,
291 1260 325 1284 et
347 1260 445 1285 notat
464 1252 498 1284 in
515 1252 582 1285 hoc
597 1251 796 1286 Calliodoro

130 1304 252 1337 luxum
273 1312 308 1337 et
327 1305 443 1349 gulam
465 1306 716 1338 Romanorum.

189 1369 218 1390 1.
242 1357 375 1390 Addisti
407 1356 506 1391 editt.
528 1365 613 1391 vett.
635 1358 795 1402 κακόγρα-

130 1423 189 1454 φοι·
205 1410 336 1443 Abdisn‘
350 1411 555 1450 Vaticanu53
569 1411 708 1444 Addixti
717 1410 794 1445 cod.

130 1462 317 1495 Pulmanni
327 1478 335 1502 ;
347 1486 399 1491 -—
410 1464 559 1496 Ducentis
571 1464 607 1497 in
621 1462 702 1497 edd.
716 1472 797 1497 vett.

131 1536 180 1540 —-
189 1515 336 1548 Addizti.
345 1514 517 1550 Addicere
526 1517 670 1549 verbum
681 1525 731 1550 est
745 1529 799 1549 so-

131 1568 233 1600 lenne
255 1568 290 1600 in
307 1567 464 1613 judiciis,
486 1569 553 1602 hoc
574 1577 641 1610 est,
663 1568 799 1616 adjudi-

130 1632 208 1653 care
217 1620 326 1665 pluris
336 1621 501 1655 licitanti:
512 1622 683 1667 significat
693 1623 797 1656 etiam

131 1673 334 1719 simpliciter
352 1673 525 1712 vendere,
546 1683 585 1707 ut
605 1675 675 1708 hie.

913 1148 944 1180 3.
968 1148 1042 1180 Non
1061 1159 1125 1192 pro
1144 1159 1198 1179 nec
1216 1147 1252 1180 in
1275 1147 1394 1180 codice
1416 1147 1528 1180 Pulm.

911 1204 943 1240 4.
967 1199 1072 1233 Coenoe
1083 1212 1209 1245 pompa.
1227 1200 1333 1233 Coena
1352 1199 1531 1232 divideba-

857 1260 912 1285 tur
934 1253 969 1285 in
988 1261 1057 1286 tres
1079 1260 1214 1298 partes,
1233 1252 1268 1285 in
1291 1261 1501 1286 antecoenam
1517 1275 1526 1288 ,

855 1313 893 1338 ut
914 1305 1010 1338 aiunt
1033 1305 1259 1350 interpretes,
1276 1318 1382 1339 coenae
1402 1314 1527 1350 caput,

856 1366 891 1391 et
910 1357 1077 1391 secundas
1098 1371 1231 1392 mensas
1257 1370 1265 1391 :
1294 1370 1423 1404 pompa
1444 1371 1528 1391 vero

856 1419 891 1444 et
909 1419 1013 1456 caput
1031 1423 1135 1444 coenae
1154 1410 1248 1444 idem
1267 1419 1328 1444 est.

911 1466 946 1498 6.
968 1463 1071 1497 Celtas
1087 1465 1166 1497 Vat.
1187 1463 1297 1497 Comes
1314 1463 1392 1497 cod.
1412 1464 1524 1496 Pulm.

858 1517 903 1549 Et
915 1515 1056 1562 quidam
1070 1516 1143 1550 MS.
1162 1525 1202 1550 ut
1219 1515 1377 1557 videtur,
1398 1529 1451 1562 ap.
1471 1522 1529 1550 Be-

858 1570 941 1603 verl.
961 1570 1022 1615 qui
1039 1570 1087 1604 sic
1106 1570 1230 1603 habet:
1252 1569 1385 1603 «Comes
1398 1570 1526 1602 M.»—

859 1623 1025 1655 Hominem
1058 1636 1163 1656 voras.
1191 1623 1267 1656 Hoc
1289 1631 1364 1663 est,
1391 1634 1527 1656 servum

858 1688 961 1720 quem
973 1675 1173 1712 vendidisti,
1184 1684 1223 1709 ut
1232 1687 1363 1709 emeres
1372 1675 1532 1708 mullum.

703 1809 958 1864 XXXII.

202 1958 262 1986 DE
300 1958 536 1987 IMAGINE
574 1959 623 1987 Μ.
664 1959 921 1997 ΑΝΤΟΝΙΙ,
960 1960 1028 1988 AD
1065 1940 1462 1988 CAED1T1ANUMf

208 2083 312 2126 HAEC
338 2082 444 2124 mihi
469 2098 562 2142 quae
590 2080 746 2125 colitur
773 2080 894 2125 violis
923 2083 1091 2142 pictura
1108 2117 1118 2134 ,
1143 2083 1360 2141 rosisque,

271 2152 394 2209 Quos
420 2151 578 2196 referat
601 2151 768 2207 vultus,
790 2151 1046 2206 Caeditiane,
1068 2150 1223 2213 rogas?

188 2288 199 2297 '
236 2289 337 2322 Marci
366 2289 444 2323 edd.
478 2290 652 2324 Schrevel.
688 2290 802 2324 Maitt.

135 2342 280 2375 Farnab.
301 2342 348 2374 M.
369 2344 504 2376 Antonii
521 2344 624 2376 Primi
641 2342 696 2376 ed.
717 2343 802 2375 Bar-

133 2396 203 2428 boa.
234 2393 356 2428 Editor
375 2395 498 2440 Delph.
526 2395 611 2428 dum
630 2396 801 2440 reliquum

133 2448 272 2481 titulum
295 2447 424 2489 italice,
441 2449 540 2481 Primi
555 2448 732 2481 romanice
751 2449 803 2480 in-

133 2501 302 2545 scriptum
322 2501 461 2534 exhibet
480 2500 531 2541 (ut
553 2501 724 2545 significet
745 2501 802 2533 ab·

134 2566 205 2586 esse
224 2552 258 2586 id
279 2554 352 2586 MS.
372 2553 429 2586 sed
451 2567 629 2599 perperam
648 2554 763 2587 abesse
776 2549 788 2596 J

135 2606 194 2639 ,ld
216 2606 251 2638 Γ.
275 2607 446 2639 omittunt
463 2606 543 2639 ΑΙιΙ.
568 2607 664 2640 .Ῑιιιιῑ.
688 2607 788 2640 Colin

146 2659 194 2690 ‘Id
223 2659 422 2692 t'mcilimmm
444 2668 517 2702 post
542 2662 676 2693 Antonii
700 2660 799 2692 hahet

863 2289 917 2322 ed.
938 2291 1013 2322 Par.
1041 2293 1148 2334 1617,
1169 2302 1247 2334 quae
1266 2290 1354 2323 hanc
1383 2290 1532 2336 scriptu-

862 2355 935 2375 ram
957 2342 1175 2387 amplectitur
1193 2354 1334 2388 quoque
1353 2342 1389 2375 in
1413 2356 1460 2376 vs.
1489 2357 1503 2376 2
1523 2357 1532 2385 ;

863 2395 906 2427 ita
926 2404 965 2427 ut
988 2395 1021 2427 in
1046 2395 1104 2427 illo
1124 2408 1171 2427 vs.
1192 2395 1293 2428 etiam
1322 2394 1401 2428 Ald,
1431 2397 1529 2430 Junt.

863 2448 975 2481 Colin.
998 2446 1058 2481 sed
1080 2448 1155 2480 MS.
1178 2448 1289 2481 Pulm.
1314 2448 1502 2481 Caecicliane.

915 2522 964 2526 -—-
987 2501 1189 2534 Nobilitavit
1204 2501 1270 2533 hoc
1287 2501 1533 2546 epigrammate

863 2554 1054 2586 Antonium
1089 2553 1184 2586 illum
1210 2553 1362 2587 Primum
1389 2555 1530 2588 Tolosa·

865 2618 964 2646 ιιιιιης
980 2615 1008 2637 et
1026 2607 1180 2651 (inpuris
1193 2607 1339 2651 effigiem
1352 2633 1359 2647 ‚
1378 2615 1409 2640 et
1427 2608 1532 2640 animi

865 2660 909 2691 vii
921 2667 1009 2692 tutes
1023 2660 1197 2703 ‹apios-it.
