1978 3305
807 226 867 268 M.
892 227 968 269 VA
983 227 1033 269 L.
1076 227 1463 269 MARTIALIS

946 384 1319 441 XXXVIII.

848 548 903 576 m
941 527 1418 577 CALLLIODORUM.*

499 677 832 720 CALLloDoRUS
852 675 986 719 habet
1007 692 1185 720 censum
1199 712 1210 731 ‚
1233 677 1329 737 quis
1355 675 1518 720 nescit?
1539 686 1807 737 equestrem,

569 746 698 789 Sexte
722 762 731 789 ε
758 745 832 789 sed
855 755 896 789 et
922 745 1099 790 fratrem
1127 745 1402 791 Calliodorus
1425 747 1569 791 habet.

498 815 829 877 Quadringenta
855 827 995 873 secat,
1017 818 1090 878 qui
1115 817 1220 861 dicit
1243 824 1346 860 σῦκα
1370 814 1522 877 μέριζε·

481 954 496 969 ’
516 959 664 993 Plenum
694 959 773 993 salis
805 967 839 993 et
865 959 998 1006 leporis
1027 959 1101 1004 epi-

429 1025 594 1057 gramma.
628 1012 850 1047 Calliodorus
882 1025 962 1046 cum
997 1013 1104 1046 fratre

428 1078 572 1099 censum
592 1074 787 1111 equestrem
806 1064 1023 1111 possidebat,
1045 1077 1103 1098 eo-

429 1131 500 1163 que
521 1131 557 1152 se
580 1120 732 1164 equitem
754 1119 912 1164 jactabat.
931 1118 1104 1151 Martialis

430 1166 586 1216 primum'
619 1180 723 1217 negat
757 1170 997 1205 Calliodorum
1033 1183 1104 1204 esse

428 1224 582 1269 equitem
603 1225 738 1270 partitis
756 1224 856 1257 bonis
871 1237 879 1258 :
897 1223 1025 1257 deinde
1039 1223 1104 1257 do-

430 1286 484 1310 cet
500 1276 666 1316 ridicule,
679 1290 750 1323 quo
765 1285 867 1322 pacto
883 1277 992 1322 possit
1009 1285 1104 1310 uter-

430 1341 498 1375 que
513 1342 585 1363 esse
601 1342 707 1375 eques
725 1345 733 1369 ;
756 1343 883 1376 nempe
898 1338 939 1363 ut
959 1331 1016 1363 vel
1033 1329 1105 1363 duo

428 1383 490 1416 uni
513 1381 686 1416 insideant
711 1395 822 1427 equ0‚
843 1383 914 1416 sive
935 1383 1104 1417 subsellio

429 1437 465 1468 in
507 1436 737 1482 spectaculi53
767 1436 823 1469 vel
859 1436 1038 1470 Castorem
1071 1444 1106 1469 et

431 1489 609 1522 Pollucem
628 1489 830 1529 imitentur,
853 1497 888 1522 et
906 1502 972 1535 per
989 1490 1102 1528 vices,

430 1551 470 1575 ut
491 1542 541 1575 illi
568 1542 800 1581 immortales,
824 1542 871 1575 ita
894 1542 951 1576 isti
973 1542 1106 1588 equites

430 1595 499 1628 sint
514 1621 523 1637 ,
538 1594 645 1628 hodie
669 1594 890 1629 Calliodorus
903 1621 912 1638 ‚
937 1594 1106 1641 postridie

435 1648 554 1681 frater.
575 1648 658 1681 [tad.

489 1714 519 1735 1.
559 1702 691 1735 Consum
726 1709 904 1748 equestrem.
944 1701 1106 1736 Sestertia

432 1758 518 1794 400.
537 1753 621 1787 Vid.
643 1754 753 1799 epigr.
773 1767 786 1788 1
800 1780 809 1795 ‚
834 1756 894 1788 85.

484 1806 516 1841 3.
555 1807 782 1852 Quadraginta
814 1821 883 1839 seca
918 1807 1104 1854 legendum

431 1869 547 1894 censet
570 1861 678 1893 Jauus
704 1862 865 1906 Rutgers.
890 1861 973 1894 Var.
1005 1862 1103 1896 Lect.

428 1913 490 1947 lib.
520 1914 591 1952 Vl,
622 1926 697 1959 cap.
735 1925 791 1946 11.
828 1913 1102 1948 Rescribemlum

428 1975 528 2012 putat
543 1966 675 2000 Petitus
692 1967 727 1999 in
745 1966 994 2008 Miscellamis,
1016 1968 1104 2011 Ouu-

431 2020 584 2065 draginta
599 2028 684 2053 secat
700 2047 709 2060 ‚
733 2022 787 2066 qui
798 2020 875 2053 dicit
894 2022 931 2054 σὺ
953 2021 982 2053 κ’
1002 2022 1059 2065 ἐμέ
1075 2023 1102 2067 ρ’

427 2075 493 2114 ἵζε,
523 2082 588 2106 etc.
612 2072 819 2106 Beverlandi
846 2074 908 2107 MS
934 2077 1026 2107 σῦκεν
1055 2076 1102 2119 ἐφ’

426 2121 529 2171 Ἐρμῇ.
545 2126 774 2159 proverbium
792 2138 899 2171 quum
916 2125 1049 2172 aliquid
1065 2128 1102 2160 iu

428 2180 483 2212 via
516 2179 756 2225 reperissent:
780 2192 845 2225 pro
873 2192 913 2213 eo
941 2179 1102 2214 dicebant

427 2235 523 2271 κοινὸς
549 2234 562 2266 ὁ
591 2226 711 2279 Ερμῆς.
740 2231 837 2265 Snid.
866 2231 959 2266 Vide
988 2233 1101 2267 Phur-

427 2295 570 2326 nutum,
587 2299 620 2332 p.
643 2288 701 2320 23.
717 2286 878 2331 Ineptam
898 2286 1001 2319 Petiti
1016 2299 1101 2320 con-

422 2341 594 2384 jecturam
622 2339 826 2385 pronuntiat
853 2338 947 2372 idern
974 2340 1100 2374 Bever-

425 2391 561 2425 landus.
580 2413 632 2418 —
652 2392 895 2437 Quadringenta
917 2401 1011 2426 secat.
1033 2392 1101 2427 Sed

425 2446 531 2478 frater
553 2440 696 2490 (inquit
719 2440 850 2488 Poeta)
873 2447 966 2491 cogit
991 2455 1025 2480 te
1047 2446 1101 2480 ‹li-

427 2497 541 2531 xidere
569 2496 844 2543 quadringenta,
875 2499 1011 2545 sibique
1035 2499 1101 2534 du-

425 2561 524 2584 centa
547 2551 669 2596 poscit.
702 2571 753 2576 —
782 2551 896 2592 Sci-at,
921 2557 975 2597 qui
994 2553 1071 2586 ‹lit-it
1090 2581 1097 2593 ,

424 2614 490 2637 etc.
509 2604 587 2637 Secu
604 2602 990 2649 ,leg‹·11du1=1c‹·11s‹·tJ.
1010 2608 1099 2640 Rut-

422 2658 569 2700 ggcrsius,
586 2658 647 2690 lib.
664 2657 811 2702 VKc-ip.
834 2670 843 2690 1
859 2671 887 2696 ι,
902 2659 984 2691 Var.
1004 2660 1098 2693 Loci,

1161 960 1205 992 Et
1226 960 1332 993 frater
1349 960 1406 994 ille
1422 969 1500 994 tuus
1521 961 1582 1007 qui
1599 961 1840 996 haereditatem

1162 1011 1206 1045 ad
1233 1025 1342 1046 assem
1363 1026 1495 1059 usque,
1518 1022 1552 1047 et
1579 1015 1723 1048 minima
1745 1028 1839 1061 quae·

1162 1077 1230 1111 que
1250 1073 1287 1098 ut
1306 1074 1340 1099 et
1364 1066 1448 1099 ficos
1468 1066 1580 1100 dividi
1597 1080 1639 1101 ex
1656 1080 1757 1113 aequo
1777 1081 1840 1113 po-

1163 1118 1249 1160 scit,
1272 1119 1384 1152 aufert
1413 1119 1478 1152 tibi
1497 1119 1655 1154 medium
1681 1133 1838 1154 censum.

1163 1171 1439 1205 Rescribendum
1487 1181 1587 1218 putat
1609 1197 1620 1214 ‚
1668 1173 1803 1207 Petitus
1829 1187 1837 1206 :

1167 1241 1180 1253 u
1203 1223 1467 1270 Quadringenta
1501 1233 1591 1259 secat
1613 1251 1623 1267 ‚
1660 1226 1721 1271 qui
1754 1225 1840 1260 dicit

1163 1277 1201 1310 σὺ
1230 1276 1260 1310 κ’
1288 1279 1342 1323 ἐμὲ
1371 1280 1397 1323 '9'
1425 1279 1492 1319 ἵζε,
1513 1297 1526 1308 υ
1556 1286 1622 1312 etc.
1648 1278 1838 1312 Calliodori

1162 1338 1262 1375 pater
1278 1343 1421 1364 censum
1436 1331 1605 1365 habuerat
1621 1340 1814 1377 equestrem
1830 1346 1840 1373 ;

1162 1384 1364 1429 superstites
1389 1393 1505 1417 autem
1523 1385 1670 1431 reliquit
1689 1383 1777 1418 duos
1798 1386 1840 1418 fi-

1162 1436 1240 1475 lios,
1259 1436 1353 1470 hunc
1369 1436 1626 1478 CaHiodomm,
1643 1446 1678 1471 et
1693 1439 1840 1472 alterum

1162 1489 1349 1523 minorem.
1381 1490 1501 1531 Quum
1527 1498 1643 1523 autem
1671 1491 1722 1523 illi
1752 1500 1841 1524 esset

1162 1551 1301 1576 tantum
1323 1543 1492 1588 equestris
1512 1556 1658 1585 census,
1681 1556 1747 1577 nec
1768 1556 1841 1576 mu-

1162 1595 1257 1640 plius
1280 1595 1474 1642 quidquam
1491 1596 1636 1630 haberet
1654 1596 1690 1630 in
1711 1597 1813 1630 bouis
1830 1610 1841 1639 ;

1162 1649 1358 1683 necessario
1389 1649 1518 1691 fiebat,
1549 1657 1587 1682 ut
1620 1648 1841 1683 Calliodorus

1163 1710 1359 1747 equestrem
1390 1714 1534 1735 censum
1567 1715 1640 1736 non
1674 1702 1840 1743 haberet3

1163 1767 1244 1787 nam
1266 1754 1460 1789 Calliodori
1478 1755 1594 1788 minor
1608 1755 1712 1788 frater
1726 1767 1745 1788 e
1760 1768 1843 1801 qua-

1163 1806 1356 1853 dringentis
1376 1808 1442 1841 illis
1454 1834 1462 1849 ‚
1479 1821 1556 1854 quae
1571 1817 1672 1854 pater
1688 1809 1722 1841 in
1740 1810 1840 1842 bonis

1161 1861 1370 1907 reliquerat,
1403 1862 1582 1907 repetebat
1618 1861 1691 1894 sive
1725 1861 1841 1907 legiti-

1161 1926 1254 1946 mam
1269 1940 1278 1955 ‚
1301 1926 1376 1960 quae
1398 1915 1441 1946 ab
1471 1914 1632 1948 intestato
1657 1914 1840 1954 desertum

1161 1967 1231 2000 sive
1250 1965 1370 2000 datum
1387 1967 1538 2012 legatum
1559 1980 1601 2001 ex
1621 1975 1839 2001 testamento.

1161 2021 1282 2066 Itaque
1309 2019 1563 2066 quadringenta
1593 2021 1649 2053 illa
1672 2021 1842 2067 equestris

1162 2072 1303 2115 census,
1335 2086 1438 2119 quem
1463 2076 1534 2120 equi
1567 2074 1710 2107 nomine
1734 2074 1841 2118 signi-

1160 2126 1240 2160 ficat
1257 2127 1376 2166 Poeta,
1391 2127 1536 2160 secabat.
1548 2127 1694 2160 Sombat
1705 2135 1818 2160 autem
1829 2152 1840 2167 ‚

1162 2179 1243 2225 quia
1256 2179 1394 2213 dicebat
1415 2179 1534 2220 fratri,
1555 2181 1592 2213 σὺ
1613 2185 1642 2213 κ’
1661 2181 1716 2225 ἐμὲ
1731 2181 1757 2224 9
1774 2181 1816 2219 ἷζε
1829 2206 1838 2218 ,

1163 2241 1195 2265 tn
1209 2235 1269 2276 fite
1293 2247 1339 2265 me
1365 2246 1485 2279 quoque
1504 2234 1608 2265 sedere
1623 2260 1629 2271 ,
1655 2246 1747 2278 equo
1775 2233 1841 2266 sci-

1161 2286 1262 2327 licet,
1281 2285 1316 2319 id
1333 2294 1382 2318 est
1395 2313 1402 2325 ,
1424 2285 1467 2318 da
1484 2286 1569 2318 mihi
1589 2299 1697 2319 ineam
1719 2284 1762 2319 de
1778 2287 1840 2319 bu-

1163 2339 1215 2372 nis
1238 2339 1391 2386 paternis
1416 2349 1561 2384 partein.
1588 2341 1632 2371 At
1654 2352 1725 2371 uno
1749 2352 1840 2385 equo

1161 2391 1283 2426 sedere
1308 2391 1380 2425 duo
1402 2405 1470 2425 non
1495 2401 1661 2438 poss-unu
1683 2392 1748 2425 boc
1769 2400 1841 2432 est,

1161 2455 1284 2479 neuter
1317 2455 1424 2479 totam
1453 2445 1690 2478 barretlitateui
1723 2454 1839 2490 pater-

1162 2512 1242 2532 nam
1272 2508 1385 2545 potest
1411 2497 1609 2538 vindicare,
1633 2507 1665 2531 et
1694 2510 1840 2531 censum

1162 2561 1356 2598 equestrem
1382 2552 1520 2585 babere.
1545 2552 1676 2584 Pomm.
1699 2573 1750 2577 -
1775 2552 1842 2594 Qui

1160 2607 1247 2639 dicit.
1264 2607 1334 2647 Qui
1353 2606 1454 2639 babet
1471 2606 1525 2649 jus
1542 2603 1681 2650 petendi
1697 2605 1838 2637 alteram

1162 2659 1372 2693 haereditatis
1401 2666 1531 2703 partein
1547 2685 1554 2696 ,
1578 2659 1680 2691 hatur
1701 2670 1837 2702 nempe.
