1978 3305
439 242 537 289 3υὸ
814 243 874 285 Μ.
903 242 977 284 VA
992 242 1042 283 L.

1082 240 1476 285 MARTIALIS

574 331 731 374 Carior
759 338 808 371 ut
838 343 934 372 inea
961 328 1038 383 sit,
1068 343 1197 387 quarn
1228 337 1303 371 tua
1329 327 1444 371 fama
1471 328 1559 371 tibi.

507 403 576 444 Sic
600 402 728 443 Maro
752 414 833 442 nec
855 396 1031 442 Calabri
1058 399 1242 441 tentavit
1269 398 1462 442 carmina
1486 397 1652 452 Flacci,

575 469 827 514 Pindaricos
857 477 1004 512 nosset
1035 484 1169 528 quum
1202 484 1408 529 superare
1437 468 1615 525 modos;

507 542 561 584 Et
584 541 718 583 Vario
741 539 869 583 cessit
889 539 1077 582 Romani
1098 537 1224 581 laude
1249 538 1476 591 cothurni,

575 611 725 667 Quum
758 618 904 670 posset
925 609 1109 669 Tragico
1137 608 1292 652 fortius
1321 625 1397 652 ore
1421 607 1554 669 loqui.

506 684 697 734 Aurum,
729 689 772 724 et
797 696 926 740 opes,
957 688 1000 722 et
1026 695 1129 722 rura
1157 678 1359 739 frequens
1388 678 1569 722 donabit
1597 679 1785 731 amicus;

574 752 663 808 Qui
688 749 792 794 velit
818 751 991 811 ingenio
1016 749 1196 803 cedere,
1222 765 1346 793 rarus
1374 751 1469 793 erit.
1812 778 1844 795 ι.

574 880 661 942 (lg-e
685 892 748 934 σοί
775 893 881 933 ἐστιν
909 892 981 937 itm
1010 883 1112 938 δόξα
1137 891 1213 949 πρὸ
1240 906 1313 939 ττς
1337 883 1454 940 ἰδίης.

506 965 651 1012 Οὕτως
677 956 769 1004 οὐδὲ
797 961 895 1020 μέλη
923 959 973 1002 Oi
948 961 997 1020 ’.γ’
1026 953 1283 1002 ἀοιδοπόλοιο
1309 956 1532 1019 Καλαςροῦ

575 1021 721 1092 Ᾰρκιος
750 1031 801 1073 ὢν
826 1034 936 1086 νικᾷν
958 1024 1216 1089 Πινδάρου
1189 1046 1300 1088 ᾳσμα
1324 1030 1498 1088 Μάρων·

505 1104 589 1146 Καὶ
615 1120 759 1151 σκυηνης
785 1099 915 1160 Βαρίῳ
943 1090 1132 1158 Ρωμαίης
1160 1096 1234 1150 εἶξε
1264 1096 1478 1159 βραέείου,

574 1174 690 1215 Mem
694 1189 745 1214 ων
774 1168 819 1213 ἂν
850 1169 1042 1230 κρείττων
1072 1170 1237 1229 ἔμμεναι
1263 1171 1301 1212 ἐν
1329 1174 1550 1231 τραγικοῖς.

504 1246 666 1303 Χρυσοῦ
692 1243 762 1302 μὲν
789 1211 964 1283 κτεοένων
989 1257 1033 1283 τε
1062 1240 1185 1290 πολὺς
1211 1239 1324 1298 φίλος
1349 1238 1406 1286 εἴη
1434 1233 1617 1298 ἀφειδῆς·

573 1312 787 1373 Πρωτείων
813 1305 966 1354 δἐἴκων
993 1316 1061 1352 τεῦ
1080 1311 1169 1360 νοὸς
1189 1311 1298 1360 οὔτις
1323 1311 1394 1353 ἔοι.

433 1466 499 1498 lius
521 1464 621 1498 cessit
645 1461 792 1496 Horatio
820 1461 922 1507 lyrici
945 1461 1110 1495 carminis

433 1517 573 1551 laudem
585 1544 593 1558 ‚
612 1524 645 1550 et
660 1516 771 1549 Vario
788 1515 908 1560 tragici
927 1514 1110 1555 carminis,

431 1572 488 1604 vel
511 1569 688 1616 tragoediae
707 1568 994 1614 gloriam;quum
1011 1567 1110 1600 illum

434 1623 629 1657 Pindaricae
653 1622 739 1667 lyrae
764 1619 899 1661 modis,
924 1621 1022 1653 hunc
1049 1619 1112 1653 So-

433 1676 576 1723 phoclei
604 1675 771 1709 cothurni
811 1673 1022 1707 sublimitate
1059 1672 1111 1706 vi-

434 1730 520 1762 cisse
540 1728 666 1774 potuit.
686 1750 739 1754 ——
754 1728 898 1760 Bonane
924 1726 997 1760 haec
1022 1724 1112 1766 fide,

435 1794 478 1816 an
493 1794 590 1815 secus
600 1806 609 1821 ‚
625 1781 809 1827 quaesitum
827 1779 932 1814 fuisse
945 1780 1014 1824 jam
1027 1777 1115 1812 vidi-

435 1847 512 1868 mus
527 1846 534 1868 :
563 1834 697 1868 sincere
714 1832 813 1878 loqui
832 1831 971 1866 videtur
987 1832 1113 1872 Poeta,

436 1900 544 1934 quum
578 1886 756 1920 Cirinium
788 1894 822 1918 et
854 1884 1006 1930 Virgilio
1048 1884 1115 1929 ipsi

437 1948 638 1986 comparet,
661 1938 721 1985 qui
738 1939 861 1971 volens
886 1936 1028 1983 quidem
1048 1950 1115 1982 po-

438 1995 559 2027 tuisset
577 2005 696 2026 versus
719 1991 848 2036 lyricos
870 1991 1020 2024 scribere
1037 2003 1046 2032 ;
1065 1998 1115 2023 at-

438 2055 554 2080 tamen
569 2044 725 2079 Raderus
737 2052 771 2077 et
787 2044 961 2077 Domitius
971 2051 1115 2076 censent

437 2112 501 2146 per
511 2099 659 2132 ironiam
674 2097 772 2131 illum
784 2097 882 2143 loqui
895 2123 903 2138 ,
915 2108 1023 2142 quum
1035 2108 1116 2129 con-

438 2151 557 2186 cludat
580 2151 636 2184 vix
661 2150 810 2183 inveniri
830 2162 930 2195 posse
955 2161 1035 2182 euin
1055 2148 1114 2194 qui

439 2205 578 2250 ingenio
597 2202 709 2238 cedat.

495 2258 527 2291 5.
549 2256 684 2291 Calabri
703 2256 824 2289 Flacci.
842 2254 1000 2287 Venusia
1019 2253 1114 2287 enim

439 2310 575 2344 Horatii
599 2310 709 2355 patria
736 2307 820 2342 urbs
847 2315 897 2341 est
923 2308 958 2340 in
985 2306 1114 2340 finibus

441 2363 620 2397 Calabriae.

495 2418 527 2449 6.
558 2416 746 2449 Pindaricos
770 2421 875 2459 posset
904 2411 982 2446 Ald.
1013 2413 1114 2445 Junt.

439 2469 553 2502 Colin.
567 2468 706 2513 Grypb.
720 2467 833 2500 Plant.
850 2466 993 2500 Junian.
1008 2466 1114 2509 Lang.

1171 1468 1205 1494 et
1232 1460 1359 1506 Delph.
1391 1459 1582 1493 Pindaricos
1612 1468 1713 1493 nosset
1742 1459 1850 1494 codex

1170 1513 1369 1547 Pulmanni.
1391 1512 1499 1554 Quod
1528 1513 1712 1546 Gronovio
1728 1540 1737 1552 ,
1768 1526 1850 1546 mox

1170 1566 1347 1612 plerisque
1364 1566 1573 1599 antecellere
1589 1566 1702 1600 multo
1717 1566 1830 1599 visum
1841 1592 1851 1607 ,

1172 1619 1209 1652 in
1221 1619 1362 1664 optimae
1373 1627 1464 1652 notae
1475 1618 1556 1652 edd.
1570 1627 1752 1665 receptum
1769 1619 1849 1652 fuit.

1173 1671 1363 1717 SicVirgil.
1375 1672 1411 1705 in
1425 1671 1549 1706 Culice
1559 1696 1569 1712 ‚
1586 1672 1744 1718 «Dignus
1754 1684 1851 1706 amor

1173 1725 1293 1767 venia,
1314 1737 1463 1771 parvum
1493 1725 1520 1757 si
1551 1725 1697 1759 Tartara
1729 1733 1852 1758 nossem

1174 1778 1359 1811 Peccatum
1377 1777 1570 1823 ignovisse»
1581 1778 1850 1811 .—-Pindaricos.

1174 1830 1347 1864 Pindarus
1362 1831 1467 1864 Poeta
1481 1830 1623 1865 Graecus
1633 1857 1642 1872 ‚
1659 1830 1851 1876 lyricorum

1174 1883 1339 1929 princeps
1355 1910 1364 1925 ‚
1383 1884 1464 1917 satis
1484 1892 1602 1917 notus.

1231 1949 1264 1981 7.
1276 1938 1324 1969 Et
1336 1936 1447 1969 Vario.
1463 1937 1575 1978 Quem
1587 1936 1736 1982 Epicum
1747 1935 1852 1970 fuisse

1175 1990 1340 2035 colligere
1361 1997 1411 2023 est
1431 2002 1471 2023 ex
1488 1989 1647 2023 Horatio.
1666 1990 1698 2025 1.
1719 1988 1779 2023 od.
1795 2000 1851 2029 v1,

1175 2042 1237 2087 qui
1256 2059 1269 2071 «ι
1286 2042 1427 2076 Maeonii
1452 2038 1510 2081 (id
1529 2050 1580 2075 est
1598 2040 1754 2082 heroici)
1776 2053 1851 2075 car-

1175 2095 1280 2128 minis
1311 2095 1428 2128 alitem
1446 2111 1459 2123 ιι
1491 2107 1574 2128 eum
1601 2094 1716 2136 canit;
1742 2107 1851 2140 quum

1176 2155 1289 2180 tamen
1315 2148 1350 2180 in
1375 2146 1559 2193 Tragoedia
1585 2146 1787 2181 excelluisse
1811 2147 1851 2180 il-

1174 2200 1245 2233 lum
1267 2201 1437 2246 intelligat
1456 2200 1637 2234 Martialis.
1656 2222 1708 2227 -—
1722 2200 1852 2234 Nostro

1175 2261 1293 2286 autem
1313 2253 1498 2287 assentitur
1519 2253 1761 2295 Quintilianus
1790 2253 1851 2299 qui

1174 2306 1288 2339 Instit.
1306 2306 1402 2339 Orat.
1418 2306 1479 2340 lib.
1493 2307 1541 2347 X,
1559 2318 1633 2352 cap.
1652 2306 1786 2347 5,Varii
1807 2306 1854 2339 fa-

1174 2359 1291 2392 hulam
1316 2359 1495 2405 Thyesten
1527 2359 1670 2393 cuilibet
1700 2371 1719 2392 e
1747 2358 1852 2404 tragi-

1175 2412 1223 2445 cis
1249 2411 1451 2446 Graecorum
1485 2410 1700 2446 dramatibus
1732 2422 1850 2457 parem

1176 2474 1357 2499 asseverat.
1374 2466 1441 2498 En.
