1978 3305
493 249 589 312 398

853 251 914 293 M.
936 250 1014 293 VA
1030 251 1081 293 L.
1122 251 1514 294 MARTIALIS

560 340 658 398 Ipse
684 346 780 381 tuas
804 337 931 380 etiam
957 336 1118 380 veritus
1143 339 1259 380 Nero
1287 336 1445 381 dicitur
1469 353 1614 393 aures,

631 407 860 450 Lascivum
884 406 1057 466 juvenis
1083 422 1216 466 quum
1242 406 1318 450 tibi
1344 405 1443 450 lusit
1466 423 1588 467 opus.

491 552 626 578 stantur
654 543 761 577 Palat.
786 543 864 577 cod.
886 552 920 577 et
943 543 1000 577 ed.
1029 544 1164 577 Ferrar.

493 610 523 631 a.
547 601 658 641 1471,
676 595 752 630 Ald.
771 597 869 630 Junt.
891 596 1005 630 Colin.
1023 604 1089 630 etc.
1109 597 1166 630 Ju-

492 650 605 682 dicium
623 651 730 681 metuit
742 648 846 682 codd.
855 649 992 682 Thuan.
1003 656 1037 682 et
1052 650 1163 683 Pulm.

492 702 650 735 ,Indicium
671 704 782 735 meruit
792 701 902 735 codex
911 701 1110 736 Vaticanus.

549 766 604 788 10.
630 755 721 787 Lusit
751 767 838 800 opus.
872 754 898 787 F
900 763 1020 788 ortean
1049 755 1163 788 Nerva

492 819 582 840 unus
599 818 640 840 ex
653 807 694 840 iis
711 806 976 841 adolescentulis
988 808 1116 853 quibus
1126 807 1163 841 id

492 859 601 894 officii
619 859 711 906 apud
730 859 924 906 principem
942 860 1008 893 fuit
1027 877 1040 889 α
1056 861 1166 893 consi-

1225 543 1306 578 dere
1329 544 1456 587 simul,
1477 553 1513 578 et
1533 544 1663 579 adlatos
1681 547 1734 580 vel
1761 547 1890 581 ibidem

1223 605 1381 642 repertos
1401 610 1520 631 versus
1539 607 1768 641 connectere,
1789 609 1893 646 atque

1225 650 1332 695 ipsius
1350 650 1456 684 verba
1475 662 1616 695 quoquo
1638 650 1744 685 modo
1759 653 1893 697 prolata

1223 702 1424 748 supplere».
1437 702 1547 736 Tacit.
1564 704 1688 736 Annal.
1708 705 1731 737 l.
1752 705 1851 747 XIV,
1863 718 1892 738 c.

1227 757 1284 789 16.
1298 755 1420 788 Ludere
1433 767 1516 789 vero
1532 763 1600 797 est,
1618 756 1707 790 levia
1725 757 1893 796 scriberet.

1224 807 1328 853 Virg.
1342 807 1461 853 Eclog.
1477 821 1490 841 1
1502 821 1570 850 ‚vs.
1587 821 1648 842 10:
1665 810 1806 842 «Ludere
1817 822 1895 855 quae

1224 860 1347 894 vellem
1357 860 1488 894 calamo
1495 861 1652 906 permisit
1663 862 1799 907 agresti.
1808 863 1894 896 »En.
1952 874 1957 876 ·

1031 1006 1346 1062 XXVIII.

986 1163 1041 1190 IN
1080 1162 1398 1191 CHRESTUM.

631 1294 780 1350 QUUM
807 1291 1039 1353 depilatus,
1066 1292 1273 1348 Chreste,
1298 1290 1442 1335 coleos
1467 1302 1640 1353 portes,

631 1365 688 1407 Et
712 1361 933 1406 vulturino
958 1360 1197 1406 mentulam
1226 1377 1374 1423 parem
1404 1361 1540 1418 collo,

632 1434 688 1477 Et
711 1433 954 1495 prostitutis
978 1432 1125 1476 laevius
1151 1442 1282 1493 caput
1308 1431 1438 1487 culis,

632 1504 725 1548 Nec
749 1505 869 1548 vivat
890 1503 1003 1548 ullus
1026 1504 1070 1547 in
1095 1513 1170 1547 tuo
1196 1502 1308 1564 pilus
1332 1519 1482 1557 crure,

634 1577 912 1636 Purgentque
937 1573 1100 1618 crebrae
1126 1589 1234 1617 cana
1261 1571 1381 1616 labra
1406 1572 1621 1628 volsellae3
1889 1590 1901 1613 s

635 1647 817 1701 Curios,
848 1644 1075 1700 Camillos,
1105 1644 1330 1701 Quintios,
1359 1645 1549 1700 Numas,
1580 1645 1724 1688 Ancos

633 1716 690 1759 Et
720 1715 931 1777 quidquid
960 1731 1144 1776 usquam
1169 1714 1352 1775 legimus
1382 1713 1620 1775 pilosorum

635 1787 870 1847 Loqueris,
896 1802 1109 1847 sonasque
1135 1784 1370 1846 grandibus
1401 1786 1545 1829 minax
1574 1785 1737 1841 verbis;

636 1857 693 1900 Et
722 1874 821 1900 cum
850 1856 1029 1901 theatris
1056 1855 1300 1917 saeculoque
1324 1856 1488 1899 rixaris.

636 1928 844 1971 Occurrit
874 1926 1025 1987 aliquis
1055 1928 1167 1971 inter
1195 1927 1274 1971 ista
1302 1927 1335 1971 si
1362 1926 1576 1982 draucus,

634 2000 728 2041 Jam
756 1997 995 2059 paedagogo
1020 1996 1246 2052 liberatus,
1272 2006 1314 2041 et
1339 1997 1462 2057 cujus

554 2155 584 2176 1.
604 2142 742 2176 Clu-este.
761 2143 813 2175 De
829 2154 898 2187 quo
917 2143 984 2186 jam
1007 2141 1067 2174 lib.
1081 2141 1171 2182 vn,

496 2195 603 2242 epigr.
625 2208 680 2230 ιν.
1062 2200 1065 2206 “

551 2248 586 2281 3.
606 2249 790 2282 Prostitutis
803 2274 811 2287 ,
832 2256 898 2280 etc.
919 2245 1159 2281 Cinaedorum.

554 2302 587 2335 5.
605 2302 808 2347 Purgentque
822 2314 913 2333 soeva‘
932 2300 968 2333 in
989 2298 1068 2333 cod.
1085 2299 1171 2332 Pul-

498 2354 636 2394 manni,
651 2367 731 2387 cum
748 2352 826 2388 edd.
839 2361 921 2387 vett.
941 2353 1077 2386 Ferrar.
1090 2351 1171 2385 Ald.

503 2407 523 2439 J
526 2415 599 2440 unt.
620 2406 794 2441 Calderin.
812 2415 876 2440 etc.
894 2407 1096 2452 Pingantque
1111 2418 1173 2438 cre-

499 2460 562 2493 hroe
576 2460 613 2492 in
631 2460 996 2505 aliis—Purgentque.
1015 2458 1097 2492 Vid.
1109 2459 1170 2491 lib.

499 2513 533 2545 11
545 2537 556 2553 ,
573 2513 681 2558 epigr.
706 2525 799 2546 xxxx.

551 2568 585 2599 6.
613 2567 744 2603 Curios,
777 2574 844 2598 etc.
866 2565 909 2598 Et
931 2565 1036 2598 habes
1061 2576 1171 2609 usque

498 2618 531 2651 in
555 2631 616 2651 ore
639 2619 763 2659 Curii,
785 2619 907 2651 Numae
935 2626 969 2650 ct
995 2630 1168 2662 μακροπω-

496 2671 603 2714 γώνων
635 2680 789 2704 veter-um
820 2671 986 2703 incultam
1022 2670 1169 2715 gravita-

1233 2148 1302 2173 tem
1335 2149 1369 2173 et
1403 2140 1665 2173 continentiam.
1692 2140 1748 2174 Sic
1775 2141 1834 2174 lib.
1867 2141 1903 2178 1,

1231 2194 1341 2239 epigr.
1364 2206 1440 2226 xxv.

1286 2260 1319 2290 9.
1342 2247 1389 2279 Et
1411 2259 1478 2279 cam
1503 2247 1653 2285 theatris,
1682 2254 1746 2279 etc.
1777 2246 1822 2280 Et
1850 2258 1906 2280 ex·

1231 2299 1356 2333 clamas
1375 2299 1429 2332 :O
1450 2299 1626 2345 tempora!
1647 2311 1668 2331 o
1697 2299 1831 2332 mores!
1852 2299 1904 2332 in-

1230 2351 1390 2397 dignatus
1423 2352 1558 2385 theatra
1590 2360 1624 2386 et
1657 2352 1779 2386 saecula
1808 2352 1881 2386 haec
1895 2378 1904 2392 ‚

1231 2405 1327 2451 quasi
1347 2403 1480 2439 ludicra
1502 2413 1535 2438 et
1551 2405 1674 2439 lasciva
1696 2404 1810 2438 nimis.

1290 2470 1346 2491 10.
1366 2459 1430 2490 Ista
1447 2459 1582 2490 Aram-us
1594 2485 1602 2498 ,
1622 2466 1651 2491 ct
1670 2458 1705 2491 in
1724 2456 1803 2491 edd.
1820 2465 1903 2490 vett.

1233 2512 1271 2544 ln
1292 2510 1413 2544 codice
1425 2512 1632 2545 Pulmanni:
1649 2513 1708 2543 ista
1720 2513 1748 2543 si
1759 2511 1904 2549 (ὑπηοίη

1232 2563 1326 2597 unde
1347 2564 1405 2596 ille
1426 2573 1577 2598 nostram
1598 2563 1686 2598 eruit
1706 2563 1902 2596 lectionem.

1290 2629 1300 2650 1
1316 2630 1344 2650 1.
1363 2617 1435 2649 Jam
1449 2618 1640 2662 padagogo.
1654 2616 1726 2657 Qui
1744 2628 1783 2649 ex
1801 2616 1902 2661 ophe-

1231 2670 1282 2702 bis
1299 2670 1490 2702 excesserit.
