1978 3305
327 205 920 251 EPIGRAMMATUM
957 204 1083 247 LIB.
1123 204 1208 245 VI.

1381 201 1464 246 161

689 366 852 421 LIX.

547 522 604 550 ΙΝ
645 499 996 551 ΒΑΟΕΑΒΑΜ,”

142 653 211 696 ΕΤ
245 650 387 706 dolet,
413 660 456 694 et
485 651 704 711 queritur,
733 649 813 693 sibi
840 665 931 692 non
960 649 1214 709 contingere
1243 650 1376 712 frigus

215 723 404 782 Propter
433 730 658 764 sexcentas
685 722 875 764 Baccara
906 719 1186 779 gausapinas:

144 793 284 853 Optat
313 801 356 835 et
384 791 593 835 obscuras
621 790 761 847 luces⁷
782 799 1046 850 ventosque,
1075 790 1307 850 nivesque3

128 934 143 948 *
158 936 207 969 Ut
228 935 345 968 Zoilus
361 936 524 968 morbum
543 935 747 976 simulabat,

74 1001 146 1035 quo
169 996 358 1022 ostentaret
383 988 569 1033 stragulam
595 996 748 1029 vestem,

75 1037 170 1085 (vid.
183 1053 218 1086 p.
238 1054 251 1075 1
262 1043 308 1082 84
322 1041 392 1074 vol.
404 1042 421 1073 I
433 1041 538 1086 hujus
554 1035 661 1083 edit.)
674 1065 683 1081 ‚
703 1040 751 1074 ita

76 1095 223 1128 Baccara
244 1094 307 1127 iste
327 1094 479 1127 hiemem
499 1093 662 1139 optabat,
683 1105 751 1138 qua

77 1147 213 1181 serendi
238 1147 440 1192 gausapinas
455 1172 464 1187 ,
488 1146 632 1192 penulas
650 1146 752 1179 villo-

78 1213 147 1242 sas,
160 1208 248 1234 esset
265 1199 410 1233 occasio.
425 1199 531 1232 Poeta
551 1198 753 1243 indignatur

79 1262 114 1286 et
135 1266 207 1286 non
223 1251 346 1286 haberi
365 1252 417 1285 sui
439 1252 611 1285 rationem
630 1263 647 1283 a
667 1252 751 1285 Bac-

79 1318 178 1347 cara,
199 1305 260 1351 qui
278 1305 408 1351 frigora
427 1304 615 1338 defendere
634 1304 753 1337 multis

79 1357 276 1405 gausapinis
285 1358 393 1404 possit
403 1372 411 1397 ;
422 1357 457 1390 in
467 1358 609 1403 gratiam
622 1357 754 1391 tenuio-

80 1424 160 1445 rum
172 1412 288 1458 potius
298 1409 487 1456 optandam
500 1422 572 1444 esse
586 1417 755 1451 aestatem;

82 1465 137 1498 vel
147 1473 242 1498 certo
252 1463 377 1497 mediis
387 1464 561 1496 caloribus
571 1462 755 1497 sumendas

82 1517 295 1563 gausapinas.
315 1517 380 1549 En.

142 1583 173 1604 1.
197 1571 246 1603 Et
268 1570 355 1603 dolet
376 1577 408 1602 et
428 1572 585 1615 queritur,
613 1577 677 1602 etc.
706 1569 757 1602 De

84 1623 225 1669 penulis
245 1623 313 1656 viri
335 1621 429 1656 docti
455 1623 756 1667 interpretantur:

84 1689 157 1710 non
179 1685 294 1709 tamen
315 1676 429 1708 obstat
447 1675 533 1721 quin
556 1683 591 1708 et
612 1675 758 1707 lacernae

85 1729 283 1775 gausapinae
297 1729 438 1761 fuerint.
454 1728 544 1769 Quia
556 1735 654 1762 aetate
667 1727 760 1760 Mar-

86 1782 176 1816 tialis
186 1780 343 1814 nondum
357 1782 493 1827 penulae
505 1781 540 1814 in
559 1781 758 1826 promiscuo

87 1848 154 1869 usu
178 1835 314 1868 urbano
338 1835 453 1873 fuere,
477 1833 537 1867 sed
560 1841 696 1867 tantum
721 1832 758 1864 in

89 1889 215 1922 itinere
231 1896 399 1933 sumptae;
418 1895 452 1920 et
469 1887 667 1933 gausapinae
685 1885 762 1930 qui-

90 1940 191 1982 dem,
213 1953 322 1987 quum
344 1939 471 1974 sudum
503 1947 597 1980 erat,
620 1947 761 1973 scorteae

90 2007 192 2028 causa
208 1993 345 2040 pluviae.
364 1994 533 2026 Praeterea
545 1994 662 2038 jocose
677 2004 761 2037 que·

90 2047 180 2081 ritur
195 2045 362 2080 Martialis
379 2047 534 2079 lacernas
550 2057 626 2079 suas
642 2053 763 2079 tenues

92 2113 131 2134 ac
149 2099 292 2134 detritas
304 2100 411 2132 veluti
424 2112 487 2145 per
503 2097 668 2142 iujuriam
682 2111 700 2131 a
714 2098 762 2130 la-

92 2154 204 2188 cernis
223 2152 418 2199 gausapinis
437 2151 562 2198 expelli
576 2177 585 2192 ,
606 2150 764 2186 dicturus

94 2206 227 2251 alioqui
246 2206 389 2252 penulas
404 2217 481 2238 suas
496 2205 589 2238 leves
607 2217 625 2237 a
645 2216 764 2250 gausa-

94 2259 188 2306 pinis
197 2260 350 2292 Baccarae
359 2258 498 2304 penulis
506 2256 643 2291 extrudi
653 2271 660 2290 ;
670 2255 765 2303 quod

95 2312 330 2357 comperiebat
343 2312 423 2344 alias
438 2311 590 2345 lacernas
603 2311 766 2344 hibernas

97 2365 202 2399 fuisse
211 2389 220 2404 ‚
232 2365 433 2410 gausapinas
445 2376 570 2409 nempe
582 2363 719 2396 villosas
733 2371 767 2396 et

96 2419 246 2452 hirsutas
261 2416 412 2451 arcendo
430 2416 551 2462 frigori
564 2443 572 2457 ,
589 2428 665 2462 quae
680 2424 767 2460 togae

99 2480 134 2505 et
150 2471 275 2505 tunicae
290 2470 518 2515 injicerentur
532 2482 541 2510 ;
563 2469 644 2502 alias
660 2469 768 2502 levio-

100 2536 156 2558 res
168 2532 202 2558 et
218 2523 349 2557 aestivas
360 2549 369 2565 ,
383 2534 460 2568 quae
475 2522 539 2555 soli
552 2522 679 2555 tunicae
691 2522 771 2555 loco

102 2586 261 2622 togarum
276 2575 440 2610 inductae.
455 2576 601 2609 Baccara
616 2575 720 2619 igitur
735 2582 773 2606 ut

104 2631 221 2676 plures
230 2631 382 2664 lacernas
392 2628 595 2674 gausapinas
605 2654 614 2670 ‚
627 2639 774 2673 quarum

180 2705 243 2745 II.

809 946 880 966 non
906 933 972 966 nisi
1002 933 1119 966 hieme
1147 946 1248 975 usus,
1273 943 1483 979 ostentaret,

810 987 953 1031 optabat
975 986 1084 1031 frigus
1106 995 1298 1032 ventosque
1316 1000 1354 1022 ac
1377 989 1484 1023 nives.

810 1040 858 1072 At
872 1047 976 1085 poeta
989 1064 998 1079 ‚
1018 1038 1073 1072 cui
1094 1039 1175 1073 artis
1197 1040 1288 1073 malo
1307 1041 1408 1086 genio
1428 1042 1487 1076 de-

811 1092 900 1124 tritae
923 1092 1085 1137 levesque
1108 1092 1254 1125 lacernae
1276 1103 1391 1131 erant,
1410 1107 1487 1128 cru-

811 1143 935 1177 deliter
950 1143 1052 1177 illum
1071 1144 1183 1178 facere
1200 1144 1304 1187 dicit,
1319 1147 1382 1192 qui
1397 1149 1487 1182 male

810 1197 942 1230 vestitis
954 1197 1106 1230 hiemem
1123 1198 1352 1244 imprecetur;
1367 1200 1488 1235 huma-

811 1250 892 1283 nius
909 1262 946 1283 ac
960 1250 1153 1295 simplicius
1167 1252 1359 1294 facturum,
1377 1253 1404 1286 si
1415 1254 1488 1300 ipse

812 1303 867 1335 vel
881 1301 994 1336 media
1011 1311 1125 1337 aestate
1140 1305 1344 1350 gausapinas
1355 1316 1485 1344 sumat,

811 1355 1008 1400 luxumque
1019 1356 1054 1388 in
1062 1356 1193 1390 nullius
1203 1357 1369 1403 injuriam
1377 1367 1491 1393 osten-

814 1416 873 1442 tet.
896 1407 1100 1453 Legendum
1126 1421 1208 1455 ergo
1234 1423 1282 1444 vs.
1306 1411 1325 1445 5
1341 1438 1349 1453 ‚
1374 1419 1413 1445 ut
1432 1412 1491 1445 ha-

813 1462 898 1495 bent
908 1471 1042 1495 veteres
1055 1461 1136 1495 edit.
1148 1476 1239 1503 ,πει-ε,
1252 1464 1332 1509 quia
1342 1464 1491 1499 Baccara

814 1527 941 1548 nomen
964 1515 1052 1556 viri,
1073 1528 1146 1548 non
1163 1516 1301 1549 feminae
1316 1528 1323 1549 :
1341 1516 1492 1551 lacerna-

815 1580 896 1600 rum
915 1567 1008 1600 enim
1034 1580 1116 1601 usus
1135 1569 1252 1602 nullus
1272 1570 1490 1605 mulieribus.

816 1621 850 1653 F
849 1633 908 1652 err.
932 1641 982 1646 —
1004 1620 1074 1654 Sibi
1094 1634 1156 1653 non
1179 1625 1358 1667 contingere
1369 1624 1490 1668 frigus.

816 1673 865 1706 Ut
881 1672 984 1706 detur
1000 1673 1052 1706 illi
1068 1675 1200 1707 occasio
1221 1674 1356 1708 ferendi
1375 1685 1491 1710 osten-

817 1725 985 1771 tandique
1003 1727 1225 1773 gausapinas,
1250 1729 1395 1774 penulas
1417 1741 1491 1763 cre-

817 1779 896 1812 bras
925 1788 958 1812 et
979 1778 1117 1812 villosas
1144 1774 1384 1823 (manteaux);
1411 1782 1492 1817 vide

816 1831 878 1864 lib.
914 1833 966 1872 Π,
995 1832 1106 1877 epigr.
1142 1845 1202 1865 xm
1220 1859 1230 1875 ‚
1250 1834 1386 1867 Zoilum
1416 1837 1491 1881 pari

818 1885 942 1917 morbo
968 1885 1207 1927 laborantem,
1234 1895 1379 1932 propter
1407 1897 1494 1922 stra-

818 1937 915 1983 gula3
945 1950 1068 1970 verum
1098 1939 1255 1984 quamvis
1283 1941 1433 1985 stragula
1460 1950 1494 1976 et

819 1990 1014 2036 gausapinae
1033 1992 1163 2036 pariter
1183 2004 1247 2037 pro
1267 1993 1421 2027 vestibus
1443 2003 1493 2027 at·

820 2056 888 2089 que
912 2043 1083 2076 lectorum
1107 2045 1333 2090 operimentis
1354 2059 1495 2080 suman-

821 2105 890 2137 tur,
901 2105 987 2129 teste
1002 2097 1091 2129 Rob.
1103 2097 1294 2143 Stephano,
1307 2107 1424 2132 tamen
1437 2100 1495 2133 hic

822 2150 982 2195 peuulae,
1010 2157 1050 2182 ut
1074 2150 1144 2184 illic
1165 2152 1286 2184 toralia
1310 2161 1402 2185 sunt.
1426 2153 1494 2187 Ευ.

824 2223 874 2228 --
895 2203 943 2235 Et
961 2203 1065 2243 dolet,
1093 2211 1123 2234 et
1152 2207 1300 2249 queritur.
1322 2205 1392 2238 Iste
1413 2206 1498 2239 Bac-

825 2268 902 2288 cara
921 2254 1062 2288 dolebat
1081 2256 1231 2289 hiemem
1253 2270 1324 2290 non
1356 2259 1492 2298 saevire,

825 2317 863 2341 ut
882 2317 997 2354 posset
1017 2316 1189 2342 ostentare
1204 2311 1424 2356 gausapinas,
1443 2325 1500 2358 pe-

824 2361 924 2394 nulas
946 2373 1073 2406 nempe
1096 2362 1257 2403 villosas,
1279 2363 1408 2408 quibus
1429 2374 1504 2398 ute-

829 2422 948 2447 rentur
978 2414 1127 2447 Romani
1158 2415 1306 2449 hiberno
1344 2425 1501 2464 tempore

831 2476 864 2500 et
880 2466 1023 2512 frigido.

887 2519 921 2552 3.
944 2519 1103 2552 Obscurus
1118 2520 1211 2561 luces,
1229 2530 1295 2555 etc.
1316 2523 1365 2556 Ut
1381 2523 1502 2556 caelum

833 2572 877 2606 sit
900 2573 1082 2615 nubilum,
1109 2573 1296 2619 frigidum,
1318 2584 1382 2609 etc.
1409 2575 1506 2617 Quid

835 2626 998 2659 interest?
1012 2634 1135 2660 caetera
1149 2627 1249 2672 plebs
1264 2629 1428 2673 patiatur.

1251 2716 1297 2743 11
