1978 3305
466 238 561 290 422

1141 387 1201 443 L.

839 238 898 279 M.
924 238 1000 279 VA
1017 238 1065 280 L.
1105 237 1495 281 MARTIALIS

620 542 681 569 DE
720 540 863 570 TOGA
903 541 931 568 A
969 540 1279 570 PARTHENIO
1318 541 1423 569 SIBI
1467 522 1718 570 DONATA.*

539 663 648 704 Hffic
678 670 743 704 est
768 658 836 703 illa
863 660 970 704 meis
997 659 1182 704 multum
1210 668 1382 704 cantata
1407 659 1586 715 libellis,

609 731 756 788 Quam
787 747 910 774 meus
930 730 1108 774 edidicit
1131 729 1269 774 lector
1294 739 1497 790 amatque
1523 740 1682 792 togam.

538 801 828 845 Partheniana
854 801 958 857 fuit,
983 800 1203 861 quondam
1230 800 1511 844 memorabile
1540 802 1649 845 vatis

610 873 806 916 Munus:
839 872 883 914 in
912 871 994 915 hac
1024 871 1139 915 ibam
1170 870 1503 932 conspiciendus
1527 888 1680 932 eques;

542 944 660 986 Dum
687 958 826 997 nova,
851 942 955 985 dum
981 941 1120 985 nitida
1149 941 1344 1002 fulgebat
1369 941 1594 1003 splendida
1619 942 1738 997 lana,

611 1014 818 1073 Dumque
845 1022 938 1056 erat
960 1012 1151 1055 auctoris
1173 1013 1349 1055 nomine
1373 1011 1502 1072 digna
1530 1013 1618 1067 sui3

542 1084 671 1127 Nunc
698 1099 828 1138 anus,
849 1092 893 1126 et
917 1081 1104 1126 tremulo
1127 1082 1199 1126 vix
1223 1081 1477 1143 accipienda
1502 1082 1670 1136 tribuli,

611 1155 756 1210 Quam
783 1154 920 1213 possis
944 1153 1117 1197 niveam
1143 1151 1288 1197 dicere
1306 1153 1405 1213 jure
1431 1162 1519 1196 tuo.

542 1223 660 1281 Quid
688 1241 777 1267 non
802 1223 934 1285 longa
957 1223 1073 1277 dies,
1099 1223 1204 1284 quid
1229 1240 1318 1267 non
1347 1224 1600 1268 consumitis
1626 1224 1756 1267 anni?

610 1294 714 1338 Haec
740 1304 842 1356 toga
863 1295 954 1355 jam
979 1311 1068 1338 non
1094 1304 1159 1338 est
1180 1294 1470 1338 Partheniana
1496 1311 1504 1338 :
1530 1311 1627 1338 mea
1658 1304 1734 1338 est.

523 1428 536 1442 ⁸
554 1434 605 1465 De
622 1433 840 1466 Partheniana
857 1441 933 1478 toga
947 1433 1149 1467 inscribitur

471 1487 504 1519 in
526 1485 605 1519 Ald.
626 1487 728 1520 Junt.
751 1487 868 1520 Colin.
887 1495 921 1519 et
941 1487 1027 1520 aliis.

522 1559 574 1564 --
595 1540 727 1584 Togam
753 1552 771 1572 a
792 1539 983 1572 Parthenio
1009 1539 1147 1572 missam

469 1592 556 1632 sibi,
580 1591 745 1626 detritam
773 1591 840 1634 ait,
867 1592 1039 1638 taciteque
1061 1592 1150 1638 petit

467 1655 608 1678 novam.

527 1711 540 1732 1
551 1725 558 1732 .
570 1698 707 1731 illultum
717 1706 859 1732 cantata.
871 1698 964 1732 Vide
973 1698 1129 1732 lib.VIII
1139 1723 1149 1739 ,

470 1751 579 1796 epigr.
599 1763 728 1784 xxvxu.

525 1817 557 1837 Ἃ.
578 1805 742 1850 Quamque
762 1818 844 1838 meus
863 1805 969 1838 Palat.

525 1857 558 1891 3.
582 1858 690 1890 Vatis.
709 1857 908 1899 Parthenii,
930 1857 975 1891 de
996 1870 1069 1902 quo
1086 1857 1149 1890 lib.

469 1911 513 1945 V,
537 1910 646 1956 epigr.
668 1923 703 1943 Vl
727 1923 734 1944 :
761 1928 773 1939 «
790 1911 900 1944 Musae
920 1911 1148 1944 Parthenium

467 1972 585 2008 rogate
604 1972 756 1997 vestrum
777 1981 790 1993 ι»
809 1990 817 2004 ,
837 1973 902 1997 etc.
924 1972 957 1996 et
979 1964 1040 1997 lib.
1059 1965 1128 1996 XII
1141 1990 1150 2005 ‚

467 2017 576 2062 epigr.
590 2029 625 2049 xl
645 2028 658 2049 ε,
677 2017 885 2050 «Parthenio
899 2015 955 2049 dic
971 2017 1071 2049 Musa
1087 2025 1149 2049 tuo

467 2078 659 2115 nostroque
685 2070 857 2112 salutem3
887 2070 976 2103 Nam
1003 2070 1081 2115 quis
1105 2070 1148 2102 ab

467 2123 584 2156 Aonio
602 2123 730 2168 largius
750 2135 850 2156 amne
869 2122 985 2155 bibit?
1005 2140 1018 2151 ›-

523 2180 556 2217 4.
581 2175 826 2221 Conspiciendus
845 2189 945 2220 eques,
969 2176 1047 2208 Non
1069 2175 1148 2220 qui-

466 2228 547 2262 dem
568 2241 671 2261 censu
689 2256 697 2270 ‚
720 2228 781 2262 sed
802 2241 947 2262 munere
967 2229 1147 2274 principis.

467 2281 598 2315 Videre
625 2290 676 2315 est
704 2282 764 2315 lib.
793 2283 838 2323 V,
866 2282 974 2328 epigr.
1001 2294 1092 2322 x111;
1116 2289 1149 2314 et

467 2336 525 2368 lib.
546 2336 632 2375 XII,
644 2335 756 2381 epigr.
772 2347 871 2368 xxvn

523 2390 555 2421 5.
579 2388 771 2433 «S'Jdendehm
781 2387 914 2433 fulgida
935 2387 1094 2420 Pulman.

522 2444 554 2473 (ἰ.
577 2442 739 2474 :luc-toris.
764 2440 1020 2474 Parthenii.—
1034 2440 1148 2473 Subti-

466 2493 533 2526 lius
552 2493 694 2539 quidam
714 2495 858 2534 volunt,
887 2493 1006 2527 nescio
1026 2505 1068 2526 an
1088 2506 1148 2526 ve-

468 2546 539 2578 rius
553 2573 560 2586 ,
576 2549 694 2590 jocum
722 2547 779 2581 hic
801 2547 892 2581 circa
918 2559 1045 2579 nomen
1065 2547 1147 2578 Par-

468 2600 602 2631 themam
618 2627 624 2639 ‚
660 2599 754 2644 qnod
784 2614 799 2632 a
824 2601 949 2634 Graeco
974 2601 1147 2644 πάρθενος,

475 2654 580 2694 rit-gru
613 2653 708 2697 quasi
734 2652 861 2686 (liceret
896 2653 1039 2685 Noster:
1063 2651 1145 2685 (lum

1209 1440 1243 1466 et
1259 1432 1415 1466 novitate
1435 1442 1468 1466 et
1491 1433 1661 1478 elegantia
1679 1437 1770 1480 quasi
1792 1437 1885 1478 virgo

1208 1494 1295 1519 esset
1316 1494 1407 1531 toga.
1423 1487 1488 1519 Ευ.

1262 1552 1295 1583 7.
1331 1540 1362 1572 T
1361 1539 1465 1572 rihuli.
1491 1540 1542 1572 Ex
1564 1539 1658 1572 tribu
1680 1539 1792 1572 civem
1815 1541 1883 1572 Ro-

1209 1604 1350 1624 manum
1379 1592 1549 1638 significat
1579 1592 1743 1632 tribulis,
1766 1600 1800 1625 et
1825 1605 1885 1625 su-

1207 1645 1316 1678 mitur
1330 1645 1388 1678 hic
1403 1658 1468 1691 pro
1483 1657 1638 1691 paupere
1653 1645 1791 1691 plebeio
1801 1670 1810 1685 ,
1826 1645 1884 1691 qui

1208 1706 1302 1731 totus
1324 1698 1452 1743 frigore
1474 1699 1627 1732 horreat.
1645 1720 1696 1724 ——
1715 1698 1885 1731 Omnium

1208 1750 1349 1797 quidem
1361 1751 1458 1794 olim,
1472 1752 1525 1785 vel
1537 1752 1563 1785 si
1578 1751 1798 1785 nobilissimo
1809 1751 1886 1785 loco

1208 1804 1278 1837 nati
1292 1830 1302 1845 ,
1322 1805 1427 1838 relata
1447 1805 1592 1838 nomina
1609 1804 1643 1837 in
1670 1805 1805 1845 tribus3
1825 1804 1885 1838 sed

1209 1870 1318 1903 quum
1331 1857 1565 1903 magistratus,
1578 1856 1770 1891 sacerdotia
1780 1882 1790 1898 ,
1806 1870 1888 1891 con-

1208 1911 1341 1944 sulatus
1359 1911 1578 1947 obtinerent,
1602 1911 1654 1944 his
1675 1911 1784 1944 titulis
1796 1910 1886 1944 desi-

1207 1964 1414 2008 gnabantur.
1453 1965 1591 2010 Pauper
1627 1964 1677 1996 nil
1707 1972 1780 1997 erat
1820 1963 1887 1997 nisi

1209 2017 1361 2049 tribuiis.
1384 2017 1450 2050 F-D.

1260 2072 1293 2103 8.
1312 2070 1434 2102 Ducere
1450 2070 1474 2101 P
1479 2070 1616 2102 ulm.-—
1630 2070 1774 2102 Nic-eam.
1787 2068 1886 2102 Adeo

1209 2122 1348 2161 tritam,
1370 2131 1409 2155 ut
1431 2123 1488 2155 fila
1515 2123 1590 2155 alba
1612 2130 1812 2168 appareant.
1837 2143 1887 2148 —

1209 2175 1335 2207 Nonne
1365 2184 1399 2208 et
1423 2174 1465 2208 ad
1494 2184 1712 2208 senectutem
1747 2175 1889 2220 insuper

1206 2227 1462 2261 referendum?
1483 2241 1590 2273 quum
1613 2237 1646 2261 et
1665 2241 1758 2261 ‹mum
1774 2237 1888 2273 togam

1207 2289 1327 2321 vocet,
1351 2289 1385 2313 et
1406 2282 1687 2326 frequentissime
1708 2281 1806 2314 senio
1827 2279 1890 2314 ad-

1207 2333 1320 2367 ditum
1361 2334 1428 2367 hnc
1461 2336 1631 2374 ἐπίθετον,
1661 2347 1772 2367 cunum
1792 2361 1799 2374 ‚
1841 2337 1889 2366 ηἰ-

1209 2401 1291 2419 veum
1303 2414 1311 2427 ,
1328 2396 1390 2421 etc.
1408 2387 1474 2420 En.

1267 2453 1319 2473 10.
1349 2440 1422 2472 Non
1453 2441 1680 2473 Partheniana.
1714 2440 1788 2473 Hoc
1817 2448 1887 2480 est,

1208 2506 1278 2526 non
1317 2493 1464 2538 amplius
1504 2493 1689 2526 Parthenio
1726 2501 1891 2531 auctore,

1209 2545 1267 2579 sed
1292 2559 1346 2578 mc
1374 2559 1528 2591 paupere
1550 2545 1653 2591 digna
1673 2554 1735 2578 est.
1759 2546 1879 2578 Tacite

1211 2612 1334 2632 noram
1372 2608 1484 2645 togam
1513 2612 1529 2632 a
1555 2598 1740 2632 Partheni«)
1772 2607 1887 2642 petru*

1208 2651 1360 2686 videtur.
