1978 3305
453 259 547 287 212

829 240 889 281 Μ.
913 239 989 280 VA
1004 237 1055 279 L.
1098 236 1484 279 MARTIALIS

1029 385 1279 440 XVIII.

989 540 1039 567 IN
1081 539 1323 568 GALLAM.

524 677 673 727 QUUM
706 668 782 711 tibi
809 668 862 711 sit
887 666 1043 721 facies,
1071 665 1124 709 de
1153 681 1237 726 qua
1270 681 1350 709 nec
1380 665 1540 709 femina
1573 667 1706 727 possit

592 742 774 793 Dicere3
804 753 938 799 quum
965 753 1126 797 corpus
1150 735 1268 780 nulla
1293 734 1422 780 litura
1445 745 1595 792 notet;

524 815 616 856 (elur
642 820 682 853 te
703 819 791 853 tam
813 823 937 852 rarus
961 807 1131 868 cupiat,
1156 815 1410 867 repetatque
1436 806 1626 860 fututor,

594 878 795 924 Miraris?
819 879 986 923 Vitium
1010 886 1076 922 est
1095 893 1183 921 non
1207 876 1325 933 leve,
1346 876 1469 921 Galla
1486 912 1498 932 ,
1519 877 1607 921 tibi.

523 953 697 996 Accessi
720 950 892 1011 quoties
914 948 968 992 ad
995 964 1129 1009 opus,
1151 947 1382 1008 mixtisque
1405 963 1636 991 movemur

593 1021 850 1083 Inguinibus
870 1037 882 1075 3
908 1035 1078 1062 cunnus
1101 1035 1190 1062 non
1214 1027 1351 1072 tacet,
1371 1018 1464 1078 ipsa
1487 1026 1617 1061 taces.

523 1095 578 1136 Di
601 1092 819 1145 facerent,
839 1099 888 1133 ut
908 1099 956 1132 tu
980 1088 1242 1149 loquereris,
1265 1097 1309 1132 et
1328 1088 1419 1149 ipse
1441 1097 1605 1139 taceret
1626 1084 1635 1131 !

593 1161 817 1206 Offendor*
836 1161 969 1204 cunni
993 1157 1246 1221 garrulitate
1269 1159 1345 1202 tui.

524 1233 685 1277 Pedere
711 1242 753 1276 te
781 1229 954 1274 mallem
983 1245 991 1272 :

1024 1245 1213 1290 namque
1237 1228 1323 1273 hoc
1350 1245 1432 1273 nec
1457 1228 1607 1272 inutile
1632 1228 1734 1273 dicit

590 1301 877 1364 Symmachus
891 1336 903 1357 ,
924 1309 967 1344 et
987 1300 1120 1344 risum
1141 1315 1210 1343 res
1229 1308 1379 1343 movet
1399 1300 1479 1343 ista
1500 1298 1641 1343 simul.

522 1374 632 1431 Quis
655 1372 798 1416 ridere
819 1380 964 1433 potest
983 1370 1090 1414 fatui
1111 1378 1401 1431 poppysmata
1425 1368 1588 1414 cunni?

592 1445 742 1501 Quum
769 1451 895 1487 sonat
919 1441 1013 1496 hic,
1037 1442 1108 1485 cui
1131 1457 1220 1484 non
1242 1439 1437 1484 mentula
1459 1456 1668 1501 mensque
1692 1440 1835 1485 cadit?

521 1517 605 1559 Dic
630 1513 792 1575 aliquid
818 1511 992 1567 saltem,
1018 1510 1296 1571 clamosoque
1321 1510 1524 1572 obstrepe
1546 1527 1692 1555 cunno
1716 1529 1723 1554 :

593 1587 649 1630 Et
669 1585 703 1630 si
726 1583 835 1628 adeo
857 1592 977 1627 muta
1007 1598 1075 1637 es,
1101 1581 1219 1626 disce
1242 1580 1310 1625 vel
1336 1580 1435 1625 inde
1456 1580 1587 1642 loqui.

509 1737 537 1758 1.
559 1725 610 1757 De
633 1736 694 1770 qua
720 1734 786 1755 nec.
813 1719 855 1754 Id
877 1729 947 1761 cst,
970 1731 1035 1753 nec
1060 1719 1130 1754 ulla
1189 1720 1305 1762 rimae,
1321 1732 1426 1766 quam
1444 1728 1558 1754 tamen
1578 1720 1711 1766 carpit,
1728 1720 1865 1766 puellae.

453 1778 592 1812 foemina
603 1803 611 1818 ,
633 1788 718 1821 ergo
734 1786 838 1808 nemo
851 1799 860 1815 ,
875 1781 990 1819 potest
1010 1771 1128 1806 defor-

453 1831 609 1864 mitatem
623 1837 744 1862 notare
758 1828 793 1860 in
809 1836 871 1860 tuo
890 1838 1050 1872 corpore.

508 1897 542 1917 2.
562 1884 691 1922 Dicere,
714 1890 778 1914 etc.
802 1880 844 1913 Se
875 1880 977 1913 talem
999 1879 1129 1912 habere

453 1944 621 1982 nequeat,
639 1947 698 1968 seu
721 1934 785 1967 tibi
805 1931 1018 1966 contendere
1034 1955 1042 1967 ‚
1066 1931 1130 1964 tibi

451 2002 487 2023 se
497 1989 730 2034 aequiparare3
746 1986 909 2032 praeferre
921 1985 1040 2018 saltem
1056 1997 1127 2017 non

453 2043 554 2075 ausit.
569 2041 734 2074 —Nulla
761 2040 856 2071 litura
878 2046 974 2071 notet.
1009 2037 1129 2078 Quum

453 2109 523 2128 non
539 2107 627 2140 opus
641 2094 684 2126 sit
695 2101 734 2126 ut
750 2092 907 2125 lomento
920 2102 1024 2135 rugas
1039 2091 1129 2123 uteri

453 2147 583 2182 condas
599 2173 607 2187 ,
633 2158 710 2192 quae
729 2145 833 2178 nullae
856 2142 1050 2177 sunt.Vid‹=
1067 2143 1128 2177 lib.

455 2202 530 2241 111,
555 2201 666 2245 epigr.
701 2210 788 2231 xm.
825 2197 934 2230 Aliter
966 2196 1130 2241 intelligit

455 2255 559 2287 Poeta
594 2253 726 2286 nullam
753 2249 912 2284 mendam
928 2275 936 2289 ‚
968 2259 1022 2281 aut
1061 2262 1130 2281 nae-

455 2319 539 2339 vum
561 2318 633 2338 esse
651 2306 684 2338 in
707 2312 780 2337 toto
796 2315 946 2348 corpore
967 2302 1130 2347 pulcher-

1243 1786 1278 1819 7.
1290 1774 1322 1806 E
1325 1782 1337 1805 t
1346 1773 1400 1806 ille
1409 1781 1535 1813 taceret,
1546 1774 1733 1807 Pulmanni
1743 1771 1865 1807 codex.

1243 1840 1278 1870 9.
1292 1826 1425 1867 Pedere,
1437 1826 1609 1872 crepitum
1623 1826 1756 1860 ventris
1769 1827 1867 1859 emit-

1189 1887 1284 1912 tere:
1306 1879 1427 1913 Horat.
1448 1881 1482 1920 Ι,
1502 1879 1572 1913 Sat.
1591 1880 1611 1912 8
1624 1905 1633 1921 ,
1653 1892 1702 1913 vs.
1720 1881 1780 1920 46.
1798 1879 1867 1912 No-

1190 1940 1271 1973 ster,
1292 1932 1342 1974 X,
1368 1932 1476 1978 epigr.
1503 1944 1582 1974 xtv3
1597 1940 1631 1966 et
1645 1933 1734 1974 XII,
1755 1932 1864 1978 epigr.

1190 1997 1325 2019 Lxxvn.

1251 2050 1263 2071 ῐ
1277 2051 1288 2071 1
1301 2065 1307 2071 .
1333 2038 1558 2085 POJ'Rv‘smalss-
1580 2039 1658 2072 Vox
1686 2037 1828 2078 fictitia,
1847 2050 1865 2070 a

1190 2103 1276 2124 sono
1307 2103 1377 2136 quo
1411 2093 1506 2136 equis
1539 2090 1689 2124 necdum
1722 2090 1866 2124 domitis

1189 2142 1402 2177 blandimur.
1418 2144 1608 2177 politianus
1624 2144 1769 2177 Miscell.
1788 2156 1865 2189 cap.

1193 2197 1237 2230 32
1256 2208 1262 2229 :
1283 2195 1454 2230 (lenmlsio
1469 2223 1478 2237 ,
1499 2197 1695 2230 attrectatio
1716 2196 1843 2230 blanda
1856 2223 1865 2237 ‚

1192 2259 1228 2282 ut
1252 2262 1328 2295 quae
1349 2251 1385 2283 lit
1411 2249 1453 2283 ad
1476 2249 1702 2283 cicurantlnm
1723 2262 1864 2295 equum.

1195 2301 1285 2334 Vide
1303 2303 1360 2335 lib,
1380 2303 1429 2336 [ΙΙ
1442 2329 1450 2341 .,
1467 2303 1574 2348 epigr.
1595 2315 1707 2341 mxu,
1724 2315 1770 2335 vs.
1792 2305 1828 2337 8.
