1978 3305
347 237 932 282 EPIGRAMMATUM
969 237 1094 280 LIB.
1118 237 1234 279 VII.

1400 236 1490 281 231

232 326 490 369 Muneribus
517 327 635 370 venit
662 325 807 387 tegula
834 325 962 368 missa
987 324 1083 367 tuis.

164 396 400 451 Horridus,
424 413 549 448 ecce,
575 406 701 441 sonat
726 399 875 440 Boreae
898 394 1082 439 stridore
1108 394 1381 446 December3

233 465 386 518 Stella,
413 468 521 528 tegis
544 467 690 512 villam
705 502 716 521 ,
744 483 832 511 non
857 466 964 527 tegis
987 463 1237 526 agricolam.

92 607 253 644 receptos
294 599 525 644 collectosque
564 599 692 631 imbres
732 599 769 630 in
829 597 962 630 Ant.de
981 597 1079 642 Rooy.
1092 595 1184 628 Vide
1202 596 1321 628 Burni.
1339 594 1381 628 ad
1397 594 1501 628 Ovid.

94 659 208 696 partes
226 650 379 685 diversas
402 651 569 692 fundere,
594 650 693 696 quod
715 663 769 684 so-

93 704 167 738 lent
184 705 326 750 tegulae,
343 713 446 749 atque
465 703 552 737 adeo
568 704 740 737 minuere.
751 721 763 731 »ι

829 649 937 695 Epist.
962 649 1062 694 epist.
1092 653 1129 689 8,
1159 652 1220 683 61.
1254 666 1268 678 ιι
1298 649 1398 681 Flere
1425 648 1502 681 licet

830 710 922 736 certe
942 714 949 734 :
974 700 1092 735 flendo
1115 700 1349 735 diffundimus
1370 701 1470 735 iram.
1487 719 1497 730 n

619 792 973 892 XXXVII}

412 988 479 1016 AD
518 987 858 1024 CASTRICUM,

900 988 962 1016 DE
1001 987 1186 1016 THETA.

166 1108 311 1151 Nosn
340 1105 614 1150 mortiferum
641 1105 865 1166 quaestoris
880 1140 891 1161 ,
914 1105 1110 1149 Castrice
1127 1140 1138 1161 ,
1163 1106 1334 1166 signum
1349 1105 1365 1147 ι)

236 1179 312 1221 Est
334 1193 477 1238 operae
502 1177 690 1238 pretium
715 1175 880 1220 discere
904 1175 1022 1219 theta
1050 1192 1228 1219 novum.

169 1248 443 1308 Exprimeret
467 1248 635 1308 quoties
665 1256 886 1290 rorantem
913 1245 1075 1307 frigore
1105 1262 1282 1299 nasum,

237 1318 430 1362 Letalem
456 1317 597 1378 juguli
621 1318 808 1378 jusserat
835 1333 927 1360 esse
958 1327 1120 1360 notam.

155 1464 167 1484 1
179 1477 186 1483 .
236 1452 331 1485 Nosti
371 1453 562 1494 mortiferum
605 1451 771 1484 exhibent

97 1503 199 1538 codd.
219 1513 252 1538 et
271 1503 350 1538 edd.
371 1513 456 1538 vett.
478 1505 572 1537 „Vosti
593 1505 772 1546 mot-[ferum

98 1557 153 1591 ed.
175 1557 297 1603 Langii
319 1571 399 1592 ann.
424 1559 518 1602 1617
533 1584 542 1599 ,
566 1565 600 1590 et
621 1556 658 1590 in
679 1569 771 1589 mar-

98 1611 176 1655 gine
193 1613 383 1654 mot-lisbrum
399 1623 464 1656 pro
480 1623 511 1644 v.
526 1610 549 1643 l.
564 1623 603 1643 ex
619 1609 675 1643 ed.
690 1610 771 1642 Pul-

100 1664 233 1698 manni.
253 1664 366 1698 Nostri
384 1664 504 1710 legunt
524 1663 592 1696 alii.
611 1683 665 1690 —
679 1663 774 1695 Nosti

100 1718 292 1760 mortiferum
306 1744 315 1757 ,
344 1726 409 1750 etc.
441 1717 568 1750 Sensus
596 1724 646 1749 est
668 1724 675 1745 :
704 1717 773 1749 Pro

99 1770 207 1804 veteri
227 1771 283 1803 illa
299 1769 602 1804 condemnationis
623 1778 657 1802 et
678 1782 773 1802 mor-

101 1823 144 1856 tis
157 1820 338 1863 (Θανοίτου)
348 1823 447 1857 litera
458 1848 468 1864 ‚
485 1831 636 1868 quaestor
656 1830 776 1855 noster

103 1888 226 1909 novam
243 1876 350 1910 habet
365 1885 485 1910 notam
502 1889 510 1917 ;
527 1884 692 1909 emuncto
707 1875 775 1909 sci-

102 1929 181 1962 licet
199 1942 282 1963 naso
301 1928 360 1963 dat
377 1929 535 1963 carnifici
557 1929 693 1974 signum
715 1941 775 1962 oc—

101 1982 243 2016 cidendi
266 1983 419 2016 hominis
443 1994 450 2015 ε
472 1982 555 2015 huic
583 1981 776 2027 aliquando

102 2043 273 2089 opuffierat
282 2035 508 2069 distillantem
518 2048 640 2068 nasum
650 2048 704 2068 em
711 2047 776 2068 un-

101 2101 198 2134 gere;
212 2101 355 2122 manum
370 2101 454 2122 naso
470 2088 693 2122 admoturum
709 2088 777 2121 im-

106 2140 290 2187 pedierunt
302 2151 489 2188 quaestores
502 2142 641 2187 collegae
656 2141 777 2187 ipsius,

105 2195 201 2240 quasi
219 2194 385 2229 daturum
402 2195 488 2229 hinc
507 2194 610 2229 caedis
626 2195 776 2240 signum.

104 2248 124 2280 J
127 2256 248 2282 ocatur
262 2257 367 2294 poeta
386 2249 512 2282 misere
530 2261 610 2282 cum
628 2248 690 2281 illo
709 2248 779 2293 agi,

105 2301 181 2342 cui,
204 2300 311 2335 modo
336 2302 420 2335 alios
445 2301 662 2348 populariter
685 2301 778 2334 occi-

106 2353 204 2387 denti
215 2380 224 2393 ,
246 2356 312 2398 jam
327 2367 399 2388 non
418 2355 520 2388 liceat
537 2367 637 2387 suum
654 2366 779 2387 nasum

106 2408 313 2453 abstergere.
335 2408 426 2453 Lege
447 2408 502 2449 11,
523 2408 560 2441 ff.
582 2408 621 2440 de
646 2407 780 2452 Origine

103 2462 183 2504 jur-125
202 2460 358 2494 officium
380 2461 560 2506 quaestoris
582 2460 630 2493 sic
655 2458 779 2492 defini-

108 2522 174 2547 tur.
209 2530 221 2543 ιι
243 2513 432 2548 Constituti
461 2522 542 2546 sunt
570 2521 781 2559 quaestores,

109 2567 167 2612 qui
196 2567 354 2612 pecuniae
383 2575 565 2612 praeessent
583 2593 592 2607 ,
628 2574 663 2599 et
698 2565 780 2599 dicti

109 2629 191 2654 suut
216 2621 258 2653 ab
282 2633 347 2660 eo,
376 2619 472 2665 quod
503 2617 724 2665 inquirendae
749 2627 780 2651 et

109 2672 355 2707 conservandae
377 2673 534 2718 pecuniae
556 2685 655 2706 causa
678 2673 782 2706 creati

831 1457 930 1482 erant
949 1461 956 1482 ι
977 1458 1011 1482 et
1033 1450 1116 1495 quia
1136 1448 1179 1482 de
1201 1449 1313 1494 capite
1332 1450 1417 1482 civis
1437 1452 1507 1482 llo-

830 1503 923 1535 mani
945 1502 1077 1547 injussu
1098 1502 1223 1548 populi
1245 1515 1315 1535 non
1340 1511 1413 1535 erat
1434 1503 1506 1548 lege

830 1556 1038 1603 permissum
1062 1556 1273 1589 Consulibus
1294 1558 1350 1601 jus
1372 1555 1508 1597 dicere,

831 1617 1016 1654 propterea
1035 1616 1225 1654 quaestores
1247 1609 1506 1642 constituebam

832 1671 889 1696 tur
913 1675 930 1695 a
957 1662 1110 1707 populo,
1135 1661 1195 1707 qui
1225 1662 1431 1707 capitalibus
1456 1675 1506 1695 re·

830 1717 894 1749 hus
927 1722 1125 1760 praeessent.
1164 1715 1210 1747 Hi
1243 1714 1507 1760 appellabantur

832 1777 1020 1814 quaestores
1042 1767 1220 1813 parricidii
1243 1785 1256 1798 »ι
1281 1780 1288 1801 :
1312 1766 1356 1801 de
1381 1768 1507 1813 quibus

832 1822 902 1868 agit
922 1823 1040 1854 Poeta.

889 1888 921 1908 2.
955 1875 1055 1907 lela
1087 1886 1208 1906 novum.
1240 1874 1382 1907 Novum
1416 1876 1505 1907 enini

834 1928 955 1961 mortis
980 1928 1117 1973 signum
1142 1926 1296 1967 invenit,
1324 1935 1362 1959 ut
1387 1940 1507 1973 quein·

832 1982 926 2027 piam
951 1981 1216 2021 interfecturus,
1239 1993 1361 2013 nasum
1387 1993 1507 2012 emun-

833 2043 929 2080 geret
941 2046 948 2067 :
962 2034 1045 2067 hinc
1058 2042 1158 2067 vocat
1170 2047 1294 2073 novum,
1311 2033 1385 2066 aliis
1398 2034 1433 2065 in
1440 2033 1507 2066 usi-

834 2096 956 2122 tatum.
968 2087 1170 2130 lllortiserum
1179 2095 1296 2127 vocat,
1308 2085 1402 2131 quod
1414 2098 1507 2119 nior-

835 2141 878 2174 tis
901 2141 1064 2174 nuntium
1091 2139 1244 2181 adferat3
1268 2152 1348 2171 nam
1369 2140 1505 2177 θάνατος

835 2194 966 2228 Graecis
989 2206 1082 2227 mors
1103 2205 1110 2226 :
1132 2201 1167 2225 et
1193 2193 1241 2226 sic
1260 2192 1372 2237 prima
1397 2192 1509 2225 littera

835 2251 850 2280 θ
869 2260 934 2294 pro
948 2259 1035 2280 voce
1056 2254 1129 2280 tota
1147 2256 1345 2291 usurpatur.
1358 2246 1504 2278 Romani

835 2301 934 2347 prius
969 2301 1018 2339 A,
1043 2311 1151 2345 quum
1194 2298 1431 2339 absolverent3
1461 2299 1510 2336 C,

837 2366 944 2400 quum
965 2351 1254 2391 condemnarent3
1275 2351 1320 2383 N.
1339 2352 1376 2383 L.
1399 2364 1507 2397 quum

838 2419 909 2440 non
944 2406 1092 2450 liqueret
1112 2431 1122 2445 ‚
1159 2405 1384 2449 usurpabant.
1422 2405 1511 2449 Lege

839 2458 1074 2492 Alexandrum
1091 2458 1133 2490 ab
1146 2455 1346 2490 Alexandro
1361 2457 1419 2490 lib.
1438 2458 1492 2490 III
1504 2483 1513 2490 η

839 2524 912 2557 cap.
934 2515 953 2545 5
965 2537 975 2552 ‚
997 2519 1032 2544 et
1049 2510 1227 2556 Tiraquel.
1244 2509 1331 2543 ibid.

894 2569 927 2605 4.
958 2566 1036 2598 Ant.
1062 2564 1100 2596 de
1124 2564 1214 2610 RooJ·
1242 2563 1359 2597 scribit
1382 2564 1509 2608 jugulo.

842 2616 947 2651 dandi
976 2629 1066 2652 casn.
1100 2616 1314 2658 «Genium,
1332 2616 1395 2656 ait,
1424 2616 1513 2649 sorte

843 2671 1057 2705 occasionem
1084 2669 1225 2704 dederat
1255 2669 1394 2703 initialis
1419 2669 1517 2702 litera

1229 2735 1316 2785 25⁵¹
