1978 3305
351 255 931 301 EPIGRAMMATUM
967 255 1091 297 LIB.
1115 254 1231 297 VII.

1401 269 1490 297 201

241 345 400 388 Martia
421 343 635 403 laurigera
655 341 834 403 cuspide
855 340 941 402 pila
960 342 1113 385 virent.

174 416 366 469 Rursus,
389 414 431 457 io
446 447 457 468 ,
479 429 661 474 magnos
685 412 844 456 clamat
865 412 942 456 tibi
961 413 1104 455 Roma
1128 409 1373 470 triumphos
1387 445 1399 460 ,

238 485 519 544 Invictusque
545 493 618 527 tua
634 519 645 539 ,
670 484 836 538 Caesar,
864 483 909 525 in
935 482 1041 525 urbe
1069 497 1206 526 sonaS.

178 554 264 598 Sed
290 554 380 614 jam
411 553 566 598 laetitiae
594 570 681 614 quo
707 554 762 597 sit
791 552 950 596 fiducia
977 553 1136 612 major,

245 625 492 669 Sarmaticae
522 623 668 667 laurus
692 623 869 666 nuntius
900 623 989 682 ipse
1016 623 1127 665 veni.

247 743 381 800 Χλῶρ’
408 742 473 784 ἐπὶ
501 748 572 790 τῆς
604 746 775 800 κορυφῆς
806 741 924 800 ἔγχεα
956 733 1215 798 δαφνοφορεῖ·

180 813 370 871 Δεύτερον
395 815 418 857 ἠ
445 801 567 870 Ῥώμη
600 827 661 853 σοι
687 809 732 852 ἰὼ
757 809 888 852 Παιὰν
916 804 1126 862 ἀλαλάζει,

249 881 340 924 Αῐὲν
371 879 557 928 ἀνίκητον
589 885 668 924 σεῖο
697 883 812 930 πολις
841 897 880 922 σε
912 882 1001 936 βοᾷ.

178 945 277 994 Ᾱλλ’
305 952 369 993 ἴνα
398 953 651 1010 χαρμοσύνης
679 951 835 994 πίσυνοι
864 944 1134 1011 δραττώμεθα
1160 952 1336 1009 μᾶλλον,

248 1022 502 1081 Σαρματικῆς
533 1021 642 1071 νίκης
672 1019 838 1082 ἅγγελος
869 1022 990 1071 αὐτὸς
1021 1021 1123 1063 ἵκου.

164 1145 197 1175 6.
224 1143 417 1186 Laurigera,
439 1150 504 1175 etc.
527 1141 601 1175 Pila
619 1150 655 1174 et
675 1141 780 1174 hastae

109 1195 260 1229 militum
272 1194 454 1229 victoriam
468 1201 639 1228 testantur
649 1194 782 1227 laurea-

111 1256 155 1281 ta.
179 1248 296 1281 Lauro
315 1248 407 1281 enim
427 1255 460 1281 et
483 1246 670 1281 frondibus
688 1246 782 1280 festis

111 1301 325 1334 ornabantur
344 1300 414 1345 pila
434 1301 463 1333 ἐν
487 1300 710 1345 καθορθώμασι
730 1299 784 1332 καὶ

111 1354 224 1392 νίκαις.
240 1354 329 1387 Plin.
346 1354 368 1388 l.
383 1353 534 1393 XXXV,
549 1366 579 1386 c.
595 1353 659 1385 ult.
680 1369 693 1381 «
709 1353 784 1397 Ipsa

108 1407 250 1450 pacifera
269 1403 403 1445 (laurus
421 1400 516 1449 scil.)
535 1413 570 1438 ut
589 1418 680 1451 quam
698 1418 784 1450 prae-

114 1459 199 1491 tendi
211 1461 303 1492 etiam
320 1461 401 1491 inter
415 1466 551 1491 armatos
566 1458 684 1500 hostes,
698 1460 785 1504 quie-

115 1514 153 1544 tis
183 1515 222 1544 sit
253 1512 411 1545 indicium.
441 1512 590 1544 Romanis
615 1512 786 1556 proecipuae

115 1565 253 1604 laeticiae,
275 1565 534 1610 victoriarumque
561 1565 675 1597 nuncia
698 1564 790 1596 addi·

116 1625 167 1649 tur
185 1618 314 1658 litteris,
335 1625 366 1649 et
386 1617 517 1650 militum
537 1617 652 1649 lanceis
664 1643 674 1657 ‚
693 1617 786 1662 pilis-

69 1672 71 1674 '
116 1683 183 1715 que.
203 1687 217 1699 »
249 1670 366 1711 Quare
389 1681 407 1703 e
428 1671 587 1703 Romano
609 1681 706 1703 more
728 1669 787 1703 Se-

116 1735 200 1756 neca
219 1723 255 1757 in
273 1724 533 1767 Agamemnone
554 1734 562 1755 ε
590 1739 604 1751 α
619 1721 687 1756 Sed
710 1734 789 1756 ecce

115 1783 212 1808 vasto
238 1775 394 1808 concitus
419 1775 517 1809 miles
542 1773 653 1820 gradu
677 1775 792 1808 Mani·

116 1829 199 1861 festa
211 1837 378 1874 properat
394 1828 490 1873 signa
504 1828 631 1861 laetitiae
646 1840 785 1874 gerens:

117 1881 278 1927 Namque
290 1881 386 1915 hasta
399 1894 535 1914 summo
551 1881 704 1924 lauream
718 1881 786 1914 fer-

118 1946 159 1967 ro
178 1934 279 1979 gerit.
296 1950 310 1964 »
330 1933 472 1968 Herald.

173 1999 205 2031 7.
222 1987 279 2027 Io,
306 2000 435 2032 magnos
460 1988 593 2029 clamat,
616 1995 684 2023 etc.
709 1988 788 2021 Vox

120 2047 170 2073 cst
185 2039 356 2085 triumphi
374 2040 555 2073 solemnis:
572 2057 585 2069 «
601 2041 671 2085 Ipse
679 2053 790 2085 gerens

843 1141 948 1173 laurus
958 1167 966 1180 ,
989 1142 1080 1173 lauro
1095 1140 1253 1173 devinctus
1267 1142 1403 1185 agresti,
1421 1140 1516 1173 Miles

842 1194 882 1226 Io
904 1206 1019 1237 magna
1038 1193 1124 1226 Voce
1141 1193 1319 1239 triumphe
1331 1219 1341 1235 ,
1363 1201 1474 1226 canet.-
1497 1210 1510 1222 ›-

843 1246 973 1279 Tibull.
996 1246 1054 1280 lib.
1074 1247 1111 1279 ΙΙ
1124 1272 1134 1288 ,
1152 1247 1248 1292 Eleg.
1267 1258 1318 1280 vr.
1337 1245 1419 1279 Vid.
1443 1246 1517 1279 Ho-

843 1307 904 1332 rat.
923 1298 1027 1345 epod.
1046 1311 1088 1342 93
1108 1308 1142 1333 et
1161 1300 1226 1341 IV,
1243 1298 1310 1332 Od.
1330 1311 1347 1331 2
1361 1324 1370 1340 ,
1384 1312 1433 1332 vs.
1453 1302 1514 1342 49.

844 1351 949 1385 Ovid.
966 1352 1200 1398 Metamorph.
1220 1353 1257 1393 I,
1282 1352 1373 1394 5603
1394 1353 1516 1385 Amor.

846 1406 863 1438 I
875 1430 885 1447 ‚
901 1405 996 1450 Eleg.
1017 1417 1065 1446 113
1081 1405 1187 1439 Trist.
1205 1405 1270 1445 IV,
1286 1406 1382 1450 Eleg.
1403 1417 1445 1437 11.

900 1459 933 1492 8.
971 1459 1177 1504 Invictusque.
1208 1458 1354 1491 Vocaris
1384 1459 1455 1502 jam
1487 1464 1521 1489 et

845 1510 1070 1557 proclamaris
1089 1523 1106 1543 a
1124 1519 1199 1544 toto
1217 1511 1369 1556 populo,
1390 1512 1520 1543 invictus

846 1565 1031 1609 Imperator.
1054 1564 1115 1597 Est
1145 1564 1239 1597 enim
1268 1564 1337 1597 hoc
1369 1563 1523 1596 solemne

846 1618 1102 1663 Imperatorum
1116 1617 1267 1662 elogium
1280 1642 1290 1657 ‚
1308 1625 1346 1650 ut
1361 1615 1523 1649 dicantur

847 1671 977 1703 Inuicti:
996 1669 1092 1715 quod
1120 1678 1253 1703 veteres
1272 1669 1518 1714 inscriptiones

848 1735 936 1769 saepe
958 1722 1164 1756 ostendunt.
1182 1723 1301 1756 Ruder.

902 1789 937 1820 9.
951 1776 1088 1819 Sedjum
1103 1776 1234 1809 loetitiae.
1249 1774 1316 1808 Sed
1333 1783 1372 1808 ut
1387 1775 1524 1820 explea-

848 1837 907 1861 tur
922 1829 1047 1874 populi
1061 1828 1276 1861 desiderium
1292 1836 1325 1861 et
1342 1826 1524 1874 gaudium,

846 1894 996 1928 propera
1011 1882 1048 1914 in
1060 1881 1212 1923 Urbem,
1232 1890 1266 1915 et
1283 1881 1356 1927 ipse
1374 1881 1524 1915 nuncius

849 1943 922 1968 esto
943 1942 1009 1968 tuae
1027 1943 1192 1968 victoriae.

907 1999 958 2021 10.
973 1988 1113 2021 Nuntius
1134 1992 1198 2033 ipse
1216 1989 1299 2021 veni.
1313 1988 1369 2020 Tu
1390 1987 1484 2032 ipse,
1503 1998 1524 2018 o

850 2040 1063 2074 Domitiane.

744 2180 887 2237 VII.

394 2314 461 2341 AD
499 2312 773 2342 CAESAREM
812 2293 1258 2342 DOMITIANUM.*

1421 2379 1448 2397 ⁴11

262 2414 477 2456 HIBERNA
507 2415 703 2473 quamvis
726 2414 907 2466 Arctos,
928 2422 970 2456 ct
998 2412 1116 2456 rudis
1146 2414 1288 2456 Peuce
1306 2447 1317 2467 ‚

177 2529 190 2543 “
211 2534 467 2579 Argumentum
491 2532 535 2567 de
561 2533 734 2567 desiderio
760 2543 794 2568 et

125 2598 242 2619 amore
269 2586 391 2632 populi
415 2587 550 2619 romani
570 2599 649 2631 erga
665 2587 794 2632 princi-

125 2651 205 2684 pem
222 2640 409 2674 absentem.
425 2640 531 2681 Quasi
547 2639 655 2673 dicat:
669 2639 798 2681 Quam-

126 2691 178 2725 vis
200 2693 323 2737 procul
347 2693 389 2725 ab
413 2693 511 2726 Urbe
534 2692 570 2725 in
596 2692 729 2726 hostico
754 2691 796 2725 ad

854 2534 1148 2579 Septemtrionem
1169 2533 1297 2579 degas3
1323 2541 1474 2566 attamen
1497 2546 1531 2566 es

855 2599 1006 2632 praesens
1024 2586 1149 2620 animis
1169 2595 1202 2619 et
1223 2587 1312 2620 votis
1328 2586 1467 2619 nostris.

914 2651 943 2672 1.
957 2639 1110 2673 Hiberna.
1123 2639 1290 2682 Quamvis
1305 2648 1338 2672 te
1350 2638 1531 2672 detineant

857 2705 874 2725 a
888 2693 988 2726 nobis
1006 2693 1095 2726 bella
1115 2693 1150 2726 in
1170 2693 1371 2737 regionibus
1386 2701 1532 2738 septem-
