1978 3305
381 232 963 277 EPIGRAMMATUM
1001 233 1123 276 LlB.
1165 235 1250 277 lx.

1419 237 1509 289 [401

188 321 393 366 Euboicae
415 320 610 364 nondum
641 319 899 363 numerabas
923 318 1053 380 longa
1081 321 1251 380 Sibyllae

255 394 491 450 Tempora,
521 391 661 451 major
687 399 780 434 erat
809 390 1029 434 mensibus
1056 390 1127 434 illa
1157 392 1307 435 tribus.

187 463 285 506 Heu
311 478 406 522 quae
430 460 576 523 lingua
602 457 718 504 silet!
746 475 834 503 non
858 459 973 503 illam
1000 460 1115 505 mille
1139 471 1313 507 catastae

256 532 527 587 Vincebant‚
555 548 635 575 nec
666 546 761 591 quae
789 530 917 573 turba
941 533 1121 592 Serapin
1144 542 1291 587 amat3

186 604 279 647 Nee
304 603 505 646 matutini
530 602 688 644 cirrata
713 609 889 644 caterva
913 602 1133 661 magistri,

256 673 349 717 Nec
369 689 464 733 quae
495 671 744 731 Strymonio
768 670 822 713 de
847 686 977 730 grege
1003 671 1095 731 ripa
1121 683 1257 716 sonat.

184 745 294 801 Quae
322 759 440 786 nunc
460 739 707 785 Thessalico
734 742 905 784 Lunam
922 739 1146 785 ‚deducere
1171 743 1384 801 rhombo,

117 879 195 905 ture
215 883 224 904 ε
242 869 280 903 id
300 868 395 915 quod
411 881 475 914 per
493 868 640 902 ironiam
658 867 791 902 dictum

114 924 231 957 Poetae
247 923 470 968 perspicuum
486 930 547 954 est.

169 976 202 1009 3.
221 975 373 1008 Euboicae
387 974 530 1021 Sibylla
544 973 619 1007 Hoc
634 981 685 1007 est
696 998 706 1013 .,
723 974 791 1007 Cu-

113 1040 223 1062 manae
235 1054 244 1070 ‚
266 1027 310 1061 de
325 1040 395 1074 qua
408 1027 580 1072 Virgilius
595 1027 722 1071 Ecloga
734 1038 788 1067 1v;

114 1094 190 1128 quae
212 1094 229 1114 a
251 1082 383 1114 Phoebo
403 1081 666 1125 impetraverat,
680 1087 720 1112 ut
739 1088 791 1113 tot

114 1147 222 1168 annos
238 1135 388 1175 viveret,
405 1141 490 1178 quot
506 1144 691 1165 arenarum
710 1145 789 1165 cor-

113 1187 259 1233 puscula
282 1199 390 1219 manu
414 1198 537 1231 capere
556 1194 683 1231 posset.
705 1185 789 1217 Ovi-

113 1239 194 1273 dius
210 1240 293 1273 Met.
314 1240 413 1272 XIV.
424 1238 641 1270 —Euboicca
660 1238 788 1270 Euboea

112 1294 206 1326 enim
230 1293 342 1326 insula
367 1291 475 1336 AEgaei
494 1291 622 1330 maris,
654 1290 690 1323 in
719 1303 786 1336 qua

113 1346 250 1380 Chalcis
267 1345 407 1386 civitas3
421 1351 455 1376 et
472 1342 666 1378 Chalcidici
691 1344 786 1376 colo-

112 1399 209 1432 niam
240 1399 368 1432 Cumas
395 1395 595 1435 deduxere,
631 1395 725 1428 unde
753 1404 788 1429 et

112 1451 196 1496 ipsae
224 1452 343 1485 Cumae
367 1450 531 1483 Euboicae
552 1448 664 1482 dictae.
687 1449 783 1494 Virg.

113 1503 250 1537 AEneid.
281 1504 344 1537 lib.
365 1504 439 1543 VI,
469 1515 486 1535 2
516 1512 524 1535 :
555 1520 568 1532 κ
584 1502 628 1535 Et
645 1500 786 1535 tandem

111 1557 277 1590 Euboicis
291 1557 484 1591 Cumarum
494 1555 654 1588 allabitur
670 1555 751 1588 oris.
767 1572 780 1584 »

168 1615 187 1650 4
196 1637 203 1644 .
216 1610 325 1654 llIaJor
336 1617 405 1642 erat
418 1635 425 1648 ,
445 1616 510 1641 etc.
525 1607 642 1653 Fingit
655 1607 785 1653 hyper·

111 1663 224 1696 bolice
234 1671 338 1708 poeta
351 1660 501 1694 defuisse
511 1659 696 1694 Philaenidi
716 1668 785 1693 tres

112 1723 247 1749 tantum
281 1726 414 1748 menses
438 1713 482 1747 de
512 1721 611 1747 aetate
633 1712 784 1758 Sibyllae.

112 1767 307 1802 Scriverius
342 1774 548 1812 conceptum
590 1766 784 1798 hariolatur

112 1822 267 1854 messibus.
287 1819 354 1854 Sed
369 1819 470 1865 prior
485 1818 654 1865 scriptura
673 1818 785 1863 pluri-

110 1875 176 1908 bus
195 1874 302 1919 magis
325 1872 467 1906 arridet.

167 1928 200 1960 5.
217 1927 299 1971 Quae
315 1927 423 1970 lingua
440 1925 531 1958 silet!
549 1924 663 1965 Quam
686 1936 783 1957 voca-

109 1980 151 2013 lis
170 1988 204 2013 et
220 1979 420 2013 Stentorea!
440 1977 570 2011 scilicet
582 1977 782 2022 loquacissi-

109 2045 203 2066 mam
224 2033 328 2066 fuisse
345 2030 508 2065 ostendit.
531 2030 600 2062 Alii
622 2030 783 2063 scribunt

109 2086 191 2118 siles.
205 2107 257 2113 —
276 2084 429 2118 Catastoe.
452 2084 548 2117 Servi
568 2083 604 2115 in
624 2083 780 2125 catastis,

109 2137 147 2171 id
166 2147 234 2179 est,
248 2138 485 2183 pegmatibus‚
503 2136 548 2169 ita
570 2135 706 2169 venales
721 2148 782 2169 ex-

110 2191 227 2236 positi.
248 2191 410 2231 Lib.VI‚
426 2189 535 2235 epigr.
557 2200 640 2222 xx1x
652 2213 661 2229 ‚
680 2201 728 2220 vs.
750 2200 779 2222 1.

110 2244 163 2276 De
176 2244 289 2288 lignea
307 2244 371 2277 hac
389 2243 570 2283 machina,
588 2241 650 2274 uhi
670 2241 760 2274 servi
772 2267 782 2282 ‚

109 2304 232 2329 natura
263 2308 323 2329 sua
354 2295 586 2341 loquacissimi
601 2319 610 2335 ‚
644 2295 780 2328 venales

109 2350 380 2394 exponebantur,
395 2350 463 2392 jam
480 2347 615 2392 egimus
630 2347 671 2379 ad
687 2347 781 2380 hunc

107 2401 225 2434 locum
245 2401 355 2434 nostri
376 2408 498 2445 poetae.

163 2457 197 2487 6.
219 2455 301 2498 Quoe
325 2453 436 2491 turha,
459 2460 524 2485 etc.
544 2451 645 2484 Isidis
669 2464 780 2484 saeer-

108 2506 207 2540 dotes
238 2507 382 2539 invento
415 2506 526 2544 Osiri,
553 2505 680 2537 Juven.
715 2512 777 2537 sat.

108 2571 178 2592 v111
190 2585 199 2600 ‚
217 2572 266 2593 VS.
290 2561 354 2600 28;
368 2559 423 2591 vel
439 2558 573 2603 impura
588 2558 686 2590 turba
702 2568 779 2601 quae

108 2613 143 2644 in
177 2611 353 2657 Serapidis
382 2611 486 2645 sacris
510 2610 714 2643 solennibus
735 2609 778 2641 ad

110 2665 293 2710 Canopum
309 2677 371 2710 per
383 2665 508 2698 fossam
519 2674 559 2696 ex
572 2661 779 2696 Alexandria

183 2740 245 2779 ΙΙ.

852 864 1071 901 descendunt
1090 869 1126 901 in
1142 871 1310 904 naviculis
1328 881 1523 915 cantantes,

851 920 1039 954 frementes
1051 947 1060 963 ‚
1074 930 1139 955 etc.
1156 922 1279 957 Strabo
1290 949 1300 965 ,
1320 924 1382 958 lib.
1405 926 1523 961 XVII.

850 994 900 998 ——
915 973 1023 1005 Turba
1040 974 1188 1020 Serapiu,
1203 984 1267 1009 etc.
1286 978 1398 1010 Deum
1418 981 1525 1025 AEgy-

848 1026 1002 1070 ptiorum
1020 1051 1030 1066 7
1060 1029 1159 1070 cujus
1188 1029 1341 1063 solennia
1373 1020 1524 1065 celebr'a-

847 1078 935 1111 baut
959 1080 1114 1125 AEgyptii
1144 1083 1277 1127 magnis
1305 1083 1526 1119 clamoribus.

852 1130 966 1164 Strab.
982 1131 1073 1165 libro
1091 1132 1228 1166 eodem.

902 1196 935 1227 7.
967 1183 1101 1217 Curiata
1126 1195 1250 1220 caterva
1277 1188 1412 1222 Beverl.
1448 1191 1523 1225 MS.

847 1257 897 1262 —-
915 1236 1045 1269 Cirrala
1076 1246 1199 1271 caterva
1231 1243 1385 1286 magistri.
1418 1244 1526 1277 Pueri

845 1289 963 1322 cirrati
989 1289 1023 1322 in
1048 1292 1184 1325 scholis.
1211 1293 1308 1327 Pers.
1330 1302 1392 1329 sat.
1414 1308 1427 1328 1
1442 1322 1450 1336 ‚
1474 1310 1524 1331 vs.

849 1354 969 1385 29.——-
986 1343 1054 1375 Nec
1076 1347 1233 1379 matutini.
1260 1351 1333 1380 Hoc
1363 1357 1433 1389 est,
1459 1362 1524 1383 nec.

842 1394 961 1439 pueri,
979 1397 1036 1440 qui
1055 1410 1191 1430 summo
1210 1411 1311 1432 mane
1327 1402 1397 1444 jam
1415 1404 1523 1448 magi-

842 1455 954 1480 strum
973 1446 1127 1483 adibant.
1142 1451 1223 1483 Juv.
1241 1452 1308 1485 Sat.
1326 1465 1397 1492 vn,
1423 1467 1492 1488 222
1509 1479 1519 1490 ,

844 1500 1023 1546 alloquens
1046 1503 1270 1548 magistrum:
1292 1523 1304 1535 n
1318 1507 1522 1542 Dummodo

843 1565 918 1586 non
932 1563 1067 1599 pereat,
1081 1556 1205 1590 mediae
1224 1557 1320 1603 quod
1341 1561 1453 1594 noctis
1476 1563 1518 1594 ab

843 1605 929 1638 hora
949 1606 1095 1647 Sedisti,
1114 1622 1181 1654 qua
1200 1623 1304 1644 nemo
1323 1612 1431 1655 faber,
1452 1627 1519 1660 qua

841 1671 947 1692 nemo
966 1659 1120 1702 sederet,
1140 1662 1212 1704 Qui
1239 1662 1343 1697 docet
1369 1666 1518 1713 obliquo

841 1711 954 1744 lanam
977 1711 1154 1747 deducere
1173 1715 1265 1748 ferro
1289 1734 1302 1746 »
1316 1742 1325 1757 ,
1340 1725 1405 1752 etc.

898 1766 931 1798 8.
943 1765 1122 1812 Strymonio
1137 1780 1252 1812 grege,
1266 1777 1330 1803 etc.
1343 1770 1499 1805 Gruibus
1509 1800 1518 1814 ‚

841 1817 1046 1851 imminente
1070 1828 1273 1866 tempestate
1291 1823 1346 1855 vel
1365 1824 1491 1869 hyeme
1505 1852 1514 1866 ‚

841 1881 968 1915 magno
991 1884 1071 1904 cum
1098 1874 1261 1918 clangore
1294 1888 1312 1907 e
1338 1876 1484 1911 Thracia
1505 1906 1514 1917 ,

840 1923 939 1967 cujus
966 1923 1132 1970 Strymon
1154 1926 1301 1968 fluvius,
1320 1928 1513 1964 advolanti-

839 1975 1085 2010 bna—Juxta
1101 1991 1184 2012 vero
1207 1979 1402 2026 Strymonis
1421 1984 1512 2028 ripas

840 2029 957 2061 multae
971 2039 1069 2064 erant
1081 2044 1182 2076 grues
1193 2029 1205 2071 (
1215 2033 1315 2079 Virg.
1331 2034 1458 2080 Georg.
1474 2037 1489 2068 I
1502 2062 1511 2076 ,

839 2080 1116 2129 Strymoniaeque
1149 2084 1293 2129 grues);
1324 2099 1400 2132 quae
1438 2100 1513 2133 gre-

839 2136 943 2178 gatim
969 2136 1086 2169 vivere
1106 2138 1241 2179 solent;
1261 2139 1355 2173 unde
1375 2152 1430 2172 eas
1449 2153 1512 2186 per

840 2187 928 2220 hanc
942 2189 1141 2234 περίφρασιν,
1157 2190 1336 2234 Strimonio
1350 2193 1389 2224 de
1398 2205 1509 2238 grege,

840 2238 1008 2285 designat.

895 2305 928 2336 9.
939 2294 1340 2329 Th‹›,‹,<11l:·‹·0.Thessa1iam
1354 2298 1436 2331 olim
1451 2312 1509 2333 ve-

838 2346 972 2379 neficiis
984 2355 1087 2391 atque
1100 2347 1394 2383 incantationibus
1405 2352 1513 2384 famo-

838 2398 1006 2431 sissimam
1027 2400 1149 2440 fuisse,
1170 2401 1249 2434 satis
1273 2411 1406 2436 notum.
1419 2405 1511 2438 Vide

839 2451 977 2495 Apuleii
989 2452 1254 2485 celeberrimum
1264 2467 1354 2500 opus
1364 2457 1510 2491 Asinum

838 2516 992 2538 aureum.
1022 2526 1074 2530 ——
1093 2505 1251 2539 Rhombus
1280 2510 1384 2542 turbo
1412 2520 1509 2549 erat,

838 2569 940 2601 quein
963 2557 998 2589 in
1022 2558 1140 2590 orbem
1170 2560 1315 2603 agebant
1334 2563 1507 2597 venesicae.

838 2609 1016 2643 Theocriti
1027 2610 1314 2662 pharmaceutria.
1327 2615 1491 2649 Horatius
1503 2644 1510 2656 ,

839 2661 952 2708 Epod.
972 2663 1089 2696 XVII.
1107 2664 1279 2698 «Canidia
1300 2680 1400 2712 parce
1419 2671 1512 2702 voci-

1214 2739 1274 2781 215
