1978 3305
444 230 541 276 622

822 232 883 275 M.
908 234 1051 276 VAL.
1091 235 1478 279 MARTIALIS

584 317 759 362 Italides
784 329 987 378 possunt,
1010 319 1208 364 Atthides
1231 337 1322 365 esse.
1349 337 1484 365 suam.

515 389 570 431 Di
595 388 729 443 bene,
751 388 866 449 quod
899 398 1049 433 sancto
1076 391 1244 450 peperit
1266 390 1452 434 fecunda
1482 391 1661 446 marito,

585 457 716 515 Quod
744 468 890 520 sperat
917 475 1126 520 generos,
1146 460 1348 521 quodque
1376 460 1518 522 puella
1548 478 1697 505 nurus.

512 529 580 573 Sic
608 527 777 589 placeat
802 530 1004 590 Superis,
1027 539 1074 573 ut
1102 527 1295 592 conjuge*
1312 530 1498 592 gaudeat
1520 548 1630 586 uno,

582 601 639 642 Et
668 615 839 660 semper
869 601 979 644 natis
1009 600 1195 661 gaudeat
1220 601 1289 644 illa
1316 601 1467 646 tribus.

440 723 594 757 dominis
601 733 660 758 aut
669 725 837 758 matronis
844 724 990 758 Latinis.
1003 726 1118 759 Immo

443 786 512 811 tam
523 778 657 823 elegans
671 786 723 811 est
734 777 880 812 Claudia
891 804 900 820 ‚
916 786 955 811 ut
968 779 1117 812 Romani

443 831 574 874 possint
608 829 751 864 credere
787 843 858 865 esse
893 830 1092 864 Lucretiam
1104 856 1114 872 ‚

441 883 555 916 Graeci
577 883 759 916 Helenam.

496 940 530 976 4.
549 937 692 970 Italides.
705 937 774 969 Vel
796 944 943 982 propter
962 936 1115 982 linguam

442 989 601 1022 Latinam
616 998 651 1022 et
661 989 818 1023 Graecam
828 1015 837 1031 ,
847 1001 950 1034 quam
961 989 1118 1030 callebat,

443 1051 481 1075 ut
511 1042 706 1083 Domitius;
733 1043 789 1075 vel
819 1050 964 1088 propter
994 1042 1117 1075 formae

441 1096 646 1140 elegantiam
659 1118 669 1134 ‚
693 1104 731 1128 ut
751 1103 868 1129 censet
887 1094 1117 1129 Raderm—

443 1149 582 1181 Acln'des
604 1149 737 1181 Beverl.
756 1147 871 1181 Atthis
893 1160 993 1187 vero,
1009 1161 1027 1182 a
1047 1161 1116 1194 qua

442 1200 601 1234 Atthides
617 1199 786 1234 dicuntur
798 1227 808 1242 ‚
824 1201 890 1234 fuit
904 1213 974 1234 una
991 1202 1119 1235 Cranai

1178 727 1267 772 regis
1286 727 1554 761 Atheniensium
1571 727 1664 769 filia,
1682 741 1699 761 a
1718 740 1785 774 qua
1803 741 1853 761 re-

1177 780 1233 824 gio
1253 779 1368 813 Attica
1387 778 1613 814 denominata
1631 789 1693 815 est.

1232 834 1266 866 6.
1288 833 1392 877 Quot.
1405 841 1572 879 ..quotque
1592 832 1673 867 edd.
1695 841 1779 867 vett.
1800 856 1851 860 —

1178 884 1287 928 Quod.
1318 886 1381 919 Illa
1416 886 1548 920 scilicet
1582 887 1722 932 juvenis
1763 899 1852 920 uxor

1175 947 1353 983 speratur-a
1367 939 1493 971 merito
1507 947 1557 972 est
1572 941 1689 985 plures
1704 940 1793 973 filios
1811 942 1850 972 fl-

1176 990 1308 1036 liasque
1322 1016 1331 1031 ‚
1345 999 1378 1024 et
1394 990 1477 1023 inde
1492 990 1635 1025 domum
1651 1005 1747 1026 ¹suam
1765 993 1851 1025 laetis

1178 1043 1413 1077 matrimoniis
1430 1044 1652 1090 locupletem.

1232 1098 1265 1130 8.
1301 1096 1452 1131 Gaudeat
1478 1098 1534 1129 illa
1560 1098 1669 1131 tribus.
1700 1099 1750 1131 De
1773 1098 1852 1144 jure

1177 1149 1286 1182 trium
1311 1150 1500 1183 liberorum
1534 1150 1608 1184 fuse
1633 1150 1766 1184 dictum
1787 1151 1848 1183 lib.

1178 1203 1233 1245 ΙΙ,
1250 1203 1359 1248 epigr.
1372 1215 1454 1236 xcn.

1063 1340 1226 1397 LIV.

976 1489 1028 1518 IN
1067 1467 1318 1517 Ζοιῐ,ῐ]Μ.”ι

511 1595 805 1647 UNGUENTA,
826 1602 870 1636 et
889 1593 1047 1647 casias,
1070 1601 1113 1636 et
1134 1591 1323 1636 olentem
1345 1591 1499 1636 funera
1522 1592 1743 1652 myrrham
1758 1626 1769 1645 ‚

577 1664 813 1724 Thuraque
840 1663 893 1707 de
920 1662 1063 1727 medio
1089 1664 1389 1708 semicremata
1412 1680 1543 1725 rogo,

510 1735 566 1777 Et
595 1751 690 1795 quae
717 1733 771 1777 de
800 1735 951 1795 Stygio
977 1735 1157 1795 rapuisti
1186 1735 1386 1779 cinnama
1417 1733 1554 1786 lecto,

581 1805 789 1866 Improbe
820 1805 873 1849 de
904 1807 1046 1866 turpi,
1077 1804 1223 1861 Zoile,
1254 1805 1387 1849 redde
1415 1806 1524 1849 sinu.

507 1876 544 1919 A
568 1875 753 1936 pedibus
777 1875 966 1920 didicere
992 1892 1146 1920 manus
1170 1892 1352 1937 peccare
1376 1885 1604 1937 protervae.

577 1946 680 1990 Non
707 1947 842 1990 miror
868 1946 1031 2001 furem,
1054 1948 1127 2008 qui
1151 1947 1360 2008 fugitivus
1383 1956 1489 1990 erat.

490 2067 504 2082 ⁴
515 2074 649 2106 Zoilum
665 2073 849 2118 fugitivum
864 2085 1001 2106 servum
1017 2081 1049 2105 et
1066 2085 1116 2105 se·

435 2127 626 2173 pulcralem
643 2127 757 2160 furem
776 2127 935 2171 exagitat.

496 2193 526 2214 1.
552 2181 742 2225 Unguenta,
770 2188 801 2211 et
827 2182 938 2212 casias.
965 2179 1113 2213 Munera

436 2245 581 2279 nempe,
595 2245 672 2279 quae
683 2233 776 2278 rogis
787 2232 923 2278 imponi
938 2232 1112 2274 solebam3

437 2300 517 2320 nam
531 2285 724 2320 odoriferas
740 2295 870 2332 segetes
883 2293 915 2319 et
934 2294 1114 2332 unguenta

435 2341 545 2374 multa
574 2339 667 2385 rogis
691 2347 725 2372 et
751 2339 923 2385 sepulcris
950 2347 985 2373 et
1014 2339 1111 2372 urnis

435 2405 597 2439 spargere
613 2405 691 2426 mos
709 2393 1008 2439 frequentissimus
1026 2404 1033 2425 :
1050 2393 1111 2425 lib.

438 2448 467 2479 X
481 2472 490 2487 ‚
512 2446 620 2492 epigr.
639 2458 751 2479 xcvn.

491 2499 523 2532 3.
549 2500 601 2532 De
639 2499 753 2545 3(νέίο
793 2501 939 2544 rapuisti.
972 2499 1112 2544 Stygius

436 2565 561 2598 nempe
590 2553 698 2585 lectus
724 2553 891 2586 feretrum
923 2561 991 2593 est,
1014 2551 1110 2598 quod

434 2606 579 2638 violasse
599 2614 632 2638 et
654 2606 817 2651 spoliasse
839 2618 1015 2639 summum
1038 2617 1109 2638 sce-

435 2660 488 2693 lus
510 2658 669 2691 habitum
691 2667 750 2690 est.

1230 2077 1261 2112 4.
1290 2074 1339 2105 De
1365 2075 1458 2118 turpi.
1484 2071 1597 2106 Codd.
1621 2072 1775 2118 plurimi.
1800 2072 1851 2105 De

1169 2134 1317 2170 prompto
1338 2125 1415 2159 cod.
1436 2125 1570 2158 Beverl.

1229 2183 1260 2212 5.
1281 2180 1315 2212 Α
1332 2179 1475 2223 pedibus.
1495 2178 1621 2211 Servus
1640 2177 1733 2211 enim
1757 2177 1848 2223 sugi-

1174 2232 1266 2266 tivus
1290 2232 1403 2265 fuerat
1429 2231 1568 2272 Zoilus,
1595 2239 1696 2276 atque
1723 2230 1769 2264 ita
1792 2231 1849 2264 fu-

1174 2285 1270 2331 giens
1289 2297 1306 2318 a
1326 2283 1473 2318 domino
1486 2311 1495 2327 ‚
1516 2285 1585 2330 jam
1605 2296 1640 2317 se
1662 2284 1778 2329 ipsum
1798 2283 1848 2317 illi

1172 2339 1410 2384 surripuerat:
1423 2336 1519 2384 quod
1530 2349 1613 2383 ergo
1623 2336 1729 2383 pedes
1738 2348 1850 2370 exem-

1171 2392 1268 2437 plum
1281 2391 1411 2425 malum
1429 2390 1619 2432 dederant,
1632 2389 1668 2424 id
1680 2402 1785 2435 parva
1797 2390 1849 2423 in-

1174 2446 1338 2492 terposita
1358 2457 1454 2477 mora
1472 2451 1599 2478 secutae
1614 2451 1694 2477 sunt
1713 2455 1847 2476 manus.

1173 2500 1225 2532 De
1243 2498 1341 2531 Zoilo
1358 2497 1481 2543 saepius
1502 2497 1647 2530 dictum.

1228 2554 1261 2585 6.
1284 2552 1380 2584 Erat.
1409 2551 1465 2584 Sic
1487 2563 1606 2584 omues
1633 2557 1666 2583 et
1688 2547 1793 2582 codd.
1814 2555 1846 2580 et

1172 2603 1251 2638 edd.
1272 2605 1358 2638 libb.
1381 2605 1467 2637 Erus
1490 2604 1631 2646 coniicit
1651 2611 1684 2634 et
1708 2601 1845 2647 praefert

1171 2657 1344 2690 Antonius
1364 2658 1402 2689 de
1421 2658 1519 2703 Hom:
