1978 3305
370 242 864 288 EPIGRAMMATU
881 247 928 288 M
967 247 1088 288 LIB.
1129 247 1216 289 IX.

1409 246 1504 307 385,

173 328 237 370 Tu
255 328 447 388 juvenile
469 328 599 374 decus
621 347 743 375 serva
760 367 770 386 ,
796 349 849 376 ne
875 332 1098 393 pulchrior
1119 332 1188 376 ille

239 398 294 440 In
322 396 453 459 longa
482 398 611 444 fuerit
642 418 770 461 quam
800 402 997 446 breviore
1027 420 1162 447 coma.

173 520 279 574 Σῶζε
308 526 353 566 σὺ
379 526 444 567 καὶ
469 527 642 573 νεότητα
670 528 796 587 κόρῳ,
827 531 921 587 μήτ’
949 523 1051 578 εἶδος
1084 529 1249 588 ἀμείνων

241 593 314 640 Εἴη
347 595 635 655 ἀκερσεκόμης,
664 597 687 644 ὴ
716 597 836 656 τρίχα
861 600 1100 657 κειράμενος.

103 730 239 764 Thuan.
255 731 360 765 Palat.
376 740 410 765 et
422 732 576 766 Gruteri.
590 734 697 766 Indice
710 742 774 766 tola

96 785 167 825 ficit
179 782 288 817 codex
300 784 498 819 Pulmanni.
510 786 623 819 Voces
636 786 729 818 indat
741 795 775 819 et

98 835 220 880 jude-z,
246 844 286 869 ut
313 845 346 870 et
375 837 522 870 indicium
547 846 580 871 et
602 839 771 884 judicittm,

103 887 288 933 saepissime
316 897 559 934 permutantur
582 892 628 924 ob
653 891 774 924 simili-

104 939 263 973 tudinem
284 943 348 974 τοῖν
373 944 406 974 in
428 950 461 975 et
480 946 513 975 iu
537 943 573 976 in
599 952 668 977 vet.
691 945 774 978 scri-

103 1000 216 1037 ptura.
235 993 356 1028 Heius.
385 994 428 1028 ad
455 995 559 1028 Ovid.
588 998 708 1031 Amor.
740 998 776 1037 Ι,

108 1049 168 1085 14,
193 1048 238 1086 46
260 1046 345 1091 legit
370 1048 454 1080 culta
480 1060 545 1093 pro
569 1058 656 1089 tota‚·
676 1058 710 1083 et
723 1050 776 1083 hae

104 1109 243 1143 quoque
271 1111 372 1132 voces
393 1100 596 1146 frequenter
622 1103 656 1135 in
679 1103 776 1136 libris

105 1150 256 1196 antiquis
272 1151 548 1186 confunduntur.

891 747 923 778 7.
945 735 1012 766 Nec
1024 736 1186 779 pulchrior
1201 736 1253 767 ille
1269 737 1349 770 Ant.
1368 737 1406 769 de
1419 738 1509 781 Rooy

835 783 1007 831 cogitabat
1029 799 1036 819 2
1070 786 1131 820 sed
1167 786 1290 820 eodem
1326 788 1428 823 redit.
1458 811 1508 815 —

841 840 889 872 Tu
901 840 1047 883 juvenile.
1069 841 1263 885 AEsculapi,
1283 854 1353 886 quo
1374 843 1508 875 favente

834 892 932 936 vigor
950 900 983 925 et
999 892 1124 926 sanitas
1139 891 1200 926 diu
1219 893 1416 927 retinentur
1429 920 1436 934 ‚
1456 907 1508 927 sa-

835 945 980 978 nitatem
997 953 1030 978 et
1040 954 1256 979 venustatem
1270 946 1305 979 in
1319 946 1386 979 hoc
1397 959 1506 991 puero

835 997 958 1030 retine*
974 1017 1025 1023 ——
1044 998 1094 1031 Ne
1105 999 1284 1042 pulchrior,
1302 1008 1369 1032 etc.
1390 1000 1510 1044 Neque

836 1049 977 1083 rescissa
991 1051 1128 1084 caesarie
1144 1050 1365 1085 rescindatur
1384 1051 1508 1091 decus;

837 1114 950 1148 neque
973 1103 1042 1143 illi,
1060 1104 1221 1136 breviore
1249 1116 1367 1146 coma,
1395 1105 1510 1136 minor

838 1154 926 1188 adsit
944 1155 1184 1200 pulchritudo.
1208 1157 1274 1189 En.

719 1297 899 1352 XIX.

387 1454 455 1481 AD
494 1453 770 1482 CAESAREM
808 1437 1241 1483 1)0][1T1AN1¹M.*

177 1575 267 1619 EST
299 1575 429 1630 mihi,
453 1576 592 1635 sitque.
618 1591 773 1636 precor
802 1574 980 1636 longum
1008 1585 1048 1618 te
1078 1576 1280 1635 praeside,
1311 1579 1474 1627 Caesar,

246 1646 338 1688 Rus
369 1646 594 1688 minimum
623 1662 630 1687 :
658 1647 781 1705 parvi
808 1655 908 1688 sunt
934 1655 974 1688 et
1001 1646 1043 1688 in
1071 1645 1176 1688 urbe
1203 1648 1347 1689 Lares.

178 1714 263 1758 Sed
289 1714 341 1758 de
372 1713 482 1759 valle
508 1715 653 1771 brevi,
679 1731 786 1776 quas
811 1715 884 1758 det
909 1715 1149 1759 sitientibus
1176 1715 1334 1768 hortis,

249 1787 395 1829 Curva
425 1785 641 1829 laboratas
667 1785 798 1829 antlia
825 1784 937 1829 tollit
960 1801 1104 1846 aquas.

177 1914 298 1969 ἐστιν
324 1927 412 1985 ἐμοὶ
439 1923 529 1979 (καὶ
556 1921 676 1986 δηρὸν
703 1927 757 1968 ἔοι
785 1927 873 1978 σέο,
896 1928 1077 1984 Καῖσαρ,
1107 1928 1168 1968 ἐπ’
1196 1926 1340 1985 ἀρχῆς]

249 1991 418 2044 Γτῖδιον·
446 1999 483 2038 ἐν
515 1991 559 2038 δὲ
586 1997 699 2039 πόλει
728 1996 794 2038 καὶ
824 1998 961 2055 μικρὸν
993 1991 1170 2038 οἰκίδιον.

179 2057 413 2127 Οργανικοῖς
436 2060 480 2109 δὲ
504 2067 636 2116 πόνοις
663 2066 798 2126 ὀλίγης
823 2068 903 2109 ἀπὸ
929 2069 1037 2124 νᾶμα
1063 2067 1267 2126 φάραγγος

259 2126 277 2138 .

247 2140 444 2189 Ελκεται,
471 2139 544 2186 ὦς’
570 2131 701 2196 ἄρδειν
731 2138 903 2196 ὄρχατον
930 2132 1108 2186 ἀζαλέον.

165 2274 178 2287 “
197 2275 256 2308 Ait
272 2288 307 2309 se
326 2275 502 2309 rusculum
517 2275 644 2308 hahere
659 2275 781 2308 subur·

111 2330 238 2361 hanum
247 2353 258 2369 ‚
267 2337 300 2361 et
306 2328 473 2361 urbanam
481 2326 624 2361 domum
633 2341 641 2368 ;
651 2337 784 2361 utrum·

111 2393 179 2427 que
197 2381 308 2422 sitire,
331 2389 363 2414 et
387 2392 445 2414 rus
472 2388 505 2413 et
530 2379 673 2413 domum
693 2394 700 2412 ε
724 2379 783 2413 sed

112 2434 260 2479 agellum
271 2446 371 2479 posse
384 2445 420 2467 se
431 2432 578 2478 irrigare
587 2456 597 2471 ‚
607 2432 728 2465 hausta
740 2431 782 2464 de

111 2487 227 2520 vicina
264 2486 353 2519 valle
390 2498 498 2531 aqua3
533 2483 676 2518 domum
712 2497 783 2517 nou

113 2552 210 2586 posse
236 2551 244 2572 :
275 2539 362 2584 petit
393 2551 474 2583 ergo
499 2537 660 2571 venulam
686 2549 782 2582 aqnae

114 2593 248 2626 Martiae
266 2604 336 2624 uon
355 2592 476 2637 procul
498 2589 580 2623 inde
599 2589 760 2623 salientis.

173 2658 203 2679 1.
223 2645 285 2678 Est
301 2646 385 2678 mihi.
406 2645 458 2677 De
476 2644 674 2677 suburbano
695 2643 784 2676 Mar-

843 2275 931 2307 tialis
958 2273 1089 2319 praedio
1108 2275 1178 2318 jam
1207 2273 1338 2307 dictum
1363 2283 1429 2314 est,
1453 2275 1517 2307 lib.

843 2327 951 2366 vm,
973 2327 1080 2371 epigr.
1103 2338 1172 2358 th.

899 2378 931 2411 3.
945 2378 1128 2411 Sitientibus
1139 2377 1240 2410 herbis
1256 2379 1405 2424 Langius
1421 2405 1428 2417 ‚
1443 2381 1514 2412 sine

842 2432 911 2464 ulla
936 2432 1133 2470 notatione,
1161 2443 1270 2476 quum
1297 2431 1339 2465 sit
1361 2432 1456 2464 lior-tis
1477 2433 1511 2465 in

843 2484 917 2516 aliis
948 2491 1028 2517 xett.
1044 2484 1218 2523 -Βνει-ἱ,
1246 2497 1323 2530 quas
1346 2484 1418 2523 det,
1448 2493 1512 2518 etc.

843 2535 910 2569 Sed
930 2535 973 2569 de
995 2536 1082 2569 valle
1107 2537 1277 2582 subjecta,
1299 2549 1386 2582 aqua
1411 2537 1514 2570 horto

844 2587 1019 2634 irrigando
1033 2588 1201 2622 hauritur.

898 2641 1023 2682 4.Ca1·a
1041 2640 1118 2675 Ald.
1132 2642 1233 2675 Junt.
1248 2642 1361 2675 Colin.
1376 2642 1515 2687 Gryph.

1185 2730 1208 2756 2
1220 2712 1244 2758 5
1259 2705 1271 2727 ³
