1978 3305
496 238 590 285 532

865 237 925 279 M.
949 236 1088 280 VAL.
1128 236 1518 279 MARTIALIS

561 326 742 379 Eximit,
773 334 848 367 aut
875 323 1016 368 reficit
1045 323 1217 366 dentem
1245 322 1480 368 Cascellius
1509 339 1699 384 aegrum:

635 395 816 439 lnfestos
842 393 977 437 oculis
1002 394 1118 447 uris,
1144 394 1319 453 Higine,
1343 392 1468 454 pilos.

565 468 664 509 Non
695 474 834 515 secat,
863 474 906 507 et
936 463 1047 507 tollit
1077 462 1306 508 stillantem
1336 464 1525 507 Fannius
1553 479 1711 506 uvam:

632 536 789 579 Tristia
815 550 1039 579 servorum
1071 534 1271 594 stigmata
1297 533 1412 578 delet
1440 535 1562 577 Eros.

567 605 918 650 Enterocelarum
950 603 1086 648 fertur
1116 603 1355 648 Podalirius
1390 606 1594 647 Hermes:

633 678 721 733 Qui
746 685 867 719 sanet
894 684 1065 736 ruptos,
1092 673 1162 718 dic
1189 674 1314 731 mihi,
1345 673 1489 728 Galle,
1519 674 1614 734 quis
1641 672 1740 718 est?

493 814 636 860 quidem
651 814 764 855 facili,
778 813 882 847 latina
892 839 902 854 ‚
913 813 1020 847 immo
1041 823 1073 847 et
1088 826 1165 860 per-

493 868 662 913 eleganti,
684 866 848 900 damnare
874 866 956 899 est?
979 867 1052 911 Ego
1082 879 1166 900 vero

493 933 566 954 eam
589 919 751 953 damnem
777 931 881 965 quam
906 920 1076 964 proponit
1095 922 1166 952 An-

494 973 621 1007 tonius.
636 973 782 1007 Minime
796 972 891 1005 enim
903 972 1091 1005 Veteribus
1102 973 1168 1006 usi-

494 1035 604 1060 tatum
630 1025 674 1059 de
695 1027 768 1059 luto
791 1024 984 1069 conqueri,
1007 1025 1168 1070 quamvis

491 1081 568 1124 jure
592 1092 657 1112 suo
674 1078 709 1111 id
735 1078 911 1117 fecissent,
935 1076 996 1110 sed
1019 1076 1062 1110 de
1080 1086 1167 1112 stre-

493 1132 571 1177 pitu
584 1157 593 1173 ,
614 1133 728 1173 fumo,
748 1139 870 1166 vento,
896 1129 1084 1171 incendiis,
1106 1143 1169 1164 no-

493 1185 625 1218 cturnis
644 1183 847 1217 latrociniis.
868 1182 990 1216 Horat.
1018 1183 1077 1217 lib.
1093 1184 1167 1225 ΙΙΙ,

497 1236 554 1271 ud.
585 1249 676 1270 χχιιι
698 1249 706 1270 :
731 1254 743 1266 α
758 1236 891 1269 Omitte
914 1236 1032 1269 mirari
1060 1237 1169 1270 heatae

495 1291 643 1323 Fumum
664 1298 698 1323 et
715 1302 800 1335 opes
818 1289 1077 1334 strepitumque
1098 1291 1168 1323 lto-

496 1356 558 1376 mae
575 1360 587 1372 »ι
613 1341 732 1389 (quod
750 1341 884 1375 Gallice
895 1341 1053 1392 imitatus
1071 1343 1171 1375 Rous-

495 1409 568 1428 seau
581 1423 592 1437 ‚
615 1395 650 1429 in
666 1395 774 1428 celeb.
794 1408 853 1440 op.
873 1395 991 1435 Emile,
1009 1395 1070 1428 lib.
1091 1396 1143 1428 ΙΙΙ
1160 1407 1168 1428 :

497 1449 602 1482 ,Ιιίίυιι
619 1450 731 1487 Paris,
759 1448 833 1481 rille
853 1447 892 1480 de
913 1449 1010 1487 bruil,
1035 1448 1073 1480 cle
1094 1448 1170 1481 boue

495 1510 525 1533 et
540 1502 710 1545 defimze'e5
734 1501 794 1534 ubi
813 1500 954 1546 quidem
975 1513 1053 1534 cum
1072 1501 1170 1534 fumo

497 1563 529 1587 ct
547 1555 696 1600 strepitu
714 1554 825 1587 lutum
839 1578 848 1594 ‚
860 1554 950 1594 boue,
965 1554 1097 1598 junxit,
1111 1553 1171 1587 sed

498 1620 567 1640 non
592 1608 627 1640 in
662 1607 730 1639 hoc
765 1607 920 1639 imitatus
948 1607 1130 1639 Horatium
1145 1602 1169 1649 ].

496 1662 621 1694 Juven.
638 1669 700 1694 sat.
721 1673 756 1701 v,
770 1660 804 1692 in
823 1672 860 1692 re
875 1660 957 1692 huic
971 1660 1143 1692 simillima
1163 1672 1169 1693 ε

501 1731 514 1743 α
531 1715 630 1759 Saepe
649 1713 768 1746 relicta
791 1713 967 1758 Conjuge,
984 1725 1047 1758 per
1071 1725 1171 1746 mon-

498 1774 564 1800 tem
595 1765 775 1800 adversum
807 1765 1006 1811 gelidasque
1033 1766 1170 1800 cucurri

498 1819 668 1865 Esquilias
691 1845 699 1859 ‚
734 1819 897 1851 fremeret
937 1831 1023 1851 saeva
1062 1831 1169 1865 quum

497 1871 667 1917 grandine
684 1884 811 1904 vernus
832 1871 980 1916 Jupiter,
1005 1880 1037 1904 et
1061 1873 1171 1905 multo

498 1925 643 1959 stillaret
666 1924 798 1970 paenula
820 1924 950 1956 nimbo.
963 1942 975 1953 ι»
994 1923 1090 1957 Idem
1107 1934 1172 1959 sat.

502 1990 565 2019 ιιι,
587 1978 646 2011 ubi
668 1978 787 2010 Romae
810 1976 1027 2009 incommoda
1055 1978 1171 2010 omnia

501 2039 696 2070 enumerat,
723 2029 767 2063 de
791 2023 865 2062 luto
887 2029 986 2062 nihil.
1015 2031 1172 2076 Denique

503 2096 580 2118 raro
602 2085 728 2117 Noster
753 2083 867 2115 lutum
892 2083 1061 2116 nominat.
1081 2083 1173 2128 Ergo

503 2137 648 2170 omnino
662 2133 896 2181 respuendum
912 2136 947 2168 τὸ
962 2135 1070 2168 lutum.
1090 2136 1173 2170 Mox

501 2203 583 2224 vero
599 2190 678 2235 quis
697 2188 911 2221 Aventinum
924 2187 1082 2233 adjectivi
1097 2190 1172 2223 loco

503 2243 660 2288 usurpari
684 2241 794 2275 ferat?
814 2239 909 2286 quod
930 2251 1050 2274 contra
1074 2255 1171 2276 usum

503 2305 535 2329 et
558 2308 661 2342 quam
683 2303 807 2328 vocant
832 2295 1016 2338 ἀναλογίαν.
1035 2295 1101 2328 Ει).
1124 2318 1173 2322 -

506 2352 695 2383 Aventinum
713 2355 808 2380 tuum.
827 2348 905 2380 Scit.
924 2348 1049 2381 collem
1066 2350 1176 2382 Aven—

504 2404 615 2436 tinum
628 2428 636 2441 ,
652 2403 684 2434 in
703 2413 773 2446 quo
788 2412 912 2445 nempe
929 2400 985 2433 ille
1000 2401 1176 2435 habitabat

502 2455 632 2489 Gallus.

561 2509 591 2542 3.
612 2507 794 2541 Cascellius.
812 2506 1017 2551 Chirurgus.

561 2566 594 2601 4.
613 2562 688 2593 Oris
710 2561 723 2592 )
738 2572 792 2591 ene
806 2558 885 2592 cod.
903 2560 1036 2593 Beverl.
1054 2562 1177 2603 [legim-

506 2613 587 2647 odd.
606 2613 719 2646 Maitt.
738 2620 771 2645 et
794 2613 932 2645 Burbou.
948 2634 999 2639 —
1017 2614 1177 2647 Scribon-

505 2666 588 2700 «ium
602 2666 715 2699 forsan
729 2665 857 2707 Hygino
867 2665 961 2709 qnod
972 2666 1130 2700 Graccum
1145 2677 1174 2700 et

1226 813 1362 848 medico
1377 811 1591 859 designando
1607 820 1730 858 aptum
1747 823 1897 853 nomem

1226 879 1305 900 nam
1320 867 1426 912 ὑγίεια
1438 892 1447 908 ,
1463 868 1596 900 sanitas.
1610 887 1659 891 —
1672 866 1807 909 Higine.
1828 865 1897 906 Qui

1226 920 1409 953 oculorum
1428 920 1552 952 morbo
1573 917 1792 952 medebatur·

1280 974 1311 1006 5.
1335 973 1515 1006 Stillantem
1535 984 1636 1005 uvam.
1657 970 1896 1005 Tuberculum

1226 1037 1353 1071 nempe
1380 1025 1415 1057 in
1443 1024 1599 1058 faucibus
1623 1037 1642 1057 a
1668 1022 1899 1058 similitudine

1227 1090 1302 1111 uvae
1318 1077 1365 1111 sic
1383 1076 1529 1111 dictum.
1551 1076 1672 1111 Celsus
1688 1077 1713 1110 l.
1727 1076 1774 1118 V,
1788 1088 1817 1110 c.
1841 1088 1853 1109 1
1865 1080 1897 1116 4.

1281 1133 1316 1164 6.
1336 1130 1492 1164 δαιοιωη
1517 1137 1552 1163 et
1577 1130 1681 1162 Heros
1705 1127 1787 1162 edd.
1811 1136 1896 1162 vett.

1226 1183 1387 1216 Saxonum
1414 1191 1448 1217 et
1473 1184 1562 1216 Hero
1588 1181 1667 1216 cod.
1696 1182 1830 1215 Beverl.
1848 1202 1899 1208 ——

1227 1237 1392 1269 Servorum
1420 1239 1583 1281 stigmata.
1607 1233 1700 1268 Vide
1730 1234 1792 1268 lib.
1819 1235 1872 1267 VI
1889 1256 1899 1270 ,

1227 1290 1334 1335 epigr.
1357 1301 1439 1323 Lx1v
1467 1301 1475 1322 ι
1502 1305 1515 1319 α
1532 1288 1699 1334 Stigmata
1719 1299 1784 1321 nec
1804 1287 1899 1321 vafra

1228 1341 1360 1376 delebit
1380 1342 1572 1376 Cinnamus
1594 1349 1679 1375 arte.
1697 1358 1710 1371 .-

1283 1407 1319 1440 7·
1343 1395 1613 1428 Enterocelarum.
1634 1394 1710 1427 Hoc
1729 1401 1800 1435 est,
1821 1393 1900 1426 her·

1228 1448 1383 1487 uiarum,
1411 1460 1520 1494 quum
1550 1447 1717 1481 intestina
1744 1446 1781 1479 in
1806 1457 1900 1479 scro-

1229 1510 1302 1534 tum
1316 1500 1538 1534 delabuntur.
1549 1521 1599 1526 —-—
1614 1499 1809 1533 Podalirius.
1823 1498 1902 1532 Fra-

1229 1562 1280 1587 ter
1297 1553 1502 1588 Machaonis
1513 1579 1521 1595 ,
1538 1562 1573 1587 et
1589 1552 1777 1598 AEsculapii
1789 1551 1880 1585 filius
1892 1577 1902 1591 ‚

1229 1607 1286 1640 hic
1306 1607 1454 1640 sumitur
1470 1619 1537 1652 pro
1558 1605 1696 1640 medico
1717 1618 1726 1638 t
1747 1605 1814 1639 hoc
1831 1613 1902 1643 est,

1228 1659 1374 1694 Hermes
1395 1668 1495 1694 curat
1515 1659 1666 1693 hernias.

1285 1715 1319 1747 8.
1341 1713 1406 1758 Qui
1420 1721 1510 1746 sanet
1523 1721 1641 1759 ruptos.
1660 1712 1743 1746 Non
1760 1710 1903 1745 hernio-

1230 1778 1284 1799 sos
1306 1766 1490 1812 intelligit,
1511 1765 1570 1800 sed
1592 1765 1718 1799 officiis
1737 1772 1903 1811 patrono-

1230 1831 1309 1852 rum
1331 1818 1534 1865 defatigatos
1547 1845 1556 1862 ,
1572 1827 1605 1852 et
1623 1830 1774 1864 quorum
1793 1824 1904 1850 vestes

1231 1880 1311 1905 sunt
1330 1872 1454 1906 attritae
1475 1881 1509 1906 et
1528 1872 1646 1906 lacerae
1666 1883 1674 1905 :
1693 1870 1791 1917 quasi
1809 1869 1904 1904 dice-

1231 1933 1302 1966 ret,
1319 1925 1426 1958 Omni
1441 1925 1646 1959 morborum
1658 1924 1778 1970 generi
1793 1934 1904 1957 reme-

1232 1977 1329 2011 dium
1353 1977 1496 2024 quidem
1519 1979 1718 2018 invenitur3
1741 1985 1775 2010 at
1795 1975 1903 2010 clien-

1233 2031 1326 2064 tibus
1353 2031 1548 2077 defatigatis
1578 2040 1612 2064 et
1643 2030 1763 2064 laceris
1787 2029 1905 2063 nullus

1233 2093 1399 2129 patronus
1424 2084 1490 2118 fert
1515 2097 1629 2130 opem.
1651 2104 1702 2110 —
1724 2083 1851 2116 Nonne
1871 2090 1904 2115 et

1235 2137 1291 2171 hic
1325 2139 1462 2183 jocatur
1497 2138 1531 2170 in
1568 2149 1670 2171 seusu
1710 2135 1874 2180 ambiguo
1891 2135 1905 2167 'z'

1235 2190 1371 2235 Duplex
1393 2191 1483 2223 enim
1508 2191 1554 2224 ibi
1575 2202 1712 2231 sensus;
1731 2186 1903 2234 siquidem

1236 2251 1342 2289 ruptus
1376 2243 1520 2289 perinde
1556 2250 1653 2276 sonat
1695 2254 1733 2275 ac
1773 2241 1879 2275 fessus
1893 2262 1903 2277 ς

1236 2297 1340 2330 lassus
1353 2323 1361 2334 ,
1381 2297 1546 2329 anhelans
1570 2295 1720 2341 <gallice
1742 2307 1850 2339 rompu
1866 2288 1905 2337 ).·

1237 2362 1300 2382 nec
1325 2349 1440 2383 minus
1469 2358 1583 2383 tamen
1608 2350 1710 2394 rumpi
1736 2347 1905 2393 significet

1237 2401 1488 2436 dissilientibus
1509 2411 1541 2436 et
1560 2401 1785 2447 crepantibus
1803 2400 1906 2433 ilibus

1237 2457 1324 2489 mori
1353 2454 1503 2501 (gallice
1538 2449 1679 2497 creo-er).
1706 2453 1908 2487 sciscitatur

1238 2522 1318 2553 ergo
1334 2509 1472 2549 Noster,
1484 2522 1527 2542 an
1539 2509 1583 2542 sit
1600 2509 1731 2553 uspiam
1743 2507 1803 2553 qui
1817 2518 1905 2538 mor-

1239 2571 1315 2595 tuos
1335 2562 1367 2594 in
1385 2563 1490 2595 vitam
1510 2562 1688 2602 restituat,
1709 2573 1751 2593 an
1770 2559 1830 2605 qui
1851 2571 1907 2591 rn-

1239 2624 1316 2660 ptos
1340 2616 1543 2652 exsuscitem
1563 2613 1758 2658 intelligens
1782 2624 1817 2645 se
1836 2614 1903 2657 jam

1238 2668 1438 2702 lassitudine
1458 2676 1607 2712 ruptum.
1629 2666 1692 2699 En.
