1978 3305
426 212 524 266 (324

798 212 859 253 Μ.
885 210 1026 253 VAL.
1065 210 1461 255 MARTIALIS

495 300 620 341 Hanc
651 297 728 340 tibi
759 297 963 339 virtutem
990 295 1127 339 fracta
1160 295 1262 339 facit
1288 312 1446 341 urceus
1476 312 1604 353 ansa,

565 369 622 410 Et
646 367 778 410 tristis
804 364 924 409 nullo
949 366 1022 426 qui
1044 375 1162 427 tepet
1188 366 1287 426 igne
1317 366 1465 423 focus3

496 440 549 481 Et
580 447 725 497 teges,
751 445 794 480 et
825 437 988 490 cimex,
1018 444 1061 479 et
1090 435 1192 479 nudi
1222 436 1387 497 sponda
1414 436 1600 497 grabati,

566 509 621 550 Et
649 507 820 559 brevis,
846 515 974 566 atque.
1000 505 1151 549 eadem
1176 516 1304 550 nocte
1329 506 1484 567 dieque
1509 516 1623 568 toga.

495 579 536 619 Ο
563 593 694 637 quam
725 592 908 638 magnus
940 576 1074 620 homo
1100 593 1144 620 es
1163 611 1174 630 .,
1199 577 1272 637 qui
1300 576 1405 620 faece
1431 577 1626 621 rubentis
1656 579 1787 630 aceti,

568 649 624 690 Et
650 645 830 708 stipula,
851 656 894 690 et
919 647 1045 707 nigro
1070 663 1182 708 pane
1212 663 1360 690 carere
1386 644 1532 707 potes!

499 718 754 762 Leuconicis
781 717 966 778 agedum
994 726 1160 761 tumeat
1188 717 1265 761 tibi
1290 716 1450 761 culcita
1476 716 1611 772 lanis,

569 789 938 848 Constringatque
962 797 1060 832 tuos
1087 803 1281 849 purpura
1304 797 1422 831 texta
1444 797 1584 843 toros;

499 859 702 902 Dormiat
723 867 766 901 et
785 867 957 913 tecum,
984 859 1080 918 qui,
1102 875 1236 918 quum
1259 857 1391 901 modo
1415 858 1604 902 Caecuba
1630 858 1806 913 miscet,

568 929 790 973 Convivas
814 944 938 972 roseo
961 937 1147 972 torserat
1167 944 1265 982 ore,
1285 944 1412 989 puer3

501 1000 542 1042 O
562 1015 694 1060 quain
718 1007 765 1043 tu
789 1000 937 1059 cupies
960 1008 1026 1043 ter
1048 999 1194 1041 vivere
1217 1000 1415 1042 Nestoris
1438 1014 1596 1051 annos,

431 1168 534 1201 ρεσει,
555 1166 626 1186 non
649 1152 774 1197 ἀνάγκῃ
794 1152 989 1186 contemnit
1011 1164 1105 1185 rnor-

433 1217 515 1241 tem.
541 1224 554 1236 κ
570 1206 601 1239 O
623 1207 694 1239 vita
715 1205 843 1238 misero
867 1206 967 1250 longa
981 1231 988 1244 ,
1016 1205 1107 1238 felici

435 1260 549 1294 brevis
567 1259 574 1292 !
598 1276 611 1288 n
632 1259 752 1303 inquit
773 1258 929 1291 Publius.
951 1258 1069 1290 Rader.

491 1313 523 1346 3.
548 1313 644 1345 Hanc
670 1311 728 1344 tibi
745 1313 914 1351 virtutem,
943 1320 1009 1345 etc.
1029 1311 1110 1345 Non

434 1367 502 1400 hoc
532 1365 616 1398 facis
651 1377 693 1397 ex
726 1364 857 1397 virtute
890 1371 924 1397 et
955 1364 1111 1404 fortiter,

436 1419 498 1453 sed
518 1431 559 1452 ex
584 1417 701 1463 inopia
726 1429 847 1450 rerum
873 1425 906 1450 et
929 1416 1111 1462 pusillani-

435 1473 567 1506 mitate.

494 1525 526 1559 5.
552 1525 661 1570 Atque
680 1526 750 1557 cim.
773 1522 853 1556 Ald.
876 1523 975 1556 Junt.
996 1523 1111 1557 Colin.

438 1588 471 1613 et
489 1579 537 1612 sic
555 1576 633 1610 cod.
652 1578 686 1610 in
705 1589 813 1622 marg.
828 1574 882 1609 ed.
901 1575 978 1610 Par.
1003 1578 1111 1620 1617.

438 1630 542 1674 Quod
565 1637 750 1663 annotator
770 1629 805 1662 in
827 1627 982 1675 ejusdem
1004 1640 1112 1673 marg.

439 1684 594 1718 damnat.
620 1704 672 1710 -—
698 1683 746 1715 Et
771 1691 874 1726 teges,
900 1690 964 1715 etc.
992 1681 1112 1727 Epigr.

440 1750 538 1772 xxxn
560 1748 663 1781 supra
684 1747 691 1767 :
719 1752 732 1764 «
749 1735 823 1768 Nec
845 1744 942 1780 toga,
968 1747 1033 1768 nec
1061 1734 1113 1767 fo—

439 1804 499 1825 cus
520 1798 587 1830 est,
608 1801 672 1822 nec
691 1788 796 1821 tritus
815 1788 939 1821 cimice
955 1787 1078 1821 lectus.
1096 1804 1108 1816 ›=

443 1845 491 1878 Et
501 1842 579 1876 nudi
593 1841 724 1887 sponda.
740 1841 818 1874 Lib.
836 1842 869 1879 Ι,
886 1841 994 1886 epigr.
1012 1852 1111 1873 xcni.

495 1899 528 1930 6.
552 1895 673 1928 Brevis.
697 1894 837 1926 Scilicet
856 1893 1042 1939 ampliores
1061 1901 1114 1926 to-

440 1963 497 1996 gas
515 1957 549 1983 et
565 1960 643 1994 quae
664 1947 699 1980 in
719 1955 832 1980 vastos
851 1955 884 1979 et
903 1947 1116 1992 multiplices

440 2004 536 2036 sinus
552 1999 824 2035 effunderentur
838 2011 1001 2045 proceres
1018 2007 1051 2032 et
1066 1997 1116 2032 di-

442 2057 529 2089 vites
557 2055 676 2086 Romae
708 2053 904 2094 habebant3
929 2064 1115 2098 pauperes,

440 2110 580 2143 brevem
598 2132 606 2148 ‚
627 2119 698 2139 non
731 2118 868 2151 semper
899 2113 1035 2150 togam,
1056 2103 1117 2138 sed

440 2159 655 2196 creberrime
672 2159 838 2193 tunicam.
858 2158 926 2191 En.

496 2229 530 2261 7.
553 2214 586 2247 O
604 2225 707 2258 quam.
726 2213 793 2245 Per
814 2211 972 2244 ironiam.

497 2270 531 2302 8.
551 2265 688 2310 Stipula.
710 2265 810 2298 Palea
823 2290 831 2305 ‚
851 2277 890 2297 ex
911 2276 980 2310 qua
1001 2264 1051 2297 illi
1067 2264 1117 2297 le-

441 2330 531 2356 ctus.
550 2317 635 2352 Vid.
654 2331 702 2351 vs.
726 2318 758 2352 5.
776 2318 843 2351 En.

497 2387 531 2419 9.
555 2373 746 2406 Leuconicis.
772 2370 828 2404 Sic
852 2369 924 2403 MS.
946 2369 981 2402 in
1011 2369 1116 2403 Paris.

441 2428 498 2462 ed.
518 2438 626 2472 marg.
644 2425 826 2469 Lingonicis
843 2422 922 2456 edd.
941 2430 1025 2456 vett.
1041 2423 1120 2455 Leu-

441 2482 584 2515 coe-inicis
601 2476 680 2512 cod.
701 2477 836 2510 Beverl.
857 2476 1044 2509 Turnebus
1057 2476 1118 2509 lib.

444 2535 550 2573 VIII,
572 2544 647 2577 cap.
670 2535 689 2571 4
711 2542 719 2563 :
740 2538 895 2563 tomenta
919 2529 1118 2562 Leuconica

443 2585 622 2631 intelligit,
640 2592 673 2616 et
691 2583 865 2617 existimat
885 2581 976 2615 dicta
993 2595 1010 2615 a
1026 2583 1118 2615 Leu-

444 2639 565 2673 conico
592 2637 681 2670 loco.
708 2636 776 2669 Alii
804 2633 1002 2669 exisfimant
1026 2635 1119 2668 lanas

1168 1153 1217 1186 sic
1246 1152 1356 1186 dictas
1388 1166 1407 1186 a
1440 1152 1602 1186 candoris
1637 1154 1843 1199 praestantia.

1170 1205 1330 1251 Namque
1348 1207 1455 1245 λευκός
1477 1206 1611 1240 Graecis.
1629 1205 1735 1247 Quod
1752 1207 1780 1240 si
1795 1208 1845 1239 le-

1169 1271 1228 1304 gas
1252 1259 1442 1303 Lingonicos
1457 1286 1466 1299 ‚
1487 1258 1567 1292 vide
1591 1259 1653 1292 lib.
1675 1259 1710 1301 I,
1734 1259 1845 1305 epigr.

1171 1323 1243 1344 LIV.
1263 1333 1316 1338 —
1334 1312 1525 1344 Leuconicis.
1540 1311 1633 1345 Vide
1656 1312 1717 1345 lib.
1745 1313 1846 1353 XIV,

1172 1365 1283 1410 epigr.
1308 1376 1389 1397 cmx
1409 1365 1470 1397 uhi
1497 1363 1541 1398 de
1567 1363 1692 1398 iisdem
1716 1365 1847 1398 mentio

1172 1418 1272 1451 facta.

1231 1483 1284 1503 10.
1300 1470 1578 1516 Constringatque.
1594 1470 1695 1504 Malit
1709 1470 1746 1503 de
1759 1471 1851 1515 Rooy

1176 1523 1435 1568 Consternatque.
1468 1524 1607 1569 Legunt
1635 1536 1720 1568 pexa
1750 1523 1848 1556 MSS.

1173 1576 1308 1609 Beverl.
1337 1584 1370 1609 et
1392 1576 1429 1609 in
1462 1588 1570 1621 marg.
1591 1574 1645 1609 ed.
1669 1576 1747 1610 Par.
1777 1578 1844 1609 161

1176 1642 1195 1674 7
1215 1637 1249 1662 et
1267 1627 1346 1662 edd.
1368 1628 1542 1663 Schrevel.
1561 1628 1674 1663 Maitt.
1695 1637 1730 1663 et
1747 1628 1850 1662 Bar-h.

1232 1695 1246 1715 1
1260 1695 1289 1715 1.
1309 1682 1396 1726 Qui,
1417 1695 1509 1728 quum
1525 1682 1628 1715 modo.
1642 1681 1766 1715 «Ratio
1783 1693 1854 1715 ser·

1174 1735 1292 1775 monis
1323 1735 1438 1768 Latini
1474 1735 1624 1780 requirit
1650 1735 1742 1767 modo
1773 1736 1826 1779 qui
1840 1761 1849 1774 ,

1175 1789 1247 1820 dum
1261 1787 1298 1821 C.
1316 1790 1436 1827 miscet,
1451 1795 1515 1821 etc.
1530 1804 1542 1817 n
1562 1788 1719 1821 Gronov.
1731 1787 1855 1820 Pocula

1176 1843 1303 1873 miscens
1321 1839 1400 1874 cod.
1416 1841 1550 1874 Beverl.
1567 1841 1704 1874 Miscens
1721 1848 1755 1873 et
1778 1839 1854 1873 MS.

1176 1893 1211 1926 in
1242 1906 1350 1938 marg.
1378 1892 1432 1927 ed.
1462 1894 1540 1926 Par.
1575 1893 1852 1938 1617.—-Dor-

1177 1950 1264 1979 miut.
1274 1946 1438 1980 Dormire
1448 1959 1513 1992 pro
1523 1946 1721 1978 concumbere
1728 1945 1855 1992 saepius

1177 1998 1321 2034 dictum.
1336 2000 1438 2032 Unus
1451 2012 1491 2032 ex
1512 1999 1630 2032 multis
1648 1999 1774 2032 Juven.
1791 2006 1855 2032 sat.

1178 2053 1244 2090 VI..
1260 2051 1326 2093 34:
1344 2053 1498 2086 «Nonne
1512 2060 1612 2097 putas
1623 2052 1746 2085 melius
1759 2050 1856 2097 quod

1178 2113 1291 2139 tecum
1318 2105 1419 2151 pusio
1448 2104 1603 2138 dormit?
1621 2121 1634 2133 υ
1659 2113 1723 2137 etc.
1747 2103 1856 2146 Quod

1179 2156 1321 2204 quidem
1351 2166 1385 2191 et
1413 2157 1543 2191 Graecis
1565 2157 1648 2190 olim
1673 2157 1855 2190 usitatum.

1178 2210 1432 2256 Aristophanes
1459 2211 1493 2242 in
1519 2210 1750 2244 Concionant.
1778 2211 1856 2242 Act.

1179 2264 1227 2305 V,
1247 2275 1337 2297 seen.
1361 2276 1389 2297 11
1410 2275 1417 2296 τ
1439 2263 1504 2296 Εἴθ’
1531 2263 1599 2303 ἐξῆν
1621 2263 1715 2308 παρὰ
1738 2265 1778 2305 τῇ
1800 2264 1858 2307 νέᾳ

1181 2314 1485 2358 καθεύδειν,Καὶ
1501 2312 1603 2361 μηδὲν
1618 2316 1768 2362 πρότερον
1786 2312 1859 2348 δια·

1181 2365 1369 2405 σποὸἧσαιῑ
1395 2370 1491 2411 Mox,
1513 2380 1604 2402 scen.
1629 2381 1676 2402 111
1698 2380 1705 2401 ε
1727 2369 1774 2402 Οὐ
1796 2368 1858 2413 γὰρ

1179 2424 1305 2459 ἡλικίαν
1331 2424 1396 2466 ἔχει
1418 2422 1509 2466 παρὰ
1539 2422 1586 2455 σοὶ
1606 2418 1788 2455 καθεῦδε
1803 2435 1856 2460 ιν,

1184 2479 1364 2514 τηλικοῦτος
1387 2476 1440 2509 ὣν.
1461 2475 1504 2508 Εῑ
1522 2474 1569 2509 sic
1590 2474 1726 2507 millies.
1748 2475 1815 2507 En.

1241 2542 1253 2562 1
1265 2542 1282 2562 a
1291 2555 1298 2562 .

1181 2581 1265 2615 Vid.
1289 2582 1350 2615 lib.
1373 2582 1446 2623 IX,
1469 2581 1576 2627 epigr.
1595 2593 1688 2613 xxvi.

1240 2647 1251 2667 ῐ
1263 2634 1293 2668 3.
1315 2635 1347 2668 O
1361 2643 1509 2680 quantum
1525 2647 1648 2678 cuperes
1661 2631 1715 2666 ed.
1732 2632 1766 2665 in
1783 2631 1855 2664 MS.

1333 2529 1486 2562 Convivas
1520 2541 1606 2560 roseo
1634 2535 1768 2559 torserat
1793 2539 1856 2560 ore.
