1978 3305
472 242 560 288 152
818 244 879 285 M.
917 243 1058 285 VAL.
1098 242 1486 286 MARTIALIS

601 331 698 374 Sive
723 331 1031 374 Camoenarum
1060 329 1113 373 de
1142 345 1273 390 grege
1300 346 1416 373 nona
1443 332 1588 384 venis;

533 398 730 444 Exsolvit
753 400 865 443 votis
891 399 974 442 hac
1003 415 1048 443 se
1078 398 1154 442 tibi
1179 399 1346 460 virgine
1370 416 1506 461 porca
1856 421 1870 444 5

602 471 804 524 Marcus,
828 468 1033 512 furtivam
1061 469 1179 530 quod
1202 469 1311 513 bibit
1337 486 1450 531 aeger
1475 485 1648 531 aquam.

531 541 598 583 Tu
626 548 833 586 contenta
860 556 958 583 meo
980 540 1070 600 jam
1102 540 1303 595 crimine,
1330 540 1488 601 gaudia
1515 539 1646 585 fontis

609 611 679 653 Da
709 625 860 654 secura
886 610 979 654 tui:
1006 611 1061 654 sit
1086 610 1192 654 mihi
1221 626 1325 654 sana
1353 611 1454 655 sitis.

460 747 685 794 inspeximus.
718 746 787 781 Sed
817 747 906 794 quid
936 756 986 782 est
1016 749 1048 781 T
1046 749 1132 781 riviae

460 802 560 834 Anna
571 805 590 833 Ρ
605 808 698 834 certe
713 813 837 834 nemus
852 799 939 834 illud
955 799 999 834 ad
1015 801 1132 847 Tybe-

459 853 528 887 rim
543 865 616 886 non
631 853 736 899 longe
749 854 791 887 ab
805 853 904 886 Urbe
918 853 1023 887 situm
1041 862 1132 895 erat,

459 914 493 939 et
511 919 553 940 ex
570 906 591 939 J
594 906 733 940 aniculo
752 907 900 952 spectari
918 914 1073 952 poterat,
1093 914 1134 940 ut

458 959 628 993 Martialis
639 972 703 992 nos
713 957 826 993 docet.
841 959 1000 992 Alterum
1013 959 1132 993 eratin

458 1024 540 1058 agro
554 1011 701 1045 Lavinio
713 1011 757 1045 ad
771 1011 973 1045 Numicium
986 1011 1130 1045 flumen.

459 1065 518 1098 Sic
539 1073 573 1098 et
591 1065 715 1110 Egeria
736 1064 870 1111 duplici
892 1064 970 1098 loco
995 1065 1132 1098 coleba-

459 1126 537 1151 tur:
552 1130 632 1150 nam
644 1125 678 1150 et
693 1119 936 1152 Camoenarum
950 1129 1072 1150 nemus
1082 1117 1133 1150 illi

458 1183 597 1204 sacrum
614 1178 688 1204 erat
708 1183 824 1216 prope
839 1171 962 1203 urbem
975 1196 983 1211 ‚
1001 1178 1035 1203 et
1052 1170 1132 1203 Ari-

458 1223 544 1256 cinae
564 1235 704 1269 quoque
719 1223 838 1256 Dianae
852 1223 956 1256 sacris
973 1235 1132 1257 accense-

457 1276 574 1310 batur.
604 1277 636 1309 T
634 1278 720 1310 rivioe
745 1276 853 1321 igitur
874 1275 996 1321 Egeria
1017 1283 1133 1321 potest

457 1328 526 1363 dici
539 1355 548 1369 ‚
565 1329 664 1362 Anna
677 1341 751 1362 non
768 1337 893 1374 potest.
912 1327 1030 1362 Codex
1044 1330 1131 1363 Rot-

458 1381 661 1427 tendorphii
674 1393 682 1415 :
702 1382 734 1414 T
733 1381 805 1414 ibice
818 1389 847 1414 te
862 1384 944 1414 misit
958 1381 999 1414 ab
1011 1382 1130 1416 Annae.

457 1435 548 1480 Lege
580 1447 659 1468 meo
691 1435 849 1480 periculo
880 1446 889 1467 :
917 1434 989 1468 Sive
1016 1435 1132 1468 Numae

457 1490 572 1532 conju-z·
598 1489 699 1533 Tyria
720 1495 748 1519 te
771 1490 856 1521 misit
877 1487 918 1520 ab
938 1489 1047 1521 Arma.
1070 1488 1131 1520 In-

459 1525 586 1586 telligit
605 1539 870 1586 aquaeductibus
887 1540 1021 1574 fontem
1036 1540 1131 1574 hunc

457 1592 657 1627 derivatum
676 1593 781 1627 fuisse
799 1606 839 1627 ex
862 1593 1025 1627 Numicio
1037 1620 1046 1634 ‚
1068 1593 1131 1639 qui

458 1655 508 1680 est
527 1646 563 1679 in
582 1645 781 1680 Laviniensi
805 1658 885 1692 agro
897 1671 906 1688 ,
926 1658 989 1692 per
1007 1658 1130 1680 nemus

455 1699 599 1745 Egeriae.
616 1717 630 1730 ι
667 1700 719 1732 Ita
753 1699 915 1733 Heinsius
945 1698 989 1732 ad
1023 1698 1128 1732 Ovid.

457 1753 549 1786 Fast.
569 1753 643 1793 III,
663 1751 750 1798 675.
771 1773 822 1778 -
840 1752 912 1786 Sive
926 1752 1041 1786 Numae
1056 1765 1130 1785 con-

451 1808 522 1850 jux.
542 1804 682 1851 AEgeria
705 1817 832 1850 nempe
851 1804 895 1838 de
915 1817 982 1850 qua
1004 1805 1130 1839 Florus

458 1858 495 1891 in
514 1858 641 1891 Numa.
667 1857 773 1891 Ovid.
791 1859 880 1891 Fast.
902 1859 974 1899 ΠΙ,
996 1858 1065 1904 agit
1086 1857 1130 1892 de

457 1912 554 1945 fonte
573 1911 720 1957 AEgeriae
743 1923 751 1944 ε
777 1928 790 1941 ι
804 1911 940 1957 AEgeria
961 1919 1033 1953 est,
1054 1924 1130 1957 quae

457 1964 589 2009 praebet
602 1976 724 2010 aquas,
739 1965 922 2010 Dea'grata
937 1963 1108 1997 Camoenis
1121 1976 1129 1997 τ

455 2017 521 2050 Illa
549 2017 675 2051 Numae
704 2018 853 2063 conjux,
876 2017 1130 2063 consiliumque

454 2070 532 2104 fuit.
550 2087 564 2100 r.
587 2069 667 2104 Sive
690 2083 709 2104 e
730 2082 837 2116 specu
856 2070 1022 2116 nymphae
1042 2070 1129 2116 Ege-

454 2123 529 2164 riae‚
541 2135 618 2169 quae
628 2136 716 2157 uxor
728 2124 852 2157 Numae
862 2123 899 2156 in
912 2123 1000 2157 valle
1011 2123 1130 2157 Dianae

454 2176 620 2214 Aricinae,
647 2176 718 2211 sive
738 2189 780 2210 ex
800 2177 896 2210 fonte
919 2176 1099 2210 Musarum
1116 2205 1124 2217 ‚

453 2229 580 2274 quihus
602 2230 712 2263 amica
733 2230 880 2276 Egeria,
903 2230 956 2262 vel
976 2227 1028 2269 (ut
1048 2230 1125 2276 qui-

453 2282 533 2316 dam
549 2281 685 2323 volunt)
698 2296 765 2316 una
779 2296 798 2317 e
812 2283 1122 2324 Musis-Trium,

452 2344 515 2368 etc.
539 2336 609 2370 Alii
633 2348 712 2369 cum
739 2337 906 2370 Turneho
926 2336 1126 2381 intelligunt

451 2388 597 2422 Dianam
625 2389 748 2422 Ariciae
779 2389 907 2422 cultam
943 2390 987 2422 ab
1023 2391 1124 2423 Anna

451 2441 620 2475 Peranna.
637 2441 728 2475 Vide
747 2442 808 2475 lib.
827 2443 891 2483 IV,
906 2442 1014 2488 epigr.
1032 2455 1125 2483 niv,

450 2506 498 2527 vs.
533 2507 595 2538 ¹7³
627 2493 671 2527 de
691 2495 827 2535 Trivia,
856 2495 928 2529 vid.
962 2495 1022 2528 lib.
1052 2496 1118 2533 IX.

450 2547 557 2592 epigr.
574 2560 653 2588 va3
673 2548 789 2593 Spect.
809 2549 870 2581 lib.
887 2549 995 2594 epigr.
1019 2561 1041 2581 ι.

507 2604 536 2640 ri.
551 2599 622 2633 δίη·
638 2600 868 2635 Cama-narum.
883 2602 957 2635 Hoc
973 2610 1021 2636 est
1034 2627 1043 2641 ,
1060 2614 1118 2635 scu

1192 748 1319 782 laberis
1340 760 1380 782 ex
1398 748 1494 781 fonte
1513 748 1694 782 Musarum
1706 773 1715 789 ‚
1734 749 1788 782 vel
1806 761 1868 783 seu

1191 801 1288 834 venis
1300 813 1370 834 una
1379 814 1420 835 ex
1431 813 1558 835 novem
1570 800 1691 835 Musis.
1707 801 1868 847 Egeriam

1191 854 1356 887 nonnulli
1376 866 1483 887 unam
1503 866 1544 887 ex
1562 854 1675 887 Musis
1693 854 1867 888 existima·

1191 914 1287 940 runt.
1299 907 1403 940 Dion.
1418 907 1530 940 Halic.
1545 907 1663 941 asserit
1675 930 1685 946 ‚
1707 923 1721 937 ι
1736 906 1772 940 id
1791 920 1867 940 om-

1192 959 1296 993 nibus
1310 972 1382 993 esse
1395 960 1628 993 manifestum.
1639 977 1652 989 a
1667 959 1744 994 Liv.
1758 960 1819 993 lib.
1836 961 1864 999 I,

1192 1011 1240 1045 ait
1259 1012 1378 1046 lucum
1399 1025 1478 1046 cum
1498 1012 1595 1046 fonte
1610 1020 1643 1046 et
1663 1025 1768 1057 specu
1785 1013 1866 1046 Mu·

1192 1065 1237 1098 sis
1255 1073 1504 1098 consecratum.
1529 1065 1636 1099 Poeta
1654 1077 1738 1110 ergo
1758 1064 1867 1098 dubi-

1192 1125 1242 1150 tat
1255 1143 1264 1159 ‚
1279 1130 1322 1150 an
1338 1118 1448 1151 Musae
1464 1118 1518 1151 vel
1531 1118 1664 1163 Egeriae
1678 1118 1754 1151 fons
1766 1118 1810 1151 sit
1825 1129 1866 1151 ex

1192 1178 1292 1203 antro
1305 1170 1438 1216 Egeriae
1448 1171 1483 1204 in
1497 1169 1587 1204 aedes
1600 1170 1713 1204 Stellae
1728 1169 1865 1205 ductus.

1248 1223 1282 1257 5.
1305 1224 1464 1256 Exsolvit.
1480 1223 1572 1257 Huic
1594 1223 1788 1270 Nymphae,
1805 1235 1866 1257 seu

1190 1275 1277 1309 huic
1292 1276 1384 1309 fonti
1399 1285 1480 1310 vota
1495 1285 1761 1321 nuncupaverat
1775 1277 1867 1310 Mar-

1191 1328 1302 1370 tialis,
1326 1342 1362 1362 se
1388 1342 1515 1375 nempe
1536 1341 1679 1375 porcam
1700 1329 1866 1363 intactam

1191 1381 1476 1424 immolaturum,
1501 1381 1597 1428 quod
1621 1389 1768 1429 aegrotus
1791 1383 1864 1416 fur·

1191 1434 1255 1468 tim
1277 1434 1420 1468 bibisset
1447 1447 1571 1481 aquam
1595 1447 1638 1468 ex
1667 1434 1727 1467 illo
1756 1434 1863 1468 fonte.

1191 1487 1376 1529 Horatius,
1391 1488 1463 1529 ΙΙΙ,
1482 1486 1544 1521 od.
1562 1487 1604 1521 13
1619 1513 1628 1529 ,
1641 1486 1782 1521 haedum
1801 1488 1864 1522 im·

1191 1540 1300 1574 molat
1318 1540 1407 1574 fonti
1425 1540 1620 1574 Bandusiae.

1245 1595 1280 1627 6.
1301 1594 1465 1627 Fut-ticam
1479 1621 1488 1635 ,
1513 1602 1579 1628 etc.
1605 1593 1678 1627 Cur
1698 1593 1863 1627 furtivam

1190 1645 1313 1680 maluit
1323 1659 1427 1693 quam
1443 1647 1485 1680 ab
1500 1646 1610 1680 amico
1623 1644 1810 1679 donatam?
1819 1659 1863 1680 an

1190 1712 1232 1732 ex
1258 1699 1528 1745 superstitione?
1551 1712 1595 1733 an
1620 1699 1701 1745 quia
1726 1698 1863 1733 dulcior

1190 1764 1278 1798 aqua
1295 1753 1448 1786 furtiva?

1243 1818 1279 1850 7.
1305 1806 1355 1838 Tu
1375 1813 1519 1839 contenta
1541 1806 1632 1838 modo
1655 1806 1861 1852 lacrymantia

1188 1857 1291 1892 codd.
1315 1859 1469 1892 Florem.
1495 1866 1529 1892 et
1551 1859 1631 1892 Vat.
1653 1880 1706 1885 —
1731 1857 1862 1892 Gaudia

1182 1912 1295 1955 fomis.
1312 1912 1388 1945 Hoc
1403 1919 1453 1945 est
1467 1924 1475 1945 :
1491 1913 1547 1945 Tu
1558 1937 1567 1952 ‚
1583 1924 1603 1944 ο
1614 1911 1778 1958 Nympha
1789 1913 1860 1957 jam

1189 1977 1319 2005 secura,
1330 1977 1408 1998 meo
1421 1964 1551 1998 scilicet
1568 1965 1697 1998 scelere
1709 1965 1860 2010 expiato,

1189 2018 1241 2051 fac
1254 2018 1342 2051 mihi
1355 2018 1491 2064 copiam
1510 2017 1699 2051 salubrium
1718 2026 1858 2051 tuarum

1190 2083 1369 2116 aquarum.
1388 2071 1456 2104 Vel
1475 2071 1564 2104 forte
1583 2084 1691 2103 secura
1708 2071 1800 2104 refer
1815 2070 1859 2104 ad

1187 2124 1320 2168 gaudia.

1241 2179 1275 2212 8.
1289 2177 1341 2211 Sit
1350 2177 1510 2210 mihisana
1522 2178 1602 2209 sitis.
1613 2176 1691 2210 Jam
1704 2189 1722 2209 a
1732 2177 1858 2210 morbo

1185 2239 1361 2263 recreatus
1380 2242 1474 2263 nunc
1493 2229 1538 2262 ita
1558 2229 1692 2271 sitiam,
1715 2238 1754 2263 ut
1773 2229 1858 2263 olim

1185 2295 1274 2328 aeger
1285 2283 1455 2317 sitiebam.
1471 2283 1617 2316 Veteres
1629 2283 1719 2316 inter
1730 2282 1857 2328 pocula

1183 2345 1310 2370 certam
1325 2334 1488 2381 precandi
1503 2336 1706 2377 formulam,
1720 2344 1753 2369 et
1768 2348 1857 2381 prae-

1184 2389 1303 2422 sertim
1316 2389 1530 2422 vocabulum
1544 2389 1618 2421 bene
1630 2389 1854 2434 usurpabant.

1184 2442 1296 2476 Plaut.
1314 2442 1348 2475 in
1370 2443 1491 2483 Persa3
1507 2442 1582 2475 Liv.
1595 2443 1854 2483 X1X;Terent.

1185 2494 1288 2528 Ovid.
1307 2495 1441 2529 Tibull.
1462 2504 1494 2529 et
1524 2495 1662 2528 Persius
1676 2520 1686 2534 ,
1712 2495 1782 2528 Sat.
1806 2507 1852 2527 ιν.

1180 2548 1236 2580 Sic
1270 2561 1332 2582 nos
1368 2547 1590 2594 propinando
1621 2547 1771 2581 dicimus
1787 2559 1796 2588 ;
1820 2549 1854 2581 ,1

1185 2611 1269 2634 ron-c
1294 2605 1403 2638 santc'.
1425 2602 1492 2635 sint
1524 2602 1647 2646 pocula
1673 2614 1751 2633 sana
1777 2601 1849 2634 tibi.
