1978 3305
397 229 977 274 EPIGRAMMATUM
1015 229 1136 271 LIB.
1176 230 1257 271 XI,
1430 229 1524 290 593

261 318 318 359 Et
335 318 603 361 Tartessiaca
634 326 869 376 concrepat
896 331 980 359 aera
1012 331 1155 359 manu.

193 388 236 429 Ο
260 388 428 447 quoties
452 387 587 447 rigida
610 385 799 448 pulsabis
819 385 947 446 pallia
974 401 1105 438 vena,

262 458 325 500 Sis
355 458 530 517 gravior
559 457 713 511 Curio,
740 455 1025 516 Fabricioque
1047 453 1165 499 licet!

192 528 258 570 Tu
285 543 458 587 quoque
487 528 699 587 nequitias
730 527 867 570 nostri
892 525 1096 586 lususque
1122 524 1250 568 libelli

267 597 366 640 Uda
391 596 535 658 puella
564 596 702 657 leges,
733 597 790 640 sis
814 597 1023 639 Patavina
1048 594 1161 639 licet.

193 667 400 720 Erubuit,
425 668 655 727 posuitque
685 682 829 709 meum
857 665 1062 708 Lucretia
1090 664 1273 718 libru1n3

264 737 348 781 Sed
376 752 525 781 corani
547 738 683 780 Bruto
706 753 714 779 :
742 738 901 792 Brute,
923 734 1099 791 recede,
1124 734 1250 794 leget.

123 887 262 915 versus,
278 875 338 908 uhi
357 875 503 921 Priapus
520 875 713 909 colebatur.
731 876 800 908 Or·
858 876 943 909 bant
961 883 1061 908 castae
1076 882 1110 907 et
1125 872 1260 918 pudicae
1273 897 1282 914 ‚
1301 885 1361 906 seu
1379 873 1460 918 quia
1479 886 1530 907 se-

123 927 225 961 telius
235 928 277 960 ab
287 927 461 973 aliquibus
478 928 583 962 fuisse
596 929 799 962 collocatam
859 928 1097 973 ptentrionem
1112 939 1231 960 versus
1242 926 1307 959 sita
1320 926 1393 959 loca
1407 934 1441 959 et
1452 938 1531 971 per-

123 979 210 1013 dicit
238 980 330 1014 inter
353 981 497 1014 Parium
516 989 549 1014 et
570 981 735 1027 Priapum
758 980 802 1014 ad
860 989 966 1026 petua
995 979 1102 1025 glacie
1131 978 1325 1024 rigentibus
1359 978 1532 1011 montium

122 1033 404 1079 Hellespontum.
419 1032 581 1076 Ovidius,
591 1034 699 1067 Trist.
712 1035 746 1075 I,
761 1046 780 1067 x
791 1057 800 1069 ‚
859 1033 950 1078 jugis
985 1032 1154 1078 propiora
1181 1031 1377 1065 habitantes
1389 1057 1397 1073 ‚
1419 1031 1534 1064 minus

127 1088 172 1119 26
190 1098 197 1118 :
219 1103 232 1115 α
253 1087 297 1120 Et
327 1094 361 1120 te
389 1087 558 1128 ruricola,
583 1087 774 1132 Lampsace
788 1110 798 1126 ,
862 1087 899 1119 in
911 1097 1074 1118 venerem
1087 1086 1252 1130 projectae
1267 1084 1333 1117 illae
1345 1092 1462 1123 erant,
1475 1097 1535 1117 seu

124 1146 198 1172 tuta
217 1140 303 1172 Deo.
321 1156 334 1168 a
859 1139 939 1184 quia
959 1137 1066 1171 Urbis
1084 1146 1240 1183 expertes
1255 1146 1289 1170 et
1303 1137 1535 1182 spurcissimae

178 1195 212 1231 4.
248 1192 458 1224 Tartessium.
484 1191 579 1225 Vide
610 1192 672 1225 lib.
705 1193 776 1225 VII
790 1218 799 1233 ‚
859 1204 936 1237 quae
949 1199 1032 1224 tunc
1044 1191 1170 1223 urbem
1180 1190 1360 1223 obtinebat
1372 1189 1532 1228 luxuriae,

123 1244 233 1289 epigr.
242 1244 607 1290 xxvnI.—Concrepat
618 1258 682 1277 oera
694 1258 798 1278 manu.
858 1243 1128 1289 provincialium
1142 1243 1355 1276 seminarum
1369 1243 1535 1275 virtutem

122 1297 270 1337 Lib.VI,
283 1297 393 1342 epigr.
407 1309 502 1338 an,
518 1309 570 1331 1:-‹
582 1296 696 1330 Edere
705 1297 801 1331 lasci·
860 1305 892 1330 et
914 1296 1142 1329 rusticitatem
1163 1304 1217 1337 et,
1246 1296 1343 1341 quasi
1373 1296 1538 1327 Patavini-

124 1361 185 1382 vos
195 1348 238 1382 ad
249 1350 375 1383 Baetica
386 1357 556 1383 crusmata
571 1358 796 1395 gestus»‚etc.
859 1357 952 1382 tatem
973 1348 1163 1394 quamdam
1181 1361 1280 1382 suam
1303 1356 1535 1381 servaverant.

178 1403 213 1436 5.
256 1402 358 1435 Vena.
394 1403 529 1436 Usitata
560 1403 597 1436 in
633 1403 688 1436 his
718 1415 798 1436 vox.
859 1403 925 1436 En.
950 1402 1004 1435 Cf.
1024 1401 1112 1435 Plin.
1134 1401 1264 1446 junior.
1285 1401 1344 1434 lib.
1372 1402 1406 1441 I,
1436 1400 1536 1445 epist.

124 1454 261 1488 Persius
270 1479 279 1495 ‚
291 1456 422 1496 sat.VI‚
433 1469 452 1500 7
462 1469 478 1488 2
493 1469 523 1488 ετ(
531 1456 650 1497 Quum
663 1468 800 1489 morosa
861 1467 933 1497 XIV,
956 1456 996 1495 63
1011 1463 1045 1488 et
1059 1455 1228 1488 Nostrum
1238 1478 1247 1494 ‚
1265 1453 1327 1487 lib.
1338 1454 1389 1486 VI
1399 1480 1408 1494 ‚
1427 1453 1536 1498 epigr.

125 1519 210 1553 vago
231 1508 412 1552 singultiet
433 1508 578 1554 inguine
591 1521 691 1541 vena.
705 1525 718 1538 n
732 1509 801 1542 En.
860 1521 956 1549 xml,
973 1520 1022 1540 vs.
1048 1511 1084 1548 4.

179 1561 213 1594 8.
240 1560 313 1593 Uda
324 1561 433 1606 puella
450 1561 543 1605 leges.
561 1561 656 1594 Vide
671 1562 800 1595 Juven.
919 1573 972 1593 10.
991 1560 1056 1593 Sed
1067 1573 1171 1592 coram
1184 1559 1305 1600 Bruto,
1327 1566 1392 1592 etc.
1412 1558 1539 1592 Lucre-

125 1612 194 1646 Sat.
215 1613 261 1652 X,
286 1626 334 1647 vs.
361 1614 437 1647 321.
457 1615 618 1647 Patavina
637 1615 719 1647 licet.
738 1615 803 1647 Pa·
863 1613 907 1647 tia
926 1614 1019 1659 ipsa,
1036 1613 1178 1645 absente
1193 1613 1302 1645 Bruto
1318 1611 1395 1645 viro
1407 1611 1536 1657 gravis·

125 1665 249 1699 tavinae
268 1666 360 1700 inter
379 1667 483 1700 Italas
502 1667 667 1701 mulieres
685 1666 804 1701 audie·
864 1666 973 1708 simo,
993 1666 1082 1711 leget
1103 1677 1198 1699 meos
1220 1665 1337 1698 libros.

743 1802 960 1879 xvii.

652 1960 718 1988 AD
752 1959 1010 1989 SABINUM.

196 2083 304 2129 NON
332 2083 475 2126 onmis
506 2083 643 2127 nostri
673 2092 891 2141 nocturna
915 2092 980 2126 est
1010 2083 1167 2142 pagina
1191 2080 1310 2136 libri3

267 2155 466 2197 Invenies
492 2162 535 2196 et
556 2152 675 2214 quod
701 2169 851 2208 mane,
874 2153 1055 2207 Sabine,
1077 2151 1206 2213 legas.

200 2282 262 2322 Οὔ
294 2298 357 2323 τοι
384 2284 496 2323 πᾶσα
530 2277 670 2334 βίὲλου
701 2282 805 2330 σελὶς
834 2282 1031 2339 ἡμετέρας
1057 2283 1151 2323 πέλε
1176 2280 1339 2329 νυκτός·

271 2352 461 2411 Εὑρτζσεις
488 2352 567 2403 ὅ,τι
596 2351 663 2393 καὶ
688 2349 773 2410 ἦρι,
803 2347 965 2403 Σκὲῖνε,
993 2348 1132 2410 μάθῃς,

182 2494 206 2515 1.
223 2483 401 2516 Nocturna.
420 2483 535 2524 Quam
549 2492 657 2516 noctu
672 2491 809 2516 tantum
873 2481 958 2528 quid
981 2490 1014 2515 et
1038 2483 1073 2515 in
1096 2483 1251 2516 tenebris
1274 2494 1351 2515 non
1374 2494 1503 2515 sumuS.
1526 2499 1539 2511 n

128 2536 240 2581 legas,
260 2535 296 2568 id
312 2544 361 2569 est
379 2535 555 2580 petulans,
574 2543 675 2581 atque
691 2535 807 2580 impu·
926 2548 956 2568 2.
975 2536 1124 2568 Invenies.
1143 2536 1275 2569 Versus
1291 2535 1421 2568 scilicet
1433 2561 1441 2575 ‚
1456 2547 1544 2580 quos

130 2587 307 2622 dica.Vid.
326 2601 402 2634 sup.
419 2588 529 2633 epigr.
546 2600 595 2627 11,
613 2588 630 2621 3
643 2600 650 2620 :
664 2604 675 2614 τε
690 2588 810 2622 Perso-
869 2588 971 2621 etiam
1005 2589 1140 2622 sobrius
1161 2588 1270 2633 possis
1293 2589 1428 2633 legere,
1453 2587 1544 2622 salva

131 2641 202 2674 nati
213 2641 319 2675 fastus
328 2668 336 2682 ‚
348 2650 382 2675 et
392 2642 510 2687 regula
524 2654 662 2674 morum
674 2666 682 2681 ‚
696 2640 807 2683 Quid·
870 2640 1087 2675 verecundia.

204 2715 265 2755 ll.
1237 2708 1298 2754 38
