1978 3305
471 215 573 285 474
847 226 909 267 M.
937 226 1076 268 VAL.
1115 226 1501 271 MARTIALIS

610 313 888 355 Vatiniorum
914 321 1151 372 proxeneta
1180 312 1442 368 fractorum,

609 384 742 425 Poeta
767 381 943 442 quidam
965 381 1252 427 clancularius
1277 385 1463 445 spargit;
1869 407 1881 430 5

608 454 665 495 Et
692 451 785 495 vult
807 451 941 496 videri
966 462 1129 497 nostra.
1155 453 1306 497 Credis
1332 454 1443 510 hoc,
1469 456 1636 509 Prisce,

608 523 732 575 Voce
759 531 810 565 ut
832 521 1035 583 loquatur
1060 525 1270 584 psittacus
1295 525 1554 580 coturnicis,

608 594 666 636 Et
689 593 971 654 concupiscat
995 610 1086 638 esse
1110 595 1258 639 Canus
1283 594 1503 639 ascaules?

611 662 767 707 Procul
796 680 821 707 a
848 663 1001 708 libellis
1028 666 1153 726 nigra
1183 666 1238 709 sit
1264 666 1369 710 meis
1398 666 1539 721 fama,

608 733 733 790 Quos
762 751 914 778 rumor
940 734 1037 779 alba
1068 752 1291 797 gemmeus
1318 736 1438 789 vsehit
1462 753 1617 797 penna.

607 806 700 847 Cur
727 821 809 865 ego
838 805 1033 850 laborem
1063 816 1192 851 notus
1221 823 1312 851 esse
1342 817 1430 851 tam
1458 823 1618 868 prave,

607 875 821 919 Constare
845 877 978 937 gratis
1003 893 1137 936 quum
1167 876 1383 920 silentium
1411 877 1579 938 possit?

467 1006 620 1048 venalis,
635 1017 695 1041 sat.
718 1009 767 1047 V,
792 1011 858 1049 46,
880 1009 1072 1053 parasitum
1091 1009 1145 1041 his

468 1059 668 1104 alloquens:
680 1061 755 1094 «Tu
766 1061 1008 1094 Beneventani
1018 1061 1145 1094 sutoris

472 1124 602 1145 nomen
620 1113 809 1147 habentem
823 1114 973 1147 Siccabis
1002 1113 1145 1147 calicem

471 1178 637 1198 nasorum
655 1175 816 1211 quatuor.
827 1164 911 1208 En.)
925 1167 1015 1200 Sunt
1029 1176 1147 1201 autem

466 1227 665 1263 proxenetae
695 1219 955 1262 conciliatores,
980 1228 1014 1253 et
1037 1220 1145 1253 inter-

467 1279 646 1312 ventores,
663 1272 833 1318 quasique
851 1273 1146 1318 conglutinatores

466 1324 651 1357 hominum
663 1325 755 1358 inter
765 1337 800 1358 se
811 1326 1056 1371 stipulantium
1066 1351 1075 1367 ‚
1086 1334 1146 1359 aut

467 1389 626 1421 quemvis
639 1386 861 1411 contractum
878 1387 1091 1412 ineuntium.

524 1434 557 1470 4.
573 1431 767 1474 Flagrorum
789 1431 866 1464 cod.
885 1432 1070 1465 Pulmann.
1094 1454 1145 1458 —-

469 1483 659 1516 Proxeneta.
674 1484 881 1517 Proxenetae
895 1507 904 1523 ‚
920 1485 1074 1530 Apuleio
1091 1485 1145 1518 in-

469 1544 639 1581 terprete,
660 1545 742 1570 sunt
762 1537 990 1579 mediatores,
1012 1546 1053 1570 ut
1071 1537 1147 1583 ipse

467 1589 635 1634 loquitur,
653 1590 721 1624 hoc
731 1599 800 1632 est,
817 1591 1058 1624 conciliatores
1069 1617 1079 1632 ,
1091 1591 1145 1624 in-

466 1652 743 1689 tercessoresque
774 1644 864 1677 inter
892 1653 1088 1690 emptorem
1113 1652 1147 1678 et

467 1694 697 1729 venditorem.
723 1697 799 1730 Hoc
824 1697 903 1730 loco
925 1697 1059 1742 accipio
1080 1710 1145 1743 pro

468 1760 529 1788 eo,
549 1749 610 1794 qui
631 1749 723 1782 inter
744 1750 997 1783 sulfuratorum
1019 1751 1146 1784 vitreo-

466 1814 544 1834 rum
565 1802 756 1835 fractorum
776 1812 951 1848 emptores
971 1804 1069 1837 velut
1093 1817 1144 1837 se-

468 1863 610 1899 quester
647 1863 681 1887 et
711 1856 841 1889 arbiter
865 1864 937 1898 est;
967 1866 1144 1902 permuta·

468 1908 552 1940 bant
580 1907 674 1941 enim
693 1909 802 1942 vitrea
824 1909 933 1943 fracta
951 1910 1146 1951 sulfuratis‚

469 1960 528 1993 lib.
547 1962 578 1999 Ι,
603 1961 713 2006 epigr.
736 1964 917 2007 xL11,jam
940 1963 998 1996 cit.

523 2015 555 2047 5.
574 2014 802 2059 Clangularius
816 2014 897 2048 Ald.
911 2016 1010 2049 Junt.
1027 2017 1141 2049 Colin.

470 2068 669 2100 calcularius
689 2067 769 2102 cod.
786 2069 971 2102 Pulmann.
983 2090 1033 2095 —-
1047 2069 1145 2102 Clan-

466 2121 614 2153 eutarius.
642 2121 812 2154 Occultus
845 2122 1016 2167 impostor
1039 2135 1142 2155 suum

467 2174 535 2206 suis
554 2174 710 2207 versibus
726 2187 855 2208 nomen
872 2175 1052 2220 praefigere
1068 2188 1140 2208 non

467 2225 584 2261 audet.
602 2227 715 2273 Supra
732 2229 793 2262 lib.
814 2229 885 2261 VII
898 2255 907 2270 ,
927 2229 1036 2274 epigr.
1053 2241 1119 2262 ΧΠ.

522 2293 555 2324 7.
572 2281 746 2315 Psittacus.
770 2282 901 2315 Docilis
921 2294 1071 2328 nempe,
1091 2291 1140 2316 at-

465 2345 534 2377 que
551 2334 709 2367 humanae
726 2336 818 2368 vocis
842 2335 1009 2375 imitator,
1028 2335 1085 2369 cui
1105 2347 1141 2368 se

466 2387 656 2427 Martialis,
686 2387 898 2422 maledicum
933 2401 1016 2422 vero
1038 2388 1140 2422 illum

467 2448 602 2482 poetam
625 2442 800 2476 coturnici
820 2451 1020 2488 comparat,
1041 2443 1140 2488 cujus

465 2505 532 2525 vox
554 2494 839 2538 injucundissima
861 2504 921 2529 est.

521 2548 552 2579 8.
576 2548 694 2580 (ἰιιιιω.
712 2549 958 2582 Nobilissimus
991 2550 1115 2582 tibicen
1129 2574 1137 2587 ,

466 2597 509 2631 (le
528 2612 598 2644 quo
619 2600 680 2634 lib.
704 2603 766 2641 lv,
786 2603 895 2647 epigr.
918 2615 949 2634 x.
986 2603 1139 2635 &scaulcs

465 2661 577 2685 autc-m
595 2652 723 2686 dicitnr
746 2655 967 2688 mricularius
981 2683 988 2693 ,
1004 2669 1061 2688 seu
1080 2657 1137 2700 qni

1205 1017 1319 1042 utrem
1351 1008 1468 1049 inflat,
1492 1022 1602 1054 ,quem
1632 1010 1762 1043 imitari
1790 1011 1880 1044 nolit

1204 1063 1332 1095 Canus.

1257 1128 1292 1159 9.
1307 1114 1520 1158 Nigr-asama.
1533 1115 1744 1161 Comparata
1753 1128 1880 1162 nempe

1204 1180 1244 1201 ex
1255 1167 1401 1200 aliorum
1415 1168 1556 1201 infamia
1565 1181 1575 1209 ;
1584 1168 1648 1202 lib.
1661 1169 1733 1201 VH
1743 1194 1752 1209 ‚
1768 1170 1879 1215 epigr.

1204 1232 1268 1254 x11.
1293 1238 1307 1250 «
1322 1221 1366 1253 Et
1386 1221 1473 1254 mihi
1501 1220 1546 1254 de
1575 1222 1676 1254 nullo
1708 1221 1798 1255 fama
1819 1235 1878 1255 ru-

1204 1274 1290 1306 bore
1309 1273 1432 1319 placet.
1450 1292 1463 1303 u

1262 1338 1314 1360 10.
1329 1327 1417 1370 Quos
1427 1340 1532 1359 rumor
1541 1339 1708 1371 gemmeus.
1722 1328 1799 1360 Hoc
1812 1336 1876 1367 est,

1205 1378 1376 1412 candidus
1396 1387 1429 1412 et
1456 1380 1547 1413 felix.
1569 1379 1658 1412 Alba
1675 1392 1791 1425 penna.
1815 1380 1878 1413 His

1205 1432 1318 1465 verbis
1336 1433 1469 1465 bonam
1490 1433 1616 1465 famam
1634 1432 1819 1477 significat.

1262 1497 1275 1518 ι
1289 1498 1319 1518 1.
1341 1486 1420 1518 Tam
1431 1498 1541 1530 prae-e.
1564 1486 1639 1518 Hoc
1657 1493 1707 1518 est
1723 1496 1731 1517 ε
1750 1485 1824 1519 Cur
1837 1497 1879 1518 ex

1204 1538 1350 1571 aliorum
1362 1537 1536 1572 dedecore
1545 1537 1634 1571 mihi
1646 1550 1774 1571 nomen
1788 1550 1880 1571 com-

1203 1602 1344 1635 parem,
1363 1604 1472 1636 quum
1489 1590 1634 1624 laudans
1651 1591 1735 1624 alios
1755 1599 1789 1624 et
1805 1591 1878 1636 ipse

1204 1643 1338 1677 laudari
1355 1643 1511 1690 possim?

1262 1708 1318 1730 12.
1344 1697 1423 1731 Cum
1447 1706 1531 1730 stare
1549 1700 1672 1741 gratis,
1693 1704 1758 1730 etc.
1785 1696 1877 1729 anti·

1203 1750 1378 1795 quissimae
1397 1750 1586 1792 exhibent3
1606 1751 1709 1794 cujus
1732 1748 1878 1795 quidem

1202 1803 1364 1837 lectionis
1394 1815 1474 1836 meo
1493 1801 1626 1848 judicio
1650 1814 1769 1836 sensus
1797 1811 1848 1835 est
1869 1816 1876 1834 :

1203 1857 1323 1898 Quum
1340 1856 1471 1902 possim
1491 1856 1706 1889 innotescere
1725 1855 1800 1888 sine
1815 1854 1878 1888 de-

1204 1910 1370 1943 trimento
1381 1910 1481 1943 famae
1494 1909 1626 1949 alienae,
1638 1916 1671 1941 et
1683 1921 1792 1953 quum
1803 1920 1880 1941 mea

1203 1963 1293 1996 fama
1315 1963 1364 1996 sic
1389 1971 1480 1996 stare
1501 1962 1621 2008 possit.
1641 1962 1780 2007 Legunt
1797 1961 1879 2002 alii,

1205 2015 1360 2049 Constare
1376 2018 1479 2060 gratis
1492 2028 1585 2062 quum
1597 2015 1722 2047 silentio
1731 2016 1848 2059 possim
1861 2018 1880 2046 .·'·

1204 2069 1373 2102 Constare
1385 2069 1573 2114 signifieat,
1591 2075 1709 2114 patere
1720 2093 1730 2107 ,
1745 2067 1879 2113 perspi-

1203 2134 1305 2154 cuum
1325 2134 1415 2161 esse,
1437 2121 1505 2155 hoc
1518 2130 1591 2154 est:
1615 2133 1725 2166 quum
1748 2119 1879 2165 possim

1203 2183 1306 2208 notus
1333 2187 1405 2208 esse
1432 2175 1556 2220 gratis,
1578 2185 1638 2206 seu
1661 2174 1734 2206 sine
1762 2173 1878 2206 alieno

1203 2228 1342 2261 rubore.
1352 2228 1421 2261 Alii
1430 2228 1494 2273 leg.
1510 2227 1540 2261 C
1539 2235 1664 2260 oasim-e
1671 2229 1774 2271 gratis
1786 2238 1879 2272 quum

1203 2282 1358 2314 silentiam
1384 2284 1485 2327 possit
1507 2285 1525 2312 :⁷
1556 2281 1624 2313 hoc
1652 2287 1703 2313 est
1725 2291 1733 2312 ε
1758 2279 1878 2320 Quum

1200 2347 1317 2368 meum
1336 2334 1512 2367 silentium
1534 2332 1642 2379 possit
1662 2333 1880 2365 innotescere

1199 2388 1402 2421 hominibus
1432 2387 1539 2433 gratis
1574 2399 1654 2432 erga
1677 2398 1755 2427 me,
1782 2383 1879 2431 quod

1202 2454 1340 2487 parcam
1356 2453 1479 2474 eorum
1501 2441 1679 2479 moribus,
1700 2451 1789 2484 quos
1807 2450 1880 2471 car-

1202 2507 1282 2540 pere
1315 2507 1462 2541 possem.
1500 2492 1634 2535 Quidni
1673 2493 1775 2536 gratis
1814 2503 1878 2536 pro

1199 2549 1299 2581 illwsa
1319 2561 1384 2580 mea
1400 2549 1493 2590 joma
1505 2552 1524 2578 :²
1544 2567 1596 2573 —
1622 2546 1700 2578 Tum
1719 2545 1876 2577 silentium

1201 2610 1249 2634 est
1270 2602 1304 2634 in
1324 2614 1432 2645 marg.
1457 2608 1582 2632 nostra:
1596 2598 1774 2633 santium,
1799 2597 1874 2629 locu

1202 2659 1254 2687 τῖ’)
1280 2668 1371 2700 quum
1395 2655 1556 2686 «ih—mim.
