1978 3305
816 229 877 271 M.
903 228 1046 271 VAL.
1085 224 1480 274 MARTIALIS

651 320 708 362 Et
736 317 789 360 sit
819 316 1003 376 nequior
1033 315 1236 360 omnibus
1262 315 1438 373 libellis;

649 388 738 444 Qui
759 386 862 430 vino
890 385 1087 442 madeat,
1117 403 1199 431 nec
1228 387 1459 431 erubescat

652 458 806 518 Pingui
831 455 1030 502 sordidus
1054 473 1147 501 esse
1170 458 1422 502 Cosmiano.

651 528 797 572 Ludat
827 543 928 571 cum
958 529 1129 588 pueris,
1154 537 1271 571 amet
1293 527 1482 589 puellas;

648 599 742 642 Nec
769 614 848 659 per
878 598 1085 642 circuitus
1110 597 1316 660 loquatur
1337 597 1478 653 illam,

649 670 716 712 Ex
741 685 826 730 qua
850 670 1093 723 nascimur,
1115 669 1312 714 omnium
1338 679 1562 730 parentem
1577 704 1588 722 ‚

651 740 798 797 Quam
824 749 1000 784 sanctus
1021 742 1165 784 Numa
1193 737 1432 784 mentulam
1457 739 1656 784 vocabat.

652 812 817 855 Versus
847 811 928 855 hos
953 821 1101 855 tamen
1130 828 1223 855 esse
1249 821 1296 855 tu
1322 820 1542 855 memento

651 880 962 926 Saturnalicios
974 917 985 938 ,
1010 880 1286 942 Apollinaris.

649 951 798 996 Mores
828 969 918 996 non
945 952 1076 996 habet
1105 952 1177 996 hic
1206 969 1328 997 meos
1358 951 1540 996 libellus.

494 1104 529 1134 6.
550 1100 730 1134 Cosmimw.
747 1101 825 1134 Hoc
845 1106 897 1133 est
910 1126 918 1141 ,
938 1109 1120 1145 unguento

441 1153 584 1194 Cosmi,
607 1152 651 1187 de
671 1165 745 1199 quo
765 1153 828 1186 lib.
855 1154 894 1192 Ι,
915 1153 1120 1199 epigramm.

444 1219 676 1249 Lxxxv111‚vs.
694 1219 726 1239 2.
739 1228 790 1232 --
800 1205 907 1248 Quod
918 1218 999 1239 mox
1012 1207 1122 1240 affore

441 1261 520 1294 vina
543 1268 577 1293 et
597 1260 829 1305 petulantiam
855 1268 890 1294 et
917 1259 1122 1293 ebrietatem

440 1313 637 1347 denuntiat.

498 1369 533 1402 8.
549 1366 618 1400 Nec
628 1379 688 1411 pet·
702 1369 867 1406 circuitm',
886 1374 950 1400 etc.
968 1366 1076 1399 Plane
1090 1374 1124 1399 et

444 1427 564 1466 aperte
578 1434 587 1459 ς
600 1419 730 1460 verbis,
741 1427 780 1452 ut
790 1419 838 1453 ait
850 1419 996 1453 Flaccus
1006 1445 1014 1461 ‚
1027 1419 1123 1452 inor-

440 1474 550 1515 natis,
579 1471 843 1506 dominantibus
873 1481 907 1506 et
941 1484 1015 1506 rem
1040 1486 1124 1518 pro-

440 1527 518 1573 prie
545 1526 774 1572 signantibus.
795 1526 875 1559 Lib.
901 1527 980 1567 III,
1013 1527 1122 1572 epigr.

441 1592 579 1621 va111‚
601 1592 650 1613 VS.
672 1592 706 1624 7.

501 1645 558 1666 10.
590 1633 695 1677 Quam
729 1640 855 1664 sanctus
872 1659 880 1673 ,
906 1640 972 1665 etc.
1005 1632 1123 1673 Quam

443 1686 549 1733 prisci
569 1685 621 1718 illi
645 1685 821 1731 probique
842 1686 991 1731 majores
1010 1685 1123 1719 nostri

442 1752 513 1772 non
535 1739 789 1772 erubescebant
809 1739 957 1784 proprio
976 1740 1123 1772 nomine

443 1791 629 1838 indigitare
643 1817 652 1831 ‚
673 1800 707 1825 et
731 1800 898 1837 tanquam
919 1791 1025 1826 rudes
1046 1792 1123 1825 Ma-

1182 1099 1353 1142 cedones,
1377 1099 1529 1145 ligonem
1557 1098 1682 1144 ligonis
1719 1099 1863 1132 nomine

1182 1152 1372 1199 appellare.
1457 1198 1461 1202 1

1240 1205 1298 1239 13.
1321 1206 1413 1239 Meus
1438 1203 1519 1238 edd.
1546 1213 1630 1238 vett.
1654 1211 1687 1237 et
1711 1204 1860 1237 Farnab.

1183 1259 1337 1292 ——Meos
1357 1260 1484 1291 Dousae
1503 1266 1537 1290 et
1558 1258 1712 1292 Grutero
1735 1257 1861 1290 arrisit.

1184 1312 1322 1346 Merito.
1347 1312 1556 1345 Referamur
1576 1310 1670 1345 enim
1694 1310 1738 1344 ad
1764 1309 1864 1343 disti-

1183 1365 1290 1399 chum
1303 1364 1571 1398 celeberrimum
1581 1391 1590 1405 ‚
1600 1362 1698 1410 quod
1711 1376 1800 1410 saepe
1813 1363 1862 1396 ci-

1184 1419 1349 1452 tavimus:
1359 1418 1524 1451 «Lasciva
1538 1425 1589 1451 est
1602 1417 1705 1450 nobis
1719 1417 1863 1463 pagina,

1184 1472 1254 1505 vita
1272 1472 1385 1516 proba
1400 1479 1486 1504 est.»
1502 1469 1639 1504 Deinde
1659 1468 1793 1515 aliquid
1802 1482 1865 1503 ne—

1183 1525 1304 1571 quitiae
1321 1533 1355 1558 et
1374 1523 1500 1570 lepidae
1520 1523 1672 1557 audaciae
1691 1523 1781 1556 inest
1798 1535 1864 1568 pu-

1183 1577 1304 1611 dicum
1330 1590 1402 1611 sese
1433 1577 1642 1617 affirmanti,
1675 1584 1709 1608 et
1733 1575 1863 1609 identi-

1184 1630 1263 1665 dem
1281 1640 1417 1666 tantum
1436 1629 1619 1676 pudicitiae
1641 1642 1710 1663 suae
1731 1627 1865 1674 aliquid
1925 1660 1927 1662 ,

1183 1684 1379 1731 deroganti.
1410 1683 1523 1726 Mihi,
1549 1683 1685 1729 inquit,
1714 1695 1735 1715 0
1758 1682 1865 1727 Apol-

1183 1738 1302 1772 linaris
1317 1764 1326 1779 ‚
1341 1738 1444 1784 probi
1463 1749 1596 1778 mores3
1611 1745 1645 1770 at
1662 1735 1780 1769 libello
1799 1734 1865 1767 mi-

1184 1792 1302 1825 nime:
1320 1804 1391 1824 non
1404 1791 1492 1824 mihi
1503 1790 1624 1823 similis
1639 1789 1785 1823 libellus.
1798 1788 1865 1821 En.

1086 1934 1260 1989 XVI.

959 2090 1027 2117 AD
1066 2089 1350 2118 LECTORI-ts.

513 2218 608 2273 Qui
636 2214 782 2275 gravis
809 2229 854 2256 es
884 2213 1091 2266 nimium,
1116 2220 1239 2272 potos
1267 2211 1369 2255 hinc
1393 2212 1506 2271 jam,
1533 2211 1692 2261 lector,
1714 2213 1832 2256 abire

584 2286 688 2343 Quo
718 2283 823 2328 libet
844 2300 853 2327 :
876 2283 1054 2326 urbanae
1076 2283 1328 2343 scripsimus
1352 2284 1433 2327 ista
1458 2293 1584 2344 togae.

514 2357 627 2401 Nam
654 2371 749 2399 mea
775 2356 1036 2415 Lampsacio
1058 2352 1228 2397 lascivit
1249 2355 1409 2415 pagina
1433 2371 1584 2403 versu,

505 2516 536 2534 2.
559 2501 697 2534 Urbana»
712 2509 805 2543 nigras.
825 2498 923 2532 Plebi
936 2525 945 2537 ,
960 2507 993 2532 et
1013 2498 1132 2531 otiosis

450 2555 662 2597 Quiritibus.
685 2553 742 2587 Sic
762 2552 959 2593 Juvmmlis,
980 2552 1028 2584 [X
1042 2577 1050 2586 .
1074 2564 1105 2584 ιι
1123 2563 1129 2583 :

454 2629 466 2639 a
484 2609 681 2652 salibusque
697 2606 788 2640 intra
809 2606 974 2652 pomoeria
995 2605 1097 2638 natis.
1112 2622 1124 2633 »-

507 2663 538 2696 3,
559 2662 692 2694 Lassata
715 2660 789 2692 MS.
819 2659 952 2692 Beverl.
981 2667 1013 2691 et
1038 2671 1085 2690 is
1109 2663 1126 2697 4

1200 2499 1403 2543 Tur-pesiaco.
1424 2507 1456 2532 et
1478 2511 1526 2532 vs.
1549 2502 1569 2531 (ἢ
1584 2501 1663 2541 fi‘cie
1691 2512 1756 2544 pro
1783 2499 1866 2535 licei,

1193 2560 1225 2584 et
1244 2564 1292 2584 vs.
1312 2552 1332 2584 8
1361 2555 1388 2583 si
1402 2560 1487 2584 stam
1504 2555 1579 2584 *rina
1599 2553 1686 2585 bibas
1702 2553 1754 2585 vel
1773 2551 1867 2583 bibes,

1192 2626 1245 2632 —-
1268 2606 1463 2649 Lampsacio.
1494 2606 1655 2651 Priape-io
1675 2618 1682 2639 .·
1706 2606 1868 2649 Lampsa--

1191 2670 1250 2690 cus
1269 2659 1352 2691 urbs
1367 2667 1415 2691 cst
1429 2659 1569 2703 Mysiae,
1582 2659 1870 2703 septonntrionvm
