1978 3305
386 241 967 287 EPIGRAMMATUM
1005 239 1128 283 LIB.
1168 239 1257 281 IX.

1421 234 1518 290 425

739 390 893 447 LIV.

638 548 708 576 AD
745 546 864 575 EUM
881 546 1007 574 DEM.

188 672 372 715 NATALI
403 672 478 715 tibi
493 706 504 727 ,
531 671 717 728 Quinte,
742 679 819 714 tuo
842 669 946 713 dare
970 683 1105 730 parva
1129 667 1326 712 volebam

258 742 444 785 Munera
466 758 474 783 ε
501 750 547 784 tu
577 740 782 801 prohibes
803 757 814 794 ;

842 740 1098 801 imperiosus
1120 739 1254 782 homo
1280 754 1336 781 es.

187 811 432 855 Parendum
455 820 519 855 est
537 811 712 855 monitis
735 828 744 854 :
765 809 842 854 fiat
861 809 979 871 quod
1001 819 1184 869 uterque
1209 807 1430 868 jubemus3

254 883 312 925 Et
336 881 452 942 quod
476 890 711 942 utrumque
732 881 883 941 juvat,
908 890 957 924 tu
985 880 1118 935 mihi,
1137 879 1328 936 Quinte,
1353 877 1467 920 dato.

175 1031 204 1052 ι.
228 1020 353 1054 Natali.
379 1020 459 1062 Quo
482 1033 609 1067 nempe
633 1029 790 1068 tempore

117 1072 223 1106 moris
255 1081 328 1106 erat
355 1086 499 1107 munera
536 1074 684 1108 invicem
723 1073 789 1107 sibi

117 1125 263 1159 mittere.
289 1125 394 1159 Unde
417 1126 455 1159 id
478 1127 608 1160 factum
621 1154 630 1167 ‚
650 1135 689 1161 ut
703 1139 789 1172 pau-

117 1190 216 1222 peres
233 1190 344 1224 pauca
366 1178 522 1225 quaedam
542 1189 577 1214 et
597 1179 790 1213 minuscula

115 1229 301 1265 ditioribus
310 1231 433 1265 darent
444 1258 453 1273 ‚
467 1233 567 1277 plura
582 1231 788 1267 laturi.Vid.

116 1282 179 1315 lib.
201 1284 306 1324 VIII,
328 1285 436 1330 epigr.
457 1297 550 1318 Lxlv.

170 1335 203 1369 3.
219 1336 378 1370 labemus.
395 1337 463 1370 Pro
482 1338 549 1371 hoc
568 1337 707 1371 Thuau.
727 1351 787 1370 ‘110-

850 1021 938 1060 lenti;
949 1020 1136 1053 Vaticanus
1142 1016 1365 1064 aliiquedant
1372 1017 1520 1049 volemus.

904 1078 937 1115 4.
959 1074 1008 1106 Et
1021 1073 1116 1119 quod,
1135 1080 1200 1106 etc.
1218 1071 1270 1103 Ex
1288 1070 1426 1103 inverso
1444 1068 1523 1102 offi-

849 1127 903 1159 cio
919 1126 1054 1171 elegans
1071 1123 1296 1158 mendicatio.
1312 1142 1364 1148 —-
1378 1123 1411 1155 E
1414 1130 1426 1153 t
1441 1122 1527 1167 quod

849 1187 1021 1225 utrumque.
1036 1178 1212 1211 Nimirum
1224 1176 1260 1209 in
1276 1175 1404 1209 amicos
1415 1174 1526 1207 liben-

848 1240 902 1265 ter
929 1232 1068 1265 confers
1097 1243 1244 1264 munera
1257 1255 1266 1270 ‚
1283 1225 1371 1274 'quae
1397 1236 1432 1260 ct
1461 1239 1523 1271 ego

847 1285 998 1318 libenter
1022 1283 1166 1330 accipio.
1197 1283 1252 1317 Sic
1277 1281 1400 1315 festive
1426 1292 1523 1312 men·

848 1336 941 1371 dicat
962 1338 1081 1370 Poeta.

757 1478 872 1534 LV.

601 1636 667 1663 AD
707 1614 1046 1664 coenarum*

184 1742 228 1785 Sl
261 1741 366 1784 mihi
395 1742 551 1785 Picena
578 1741 731 1785 turdus
757 1740 937 1802 palleret
963 1740 1096 1795 oliva,

254 1811 468 1854 Tenderet
493 1821 567 1854 aut
595 1821 764 1855 nostras
789 1810 908 1872 sylva
934 1810 1093 1855 Sabina
1118 1809 1289 1871 plagas3

184 1884 271 1925 Aut
296 1891 516 1926 crescente
542 1881 647 1926 levis
672 1882 919 1926 traheretur
941 1880 1162 1925 arundine'
1179 1880 1348 1941 praeda.

168 2023 181 2036 '
197 2027 257 2060 Ad
276 2027 411 2060 eumdem
445 2027 591 2061 Scriver.
622 2028 787 2072 Χαρίστια

117 2079 218 2113 amici
238 2079 390 2113 celebrat
402 2106 411 2122 ,
431 2089 464 2114 et
486 2080 630 2126 agrestia
643 2092 788 2114 munera

117 2141 263 2166 excusat.
274 2132 436 2166 charistia
448 2132 668 2174 dicebantur,
679 2146 787 2180 quum

116 2185 306 2231 propinqui
321 2186 463 2220 solenne
479 2186 690 2220 adornarent
705 2199 788 2220 con·

117 2237 262 2278 vivium,
275 2239 331 2272 cui
341 2246 477 2272 tantum
486 2239 624 2284 cognati
633 2238 758 2273 aderan
765 2248 789 2281 t,

116 2289 230 2323 litium
250 2290 494 2336 ponendarum
508 2317 517 2332 ‚
540 2301 574 2325 et
591 2293 719 2326 amoris
736 2293 789 2325 in-

116 2342 295 2378 staurandi
307 2344 414 2388 gratia
432 2344 628 2378 institutum
639 2371 648 2386 ,
659 2344 702 2378 de
719 2357 789 2390 quo

118 2396 234 2429 Valer.
253 2396 393 2429 Maxim.
414 2396 475 2430 lib.
498 2398 550 2435 II,
568 2409 646 2442 cap.
669 2409 700 2430 1.
722 2398 786 2431 Ce-

118 2449 343 2482 lebrabantur
352 2449 426 2483 haec
439 2450 499 2482 XI.
519 2449 666 2483 Kalend.
685 2450 786 2484 Mart.

118 2500 222 2534 ovid.
236 2502 288 2537 Π,
309 2502 400 2536 Fast.
417 2504 437 2535 6
447 2514 460 2536 1
470 2515 489 2546 7
504 2514 512 2535 :
526 2520 538 2531 -
552 2502 713 2535 Proxima
733 2515 790 2536 co·

118 2554 210 2599 gnati
227 2553 346 2588 dixere
365 2555 510 2588 Caristia
527 2555 595 2588 cari
610 2581 619 2595 ‚
636 2555 679 2588 Et
695 2555 790 2588 venit

120 2605 161 2639 ad
177 2607 285 2641 socias
303 2608 403 2641 turba
421 2608 619 2653 propinqua
637 2607 753 2653 dapes.
771 2626 784 2637 n

167 2671 189 2691 1.
200 2660 316 2693 Picena
327 2660 493 2695 navavit]
518 2661 575 2695 lib.
591 2662 786 2707 I,cp,1r1v.

906 2041 935 2061 2.
957 2026 1120 2060 Tenderet.
1142 2026 1218 2059 Hoc
1234 2034 1285 2059 est
1296 2052 1303 2065 ‚
1325 2034 1385 2059 aut
1401 2026 1428 2059 si
1445 2026 1522 2059 lice·

847 2088 900 2113 ret
930 2079 1078 2113 tendere
1107 2079 1144 2112 in
1179 2079 1284 2124 sylvis
1313 2079 1520 2112 Sabinorum

847 2133 1024 2166 venationi
1038 2132 1245 2166 faventibus.

903 2186 921 2219 3
931 2212 938 2218 .
955 2187 1046 2218 Levis
1061 2186 1256 2218 traheretur:
1272 2184 1319 2218 ita
1332 2184 1502 2218 Gruterus
1514 2212 1522 2225 ,

849 2247 887 2272 ut
906 2238 1052 2272 omnino
1072 2237 1117 2271 de
1136 2238 1254 2271 avibus
1283 2237 1499 2282 intelligatur
1512 2263 1520 2276 ,

847 2301 887 2325 ut
907 2291 1156 2336 epigrammate
1169 2290 1392 2335 insequente,
1406 2298 1440 2323 et
1461 2289 1521 2322 lib.

849 2345 949 2385 XIV,
966 2343 1055 2389 epig.
1068 2355 1220 2384 ccxvr11;
1236 2345 1362 2387 rejecta
1375 2342 1524 2376 lectione

849 2397 941 2441 vulg.
953 2396 1129 2430 vadisNel
1142 2404 1180 2429 ut
1191 2395 1347 2429 Raderus
1360 2395 1501 2441 exponit
1514 2407 1521 2427 :

849 2449 968 2482 Praeda
987 2448 1117 2482 scilicet
1138 2447 1322 2482 turdorum
1334 2474 1342 2489 ‚
1368 2449 1522 2482 trahere-

849 2511 906 2535 tur
930 2501 1121 2543 arundine,
1151 2514 1277 2547 nempe
1302 2502 1396 2535 visco
1419 2501 1524 2543 illita;

850 2555 1001 2587 arundine
1030 2563 1181 2587 crescente
1212 2555 1322 2595 vadis,
1346 2567 1422 2600 quae
1441 2568 1523 2600 pro-

851 2608 943 2641 venit
964 2607 1047 2641 locis
1067 2607 1264 2653 uliginosis3
1279 2606 1522 2652 undefluvialis

850 2661 980 2693 αιἸΙηιῘΙ).
1004 2662 1045 2694 F!
1072 2661 1242 2695 Gruterus
1270 2660 1374 2702 didi,
1403 2661 1525 2692 trahem-
