1978 3305
407 254 501 300 312
784 257 845 298 M.
870 257 1010 299 VAL.
1050 257 1437 301 MARTIALIS

545 343 601 385 Et
626 343 802 386 victoris
828 359 933 403 opes
958 343 1215 405 divitiasque
1242 345 1337 388 Dei.

474 413 587 457 Nam
609 429 743 472 quum
765 413 961 474 captivos
982 424 1129 474 ageret
1151 414 1232 459 sub
1252 414 1454 458 curribus
1475 414 1631 470 Indos,

547 483 790 527 Contentus
817 485 988 544 gemina
1013 485 1168 545 tigride
1190 485 1388 529 Bacchus
1417 494 1522 528 erat.

547 604 626 645 Τόν
653 620 698 645 τε
723 606 992 664 τροπαιούχου
1019 610 1194 649 πλοῦτον
1228 607 1393 649 ἅπαντα
1419 606 1537 647 Θεοῦ.

480 663 615 723 Ῐνδοὺς
644 673 720 734 γὰρ
748 675 816 717 ὑπ’
844 675 982 735 ὄχεσφι
1007 672 1287 736 θριαμέεύοντι
1314 674 1450 730 Λυαίῳ

550 731 695 803 Ᾰρκιος
720 741 766 791 ἦν
792 739 942 805 διδύμη
972 751 1097 807 τῒγρις
1123 741 1329 807 ὑποζυγίῃ.

411 871 505 904 mina
535 879 670 905 tantum
697 872 854 906 invectus
881 873 1024 918 tigride,
1049 883 1086 906 tu
1145 874 1280 907 nobiles
1300 885 1560 919 nonnunquam
1580 871 1741 906 curribus
1760 883 1820 905 ve·

412 923 592 968 pluribus.
1146 927 1340 966 hebantur‚
1365 926 1480 960 caeteri
1496 925 1627 960 catenis
1643 924 1750 958 vincti
1765 935 1820 958 ca-

468 989 502 1021 7.
532 977 653 1022 Ager-et
678 978 733 1010 sub
771 978 921 1012 curribus.
949 979 1088 1024 Captivi
1149 979 1309 1014 tervatim
1326 980 1509 1025 praeibant.

985 1106 1257 1163 XXVII.

945 1251 1007 1279 AD
1047 1251 1266 1280 GAURUM.
1279 1230 1296 1248 ⁴‘

487 1368 697 1411 MUNERA
728 1368 802 1427 qui
830 1366 907 1411 tibi
937 1367 1013 1411 dat
1041 1368 1273 1430 locupleti,
1300 1371 1471 1426 Gaure⁷
1500 1371 1701 1430 senique,

557 1437 600 1481 Si
625 1439 763 1498 sapis,
785 1447 834 1504 et*
849 1439 1006 1494 sentis,
1027 1439 1098 1483 hic
1125 1439 1201 1483 tibi
1232 1441 1290 1483 ait
1314 1457 1322 1482 :
1352 1441 1542 1484 Morere.

473 1565 483 1577 '
496 1569 701 1614 Captatores
725 1578 1010 1604 testamentorum
1026 1598 1034 1612 ‚
1051 1580 1089 1605 ut
1149 1571 1302 1617 jusmodi
1329 1572 1511 1605 vulturum
1535 1570 1672 1605 insidiis
1697 1578 1830 1605 caveat.

420 1634 461 1654 ex
477 1621 623 1654 Horatio
639 1622 702 1656 lib.
717 1623 770 1664 11,
783 1622 883 1656 Satir.
901 1635 947 1656 111
958 1650 967 1665 ,
984 1632 1019 1657 et
1031 1625 1092 1657 Ju—
1204 1624 1362 1658 ——Nihil
1380 1625 1513 1658 variant
1527 1624 1735 1670 exemplaria
1747 1624 1833 1658 scri-

420 1674 541 1708 venale
560 1675 685 1720 passim
712 1688 834 1709 omnes
859 1675 991 1719 sciunt,
1014 1677 1094 1711 insi·
1155 1686 1231 1724 pta,
1248 1685 1309 1711 aut
1322 1689 1446 1711 excusa
1457 1704 1466 1720 ‚
1486 1677 1522 1711 in
1537 1677 1644 1723 hujus
1659 1677 1831 1723 epigram-

421 1727 781 1761 diabanturdivitibus
793 1729 891 1774 aegris
899 1737 933 1762 et
945 1730 1098 1771 senibus,
1158 1730 1259 1764 matis
1274 1731 1436 1765 lectione.

422 1781 559 1826 illisque
580 1793 724 1814 munera
746 1781 949 1824 mittebant,
969 1790 1009 1815 ut
1028 1783 1099 1816 hae-
1215 1796 1248 1817 2.
1262 1783 1399 1818 Morere.
1416 1784 1466 1817 Ut
1481 1784 1517 1816 in
1533 1784 1627 1817 bona
1639 1791 1699 1816 tua
1716 1795 1834 1816 succe-

421 1832 523 1867 redes
548 1835 800 1868 scriberentur.
821 1835 873 1868 De
889 1835 954 1869 hac
976 1835 1100 1870 fraude
1160 1835 1220 1870 dat
1240 1836 1452 1883 haeredipeta
1473 1837 1543 1870 ille.
1567 1837 1647 1870 Lib.
1661 1836 1714 1869 VI
1727 1861 1736 1878 ‚
1761 1835 1834 1881 epi-

424 1895 544 1920 monet
554 1887 711 1920 Gaurum
723 1887 827 1920 Poeta
837 1911 846 1925 ,
856 1896 895 1921 ut
907 1888 973 1922 sibi
985 1889 1027 1922 ab
1036 1889 1103 1922 hu·
1161 1901 1309 1935 gramm.
1330 1902 1433 1923 Lx111.

992 2019 1192 2075 XXVI
1199 2020 1254 2074 ΙΙ
1267 2067 1275 2074 .

768 2165 831 2192 ΒΕ
871 2165 1257 2193 ΡΑΗΤΗΕΝΙΑΝΛ
1297 2166 1454 2194 TOGA.

500 2287 613 2340 Dic,
638 2295 762 2346 toga,
786 2285 961 2328 facundi
987 2294 1159 2345 gratum
1188 2285 1294 2328 mihi
1321 2301 1479 2329 munus
1504 2286 1661 2339 amici,

483 2417 497 2429 “
518 2418 675 2450 Donatus
693 2429 710 2449 a
727 2417 914 2450 Parthenio
935 2417 1100 2462 praefecto
1160 2418 1228 2451 lem
1245 2418 1429 2462 tritamque
1443 2417 1619 2450 lacernam
1634 2425 1723 2463 togae
1742 2429 1841 2450 novae

431 2470 583 2503 cubiculi
596 2469 786 2503 Domitiani
797 2470 908 2503 nobili
925 2478 1002 2515 toga
1010 2470 1102 2504 Mar·
1160 2470 1305 2515 injiciat.
1319 2470 1435 2504 Rada.
1447 2471 1558 2503 ——De
1569 2469 1760 2503 Parthenio
1771 2470 1840 2514 jani

431 2522 537 2563 tialis,
566 2523 653 2568 petit
677 2531 764 2556 tecte
788 2523 968 2556 meliorem
998 2523 1101 2556 etiam
1161 2535 1266 2569 supra
1292 2522 1429 2557 dictum
1456 2523 1547 2556 libro
1567 2523 1613 2564 V,
1636 2522 1840 2569 epigramm.

430 2576 619 2615 lacernam,
641 2576 774 2621 alioqui
797 2589 831 2610 se
850 2575 1006 2609 ludibrio
1029 2577 1102 2610 fore
1164 2589 1224 2610 vx:
1254 2598 1282 2606 ·-
1304 2603 1334 2610 ..
1349 2576 1470 2615 Μαι-ευ,
1500 2576 1705 2609 Parthenium
1732 2584 1842 2620 rogau-

433 2629 584 2674 populo,
605 2629 630 2661 si
660 2629 873 2663 nobilissima
902 2628 1105 2663 candidissi-
1165 2639 1313 2662 vestrum.

434 2693 558 2727 nmque
577 2690 654 2726 toga
672 2691 815 2715 ornatus
835 2681 970 2716 incedat
983 2709 991 2724 ‚
1007 2691 1039 2715 et
1055 2683 1105 2715 vi-
1226 2696 1255 2716 ι.
1272 2684 1354 2721 Dic,
1374 2690 1458 2725 toga.
1482 2681 1547 2714 Per
1566 2680 1841 2727 prosopopoeimu
