1978 3305
357 226 940 270 EPIGRAMMATUM
979 226 1104 269 LIB.
1135 227 1217 267 VI.

1402 224 1491 268 1815

634 377 940 434 LXXXI.

550 534 602 562 IN
640 533 1028 562 CHARIDEMUM.

156 655 326 697 lssATus
356 662 561 713 tanquam
587 651 772 712 populo,
792 651 1075 705 Charideme,
1104 651 1280 703 lavaris;

225 723 410 783 Inguina
441 723 502 766 sic
533 731 625 765 toto
651 720 815 766 subluis
841 723 883 765 in
911 720 1029 765 solio.

156 794 248 837 Nec
269 802 403 853 caput
425 792 496 836 hic
523 790 678 836 vellem
705 792 765 836 sic
789 802 858 847 te,
880 790 1165 844 Charideme,
1190 790 1357 844 lavare3

224 864 281 906 Et
305 872 460 923 caput,
485 877 608 918 ecce,
632 861 750 906 lavas
781 879 790 905 :

140 1013 168 1036 ι.
199 1002 305 1035 [ναίω
336 1010 485 1048 tanquam
507 1002 639 1047 populo,
663 1002 756 1035 Tan-

83 1067 189 1100 quam
212 1054 333 1088 volens
354 1067 412 1088 eos
434 1055 592 1100 polluere
618 1062 653 1088 et
673 1067 757 1088 con·

83 1120 264 1152 spui-care,
292 1107 356 1153 qui
390 1116 470 1154 post
498 1116 532 1140 te
563 1108 601 1141 in
632 1106 755 1141 eodem

83 1160 172 1193 solio
209 1161 313 1194 loturi
355 1159 547 1195 suut.Vid.
583 1160 659 1194 Lib.
687 1161 756 1201 XI,

83 1213 193 1258 epigr.
213 1226 290 1252 xcv,
312 1226 361 1246 vs.
383 1226 412 1246 2.

818 862 993 923 inguina
1016 860 1131 905 malo
1157 860 1286 905 laves.

872 1001 906 1035 3.
930 1001 1001 1034 Nec
1021 1008 1114 1046 caput
1135 1001 1206 1041 laic,
1227 1008 1291 1034 etc.
1313 999 1405 1032 Vide
1430 999 1489 1033 lib.

816 1054 851 1087 II
865 1079 876 1095 ‚
901 1054 1013 1099 epigr.
1046 1065 1142 1094 xLu,
1173 1053 1368 1098 argumenti
1395 1065 1493 1098 aeque

816 1106 918 1152 puri,
940 1115 974 1140 et
993 1105 1100 1152 epigr.
1122 1119 1180 1140 LVI
1195 1131 1205 1147 ‚
1223 1118 1343 1152 supra.

873 1164 906 1199 4.
918 1160 967 1192 Et
983 1168 1077 1204 caput
1095 1172 1160 1192 esse
1177 1160 1264 1192 lavas
1275 1159 1423 1192 ,Iuntina
1438 1157 1490 1192 ed.

817 1212 900 1246 anni
926 1224 939 1245 1
950 1211 968 1246 5
978 1224 992 1245 1
1004 1225 1035 1246 2.

604 1348 953 1405 LXXXII.

656 1504 716 1532 AD
745 1503 923 1531 RUFUM.

294 1632 497 1688 QumAM
531 1647 597 1674 me
622 1630 753 1674 modo
771 1666 783 1683 ,

815 1630 928 1674 Rufe
940 1665 951 1683 ‚
975 1629 1201 1690 diligenter

292 1703 571 1762 Inspectum,
589 1700 709 1744 velut
733 1710 920 1761 emptor,
945 1710 1020 1744 aut
1045 1699 1197 1744 lanista
1214 1737 1224 1750 ,

294 1772 444 1829 Quum
470 1770 594 1815 vultu
617 1771 838 1833 digitoque
864 1771 1162 1824 subnotasset‚

295 1844 418 1886 Tune
449 1859 514 1897 es,
542 1852 670 1895 tune,
698 1843 781 1896 ait,
809 1840 878 1884 ille
904 1840 1142 1895 Martialis,

294 1912 431 1972 Cujus
453 1913 664 1973 nequitias
690 1912 899 1973 jocosque
927 1913 1072 1965 novit,

294 1985 454 2027 Aurem
480 1984 554 2043 qui
580 1982 712 2026 modo
734 1998 822 2026 non
848 1982 980 2026 habet
1002 1982 1241 2026 Batavam?

141 2133 173 2153 2.
199 2120 297 2152 Velut
315 2128 445 2164 emptor.
466 2120 587 2162 Quum
613 2133 756 2166 mango·

85 2185 146 2206 nes
165 2185 282 2206 servos
300 2173 451 2218 empturi
471 2181 605 2215 essent,
623 2185 681 2207 eos
703 2172 757 2206 di-

86 2225 231 2270 ligenter
250 2225 500 2271 inspiciebant,
521 2225 759 2261 devestiehant

87 2286 120 2311 et
146 2278 305 2311 manibus
330 2279 569 2312 attrectabant.
595 2279 759 2322 Danista,

86 2331 199 2364 Tusca
214 2330 331 2376 lingua
347 2332 500 2374 carnifex,
520 2332 682 2377 magister
694 2332 761 2366 fuit

86 2382 317 2428 gladiatorum
343 2396 431 2429 quos
460 2383 557 2418 domi
587 2385 759 2426 habebat,

86 2444 189 2482 atque
214 2436 439 2478 instituebat,
465 2445 503 2470 ut
530 2437 609 2471 illos
630 2437 760 2472 deinde

85 2490 220 2523 locaret
239 2497 273 2523 et
291 2488 471 2523 venderet.

144 2543 176 2576 3.
199 2542 304 2587 Quum
319 2543 423 2576 «vultu.
445 2543 561 2585 Quum
582 2543 680 2576 vultu
703 2555 757 2576 me

88 2594 292 2629 admirantis
311 2595 347 2628 in
366 2597 520 2640 speciem
544 2596 736 2642 composito
751 2622 759 2637 ‚

89 2657 122 2681 et
135 2647 308 2694 producto
323 2648 432 2694 digito
445 2657 756 2683 commonstrasset.

873 2120 906 2154 5.
929 2119 1118 2167 Nequitias,
1144 2128 1208 2153 etc.
1236 2119 1494 2164 Epigrammata

817 2173 942 2207 lasciva
960 2181 995 2206 et
1009 2174 1140 2218 jocosa.

872 2228 904 2260 6.
930 2226 974 2259 In
996 2224 1079 2260 edd.
1100 2233 1185 2259 vett.
1207 2237 1270 2257 non
1293 2224 1387 2257 lmbee
1409 2238 1492 2257 seve-

818 2291 886 2311 ram
902 2291 914 2312 .·
932 2279 968 2312 in
982 2276 1191 2324 quibusdam
1204 2275 1308 2311 codd.
1324 2290 1387 2310 non
1402 2278 1491 2311 habet

818 2331 950 2365 Saeuam
961 2345 972 2365 .·
984 2330 1125 2377 optimae
1138 2338 1252 2364 tamen
1264 2330 1490 2364 membrauae:

819 2397 880 2417 non
900 2384 994 2417 habet
1012 2384 1192 2423 Batavam;
1214 2392 1248 2417 et
1267 2383 1316 2417 sic
1336 2391 1405 2417 tres
1423 2384 1490 2417 cla-

818 2436 946 2470 rissimi
970 2436 1113 2479 Batavi,
1130 2436 1276 2478 Junius,
1295 2436 1470 2470 Gruterus
1488 2462 1496 2473 .

820 2498 854 2524 et
865 2489 1068 2524 Scriverius.
1077 2488 1171 2524 Vide
1181 2490 1314 2523 Erasm.
1331 2490 1368 2522 in
1383 2488 1490 2534 Adag.

819 2543 921 2576 Auris
939 2543 1083 2583 Batava,
1109 2552 1143 2577 et
1169 2555 1247 2589 quae
1269 2542 1425 2576 dicemus
1448 2541 1490 2574 ad

818 2595 879 2629 lib.
906 2596 1012 2637 XIV,
1042 2596 1149 2642 epigr.
1178 2608 1315 2630 cmxva.
1342 2616 1394 2623 —-
1414 2595 1489 2628 Νοη

820 2648 912 2681 lcabet
938 2649 1107 2683 Batauam.
1130 2649 1205 2682 Hoc
1230 2658 1301 2690 est,
1327 2648 1489 2682 rusticam

1202 2713 1287 2763 12αἱ
