1978 3305
490 228 588 281 424
864 227 926 268 M.
950 225 1090 268 VAL.
1128 225 1518 270 MARTIALIS

557 311 729 356 Invidet
752 310 822 354 ille
847 311 954 355 tibi:
978 312 1147 372 Stygias
1171 328 1271 355 nam
1296 310 1446 356 Tullus
1471 312 1526 355 ad
1550 312 1687 355 undas

628 381 842 442 Optabat‚
867 383 1065 441 quamvis
1093 382 1146 426 sit
1171 382 1333 438 minor,
1355 383 1416 426 ire
1441 383 1574 442 prior.

556 453 622 495 Tu
647 450 752 496 colis
776 450 962 513 Elysios,
983 452 1258 513 nemorisque
1279 452 1500 496 habitator
1523 454 1682 496 amoeni

621 523 727 566 Esse
753 531 830 566 tuo
856 523 1046 583 primum
1072 539 1189 567 nunc
1215 523 1306 567 sine
1332 521 1465 566 fratre
1485 522 1620 583 cupis.

554 593 611 636 Et
640 593 675 636 si
699 593 789 653 jam
814 592 961 637 nitidis
983 592 1175 637 alternus
1200 593 1320 637 venit
1346 593 1401 636 ab
1426 593 1577 648 astris;

621 663 708 706 Pro
738 661 914 707 Polluce
939 680 1089 708 mones
1113 665 1323 720 Castora,
1345 680 1400 707 ne
1429 662 1590 707 redeat.

549 780 603 821 X'
628 778 669 830 ὃς
693 779 843 838 φθονέει
866 780 928 822 σοὶ
952 787 1032 824 νῦν·
1060 784 1080 822 ὁ
1109 779 1184 841 γὰρ
1207 783 1244 830 ἐς
1273 781 1411 841 Στύγα
1435 779 1580 839 πρόσθε
1603 779 1804 822 κατελθεῖν

619 851 806 910 Ηῦχετο,
833 850 974 911 καίπερ
1004 853 1075 893 ἐὼν
1107 850 1324 910 ὁπλότερος
1350 867 1435 912 γενε
1420 852 1500 898 ..ἥν.

548 923 685 963 Αλσεα
713 915 753 962 δ’
779 919 895 964 οἰκῶν
922 920 1098 981 τερπνὰ,
1124 921 1190 963 καὶ
1220 911 1407 970 Ηλυσίοις
1439 915 1644 980 ἐπιδημῶν

617 992 697 1034 Τὸν
722 990 834 1033 κάσιν
867 993 910 1034 οὐ
936 989 1140 1040 ποθέεις”
1113 1008 1205 1050 αρτι
1229 1008 1407 1034 συνοικον
1437 991 1553 1050 ἔχειν.

546 1059 596 1102 Εἰ
619 1054 663 1102 δὲ
690 1057 900 1120 οἱμοιὲαῖος
925 1055 1202 1111 Πολυδεύκεος
1230 1059 1318 1104 αὖθι
1346 1060 1547 1122 παρέλθῃς

618 1124 821 1191 Ᾱςρόθεν,
853 1133 1036 1190 ὀτρύναις
1066 1131 1240 1192 Κοίςορα
1270 1133 1338 1191 μὴ’
1366 1125 1596 1191 ναδραμεῖν.

474 1251 670 1285 alternatim
692 1250 894 1285 viventibus
916 1251 1151 1297 comparabat.
1268 1253 1302 1286 8.
1320 1249 1432 1284 Mones
1453 1250 1600 1284 Castora.
1620 1250 1669 1284 Ut
1687 1249 1818 1284 scilicet
1835 1250 1889 1283 in-

530 1304 564 1338 3.
588 1304 687 1338 Modo
710 1312 836 1349 raptus,
860 1316 926 1350 pro
946 1317 1016 1336 nam
1042 1305 1154 1337 Tullus
1213 1312 1266 1337 ter
1277 1304 1376 1338 vivos
1390 1312 1527 1337 maneat
1545 1316 1553 1337 :
1570 1305 1640 1349 jam
1658 1303 1751 1337 enim
1766 1303 1888 1336 Pollux

475 1357 635 1390 Pulman.
662 1357 811 1399 Caetera‚
833 1369 900 1391 nec
924 1357 1153 1398 membranae,
1214 1357 1372 1402 exemplo
1393 1365 1454 1390 tuo
1473 1365 1590 1390 motus
1608 1355 1652 1389 ad
1673 1368 1817 1402 superos
1833 1367 1888 1389 re·

474 1422 538 1443 nec
559 1410 641 1443 libri
664 1410 756 1456 typis
775 1411 951 1455 impressi,
971 1410 1153 1444 minimam
1213 1410 1301 1443 verti
1325 1423 1399 1443 non
1423 1411 1520 1451 vult,
1540 1410 1629 1444 sicut
1651 1418 1684 1443 et
1706 1418 1743 1443 tu
1765 1417 1888 1454 optas,

473 1463 670 1497 varietatem
689 1462 858 1509 produnt.
1214 1472 1251 1496 ut
1268 1463 1391 1497 Tullus
1408 1471 1576 1509 perpetua
1593 1463 1669 1497 luce
1686 1463 1833 1496 fruatur.

1096 1587 1262 1643 LIII.

838 1735 905 1763 AD
944 1734 1202 1771 QUlNTUM
1242 1714 1528 1763 ovmmmf

684 1847 730 1890 Si
761 1846 900 1890 credis
932 1846 1062 1903 mihi,
1083 1847 1249 1903 Quinte
1273 1847 1415 1907 (quod
1442 1843 1664 1902 mereris),

680 1915 880 1972 Natales,
903 1917 1055 1969 Ovidi,
1077 1927 1175 1960 tuos
1197 1916 1368 1978 Apriles
1382 1952 1393 1972 ‚

681 1988 742 2030 Ut
767 1996 936 2031 nostras
966 2003 1066 2032 amo
1092 1989 1274 2032 Martias
1300 1988 1533 2033 Kalendas.

686 2057 800 2101 Felix
827 2067 1010 2118 utraque
1036 2057 1132 2113 lux,
1158 2058 1335 2119 diesque
1365 2059 1489 2103 nobis

684 2128 893 2189 Signandi
923 2127 1173 2172 melioribus
1204 2127 1378 2190 lapillis!

681 2200 764 2243 Hic
787 2199 922 2243 vitam
946 2199 1122 2254 tribuit,
1146 2198 1220 2243 sed
1241 2199 1312 2243 hic
1333 2201 1535 2252 amicum.

681 2268 781 2314 Plus
805 2269 934 2326 dant,
954 2271 1141 2328 Quinte,
1167 2270 1271 2314 mihi
1297 2279 1382 2314 tuae
1408 2269 1627 2315 Kalendae.

522 2395 535 2407 ³
560 2398 634 2431 Hoc
663 2396 876 2442 epigramma
902 2396 936 2429 in
969 2396 1148 2430 nonnullis
1263 2410 1294 2430 «ι.
1311 2397 1883 2442 Τμω-,’1Ι)ι·ι”1ιέ.1)ε·οιιίηιοαοωιη,

471 2451 674 2484 inscribitur
691 2450 749 2483 ,ld
761 2450 913 2493 Quintum
929 2462 940 2482 :
959 2458 998 2483 ut
1016 2450 1049 2482 in
1068 2448 1146 2482 Ald.
1208 2450 1267 2482 lib.
1287 2451 1377 2491 VII,
1395 2451 1504 2496 epigr.
1525 2463 1624 2484 xcni.

470 2505 567 2537 Jnnt.
590 2503 707 2536 Colin.
725 2503 850 2548 Delph.
869 2511 934 2536 otc.
1262 2503 1294 2536 5.
1309 2504 1478 2546 Signandi.
1493 2505 1542 2536 De
1556 2504 1619 2537 hac
1634 2503 1779 2537 formula
1791 2503 1881 2536 dixi-

523 2578 571 2583 «ψ
600 2556 758 2589 Natalem
784 2556 828 2597 Q.
856 2554 973 2589 Ovidii
998 2556 1146 2589 celebrat
1208 2569 1303 2596 mus,
1322 2556 1379 2589 lib.
1401 2558 1505 2597 wll,
1521 2557 1628 2602 epigr.
1649 2569 1724 2597 xm,
1738 2569 1785 2590 vs.
1804 2570 1836 2589 a.

470 2623 618 2654 euinque
635 2621 699 2641 sno
719 2610 867 2654 praefert.
887 2630 937 2636 —-
954 2609 1002 2642 Νι·
1021 2611 1143 2642 nun-cris
1262 2622 1293 2653 7..
1310 2610 1385 2642 Plus
1395 2610 1483 2643 dam.
1497 2609 1633 2643 Etenim
1645 2609 1792 2642 amicitia
1804 2610 1881 2642 vita:

474 2664 625 2696 Pulmau
1206 2661 1453 2707 anteponenda
1470 2671 1528 2695 cst.
