1978 3305
474 235 563 279 128

841 235 901 276 M.
926 234 1065 276 VAL.
1105 231 1498 277 MARTIALIS

1061 388 1266 443 XXV.

882 544 948 572 AD
989 523 1438 573 MARCELLINUM.*

535 671 870 722 MARCELLINE‚
894 667 996 710 boni
1024 666 1194 711 soboles
1220 668 1387 712 sincera
1413 669 1626 729 parentis,

606 737 795 783 Horrida
820 738 1050 781 Parrhasio
1076 754 1203 798 quein
1234 738 1341 798 tegit
1369 754 1469 782 ursa
1494 738 1624 798 jugo,

533 809 610 853 llle
633 818 759 852 vetus
787 825 867 869 pro
893 817 935 851 te
960 809 1213 868 patriusque
1238 808 1356 868 quod
1386 818 1509 869 optat
1534 809 1720 861 amicus,

603 880 787 940 Accipe,
812 888 855 922 et
880 878 973 921 haec
1002 878 1184 921 memori
1209 887 1385 938 pectore
1408 888 1512 922 vota
1533 888 1658 922 tene:

532 952 674 995 Cauta
700 951 753 993 sit
778 958 826 992 ut
854 950 1017 1003 virtus,
1041 964 1122 991 nec
1146 958 1188 991 te
1214 949 1471 992 temerarius
1495 948 1625 992 ardor
1854 968 1866 991 5

604 1023 656 1064 In
684 1019 848 1063 medios
872 1034 1016 1071 enses,
1045 1034 1244 1078 saevaque
1271 1017 1354 1062 tela
1383 1018 1506 1062 ferat.

533 1090 650 1135 Bella
678 1089 838 1143 velint,
864 1090 1140 1149 Martemque
1166 1088 1307 1132 ferum
1335 1089 1514 1132 rationis
1545 1097 1743 1149 egente33

519 1228 533 1241 '¹
561 1228 803 1262 Marcellinum
832 1226 867 1259 in
891 1226 995 1259 Dacia
1012 1252 1021 1268 ,
1051 1226 1138 1259 tiro-

465 1282 555 1316 cinia
585 1281 746 1313 militaria
767 1287 975 1325 ponentem,
996 1287 1137 1319 monet,

466 1344 505 1368 ut
523 1342 621 1368 caute
641 1333 740 1366 fortis
760 1332 824 1366 sit:
844 1332 943 1365 illum
961 1331 1139 1364 nihilomi-

466 1400 530 1421 nus
543 1415 552 1429 ‚
573 1397 611 1421 ut
628 1387 790 1433 Uljssem
805 1412 814 1427 ‚
833 1386 980 1431 patriam
1003 1396 1138 1431 propu-

466 1453 573 1486 gnare
586 1463 595 1478 ,
615 1441 716 1484 eique
735 1437 844 1472 decus
865 1437 1063 1471 immortale
1077 1450 1138 1483 pa-

466 1506 543 1528 rere
560 1505 671 1539 posse.
691 1492 809 1525 Rader.

526 1560 556 1580 1.
581 1546 710 1580 Sincera
726 1546 880 1590 parentis.
903 1543 997 1576 Vera
1012 1569 1020 1585 ,
1043 1543 1139 1589 inge-

467 1611 535 1632 nua
551 1625 560 1640 ‚
587 1597 751 1644 ingenio,
785 1597 968 1636 moribus,
1002 1604 1140 1642 pectore

467 1661 601 1698 patrem
613 1651 784 1692 referens3
800 1649 899 1683 fortis
911 1649 993 1682 forti
1007 1657 1118 1683 create
1131 1661 1140 1683 :

467 1718 597 1751 purum
617 1716 740 1738 aurum
761 1716 778 1736 a
797 1715 890 1749 puro
911 1714 1008 1735 auro.

524 1771 556 1791 2.
578 1757 734 1791 Horrida.
755 1755 979 1789 Marcellinus
998 1755 1062 1788 iste
1080 1755 1142 1788 mi-

468 1811 589 1844 litabat
611 1811 646 1843 in
667 1810 770 1843 Dacia
786 1833 796 1850 ‚
820 1807 926 1841 hodie
949 1808 1113 1841 Moldavia
1128 1836 1137 1849 ‚

469 1873 533 1897 etc.
552 1864 631 1897 Lib.
650 1863 718 1895 VII
731 1889 740 1904 ,
759 1862 868 1908 epigr.
888 1873 1011 1902 Lxxni3
1029 1870 1062 1894 et
1078 1861 1138 1894 lib.

469 1917 536 1955 IX,
556 1917 664 1962 epigr.
682 1928 766 1949 xLV1
780 1941 788 1956 ‚
806 1913 849 1947 ad
867 1912 1029 1947 eumdem
1046 1914 1140 1947 Mar-

468 1970 632 2003 cellinum
648 1980 655 2002 ε
676 1987 688 1999 ι
699 1969 743 2002 Et
757 1966 872 2002 Getici
889 1966 1010 2000 tuleris
1027 1966 1141 2001 sidera

468 2023 566 2069 pigra
601 2022 686 2067 poli.
707 2039 720 2050 ι»
761 2021 887 2054 Strabo
904 2044 912 2054 ‚
947 2019 1005 2052 lib.
1042 2020 1112 2052 VII
1130 2032 1138 2053 ε

467 2077 570 2113 Γέτας
589 2076 665 2120 μὲν,
690 2075 761 2112 τοὺς
784 2076 861 2119 πρὸς
878 2073 930 2105 τὸν
945 2073 1065 2106 Πόντον
1086 2086 1138 2106 κε-

467 2130 628 2174 κλιμένους
643 2153 654 2167 ,
679 2128 733 2161 καὶ
754 2128 831 2171 πρὸς
854 2126 911 2161 τὴν
935 2127 986 2158 ἕω·
1017 2125 1137 2165 Λάκευς

466 2179 523 2220 δὲ,
549 2182 621 2219 τοὺς
647 2181 690 2218 εἰς
719 2180 879 2213 τάναντία
905 2178 982 2224 πρὸς
1009 2182 1137 2223 Γερμα-

466 2236 533 2268 νίαν
547 2259 554 2270 ,
578 2234 632 2267 καὶ
653 2233 711 2271 τὰς
730 2237 782 2266 τοῦ
801 2226 912 2276 Ῐστρου
932 2230 1061 2276 πηγὰς,
1087 2232 1136 2271 εὒς

465 2285 555 2332 εἷμαι
583 2288 703 2325 Δαύευς
734 2287 898 2318 καλεῖσθαι
925 2289 960 2317 τὸ
987 2285 1136 2318 παλαιόν.

470 2341 562 2374 Geta*
580 2343 633 2386 qni
646 2352 754 2372 versus
772 2339 909 2371 Pontum
926 2345 954 2369 et
977 2337 1136 2369 Orientem

467 2394 648 2425 inclinant:
673 2393 756 2425 Daci
783 2394 835 2437 qui
862 2394 893 2423 ιἰι
918 2390 1069 2422 diversum
1095 2391 1140 2422 ad

471 2446 675 2480 Germaniam
698 2453 727 2477 et
750 2445 826 2477 Iso-i
843 2444 950 2487 sontes
972 2451 1109 2487 vergunt
1125 2470 1133 2483 ,

467 2512 541 2545 quos
561 2507 638 2543 pato
665 2500 835 2543 antiquitus
858 2510 920 2529 esse
946 2497 1052 2529 Davus
1079 2509 1136 2541 ast-

462 2553 607 2597 lelatos.
625 2572 672 2577 -—
693 2551 966 2594 l‘arrl1‹1.‹i0j11g0.
984 2550 1059 2583 Hoc
1073 2558 1136 2589 cst,

466 2604 722 2650 Septcinti·i‹›ne
735 2629 742 2642 ,
755 2616 879 2648 nempe
893 2603 957 2635 sul)
971 2615 1046 2635 ursa
1059 2615 1136 2647 qua:

464 2657 553 2691 :licia
587 2666 635 2690 cat
670 2655 846 2688 Parrhasia
863 2681 872 2693 ,
905 2656 947 2687 ab
983 2654 1134 2688 Arcadia·

1198 1226 1288 1260 urbe
1307 1225 1408 1259 unde
1433 1235 1506 1260 erat
1529 1226 1681 1266 Calisto,
1698 1226 1734 1259 in
1757 1238 1871 1260 ursam

1198 1292 1216 1312 a
1245 1280 1336 1312 Jove
1360 1287 1583 1313 commutata.
1605 1277 1690 1312 Vid.
1717 1279 1779 1313 lib.
1804 1280 1870 1322 IV,

1197 1332 1309 1378 epigr.
1335 1344 1377 1365 Π.

1251 1383 1284 1417 3.
1313 1385 1412 1429 Quod
1435 1392 1518 1430 optet
1535 1387 1649 1418 amicus
1668 1383 1872 1419 Beverlandi

1197 1436 1272 1470 MS.
1297 1458 1349 1464 --
1365 1438 1434 1471 Ille.
1463 1438 1548 1483 Ego.
1569 1459 1620 1463 —
1639 1438 1770 1471 Patrius
1797 1440 1874 1470 ami-

1198 1503 1261 1524 cus.
1293 1490 1376 1524 Fuit
1411 1490 1504 1524 enim
1545 1489 1722 1524 familiaris
1759 1491 1870 1537 patri,

1198 1544 1298 1588 cujus
1323 1555 1420 1576 causa
1445 1543 1574 1577 amavit
1596 1543 1720 1576 filium.
1744 1565 1795 1569 -—-
1819 1543 1870 1577 Ex

1198 1595 1252 1628 his
1267 1596 1382 1629 verbis
1396 1596 1528 1641 colligit
1540 1596 1714 1629 Domitius
1727 1596 1872 1629 Marcel-

1198 1648 1310 1681 linum
1340 1649 1446 1682 fuisse
1466 1649 1660 1693 Hispanum
1674 1674 1682 1690 ,
1702 1648 1872 1683 Martialis

1198 1702 1403 1748 popularem
1428 1714 1436 1742 ;
1469 1701 1528 1735 sed
1568 1703 1689 1748 potius
1722 1714 1741 1735 a
1772 1710 1872 1748 patre

1198 1754 1395 1788 Marcellini
1440 1755 1571 1800 patrius
1604 1755 1734 1788 amicus
1768 1754 1872 1788 fuisse

1199 1807 1285 1841 mihi
1302 1806 1456 1841 videtur.

1255 1865 1287 1900 4.
1314 1861 1355 1894 In
1383 1861 1518 1894 Beverl.
1543 1869 1670 1906 pectore
1695 1866 1770 1892 nota
1793 1867 1869 1892 tene.

1254 1913 1287 1947 5.
1303 1912 1368 1946 Ed.
1385 1913 1493 1959 antiq.
1509 1913 1644 1947 Ferrar.
1657 1925 1739 1946 ann.
1760 1925 1773 1946 1
1785 1917 1870 1958 471.

1198 1965 1278 2000 Ald.
1298 1967 1395 2000 Junt.
1421 1967 1535 2000 Colin‚
1564 1966 1702 2012 Gryph.
1728 1965 1870 1998 Junian.

1198 2019 1305 2065 Lang.
1336 2028 1400 2053 etc.
1433 2033 1470 2051 ne
1500 2028 1528 2052 te
1559 2022 1737 2052 temerarius
1762 2018 1869 2051 ardor.

1197 2072 1362 2105 Nostram
1381 2072 1568 2106 lectionem
1591 2080 1736 2106 testatur
1757 2070 1872 2105 codex

1197 2125 1395 2158 Pulmanni.

1251 2190 1285 2222 7.
1307 2178 1451 2211 Rationis
1473 2186 1598 2222 agentes
1621 2178 1642 2210 J
1646 2177 1768 2211 untina
1789 2178 1871 2210 anni

1202 2243 1215 2264 1
1228 2231 1245 2264 5
1257 2243 1269 2263 1
1281 2244 1296 2263 2
1305 2257 1312 2264 .
1325 2253 1375 2257 —
1387 2232 1479 2264 Bella
1501 2232 1601 2263 velint
1615 2257 1622 2270 ‚
1653 2230 1848 2276 ,Martemque
1861 2257 1868 2268 ,

1196 2292 1262 2316 etc.
1293 2284 1441 2316 Temere
1468 2292 1623 2329 pugnent
1653 2283 1799 2324 furiosi3
1833 2291 1870 2316 tu

1197 2344 1297 2369 caute
1319 2337 1368 2369 uti
1385 2338 1509 2370 fortem
1528 2336 1627 2370 (lecet
1641 2362 1649 2376 ‚
1668 2337 1729 2382 qui
1750 2349 1810 2368 non
1831 2339 1871 2368 η’-

1197 2390 1301 2427 mehir,
1326 2390 1445 2422 cavebit
1464 2398 1576 2423 tamem
1597 2390 1748 2430 Seneca,
1770 2388 1870 2434 epist.

1199 2443 1261 2483 85,
1276 2451 1307 2475 et
1320 2443 1424 2476 Arist.
1440 2443 1519 2476 Eth.
1532 2443 1554 2476 1.
1567 2444 1633 2476 111.
1647 2442 1760 2474 Habes
1777 2441 1870 2474 enini

1200 2495 1233 2527 in
1257 2504 1289 2528 te
1314 2496 1439 2529 artium
1458 2503 1664 2529 ornamenta
1681 2495 1806 2540 quibus
1823 2503 1871 2526 to-

1196 2557 1316 2593 gamm,
1339 2562 1408 2582 non
1432 2549 1547 2581 minus
1567 2561 1670 2594 quain
1698 2555 1870 2586 armatus,

1197 2602 1342 2646 patriam
1369 2603 1596 2635 cohonestare
1620 2609 1650 2633 et
1680 2600 1769 2633 tucri
1791 2612 1869 2644 pos-

1195 2654 1252 2687 sis.
1281 2673 1292 2683 ι-
1311 2655 1404 2687 Licet
1431 2655 1564 2687 eminus
1593 2666 1663 2687 mse
1688 2653 1869 2691 Fortibus,
