<?xml version="1.0" encoding="UTF-8"?>
<!DOCTYPE html PUBLIC "-//W3C//DTD XHTML 1.0 Transitional//EN"
    "http://www.w3.org/TR/xhtml1/DTD/xhtml1-transitional.dtd">
<html xmlns="http://www.w3.org/1999/xhtml" xml:lang="en" lang="en">
 <head>
  <title>
</title>
<meta http-equiv="Content-Type" content="text/html;charset=utf-8" />
  <meta name='ocr-system' content='tesseract 3.04.00' />
  <meta name='ocr-capabilities' content='ocr_page ocr_carea ocr_par ocr_line ocrx_word'/>
</head>
<body>
  <div class='ocr_page' id='page_1' title='image "./epigrammata02martuoft/epigrammata02martuoft_0189.png"; bbox 0 0 1978 3305; ppageno 0'>
   <div class='ocr_carea' id='block_1_1' title="bbox 340 215 1211 261">
    <p class='ocr_par' dir='ltr' id='par_1_1' title="bbox 340 215 1211 261">
     <span class='ocr_line' id='line_1_1' title="bbox 340 215 1211 261; baseline -0.006 0"><span class='ocrx_word' id='word_1_1' title='bbox 340 217 928 261; x_wconf 79' lang='lat' dir='ltr'><strong>EPIGRAMMATUM</strong></span> <span class='ocrx_word' id='word_1_2' title='bbox 970 216 1035 258; x_wconf 91' lang='lat' dir='ltr'><strong>LI</strong></span> <span class='ocrx_word' id='word_1_3' title='bbox 1051 216 1095 257; x_wconf 90' lang='lat' dir='ltr'><strong>B.</strong></span> <span class='ocrx_word' id='word_1_4' title='bbox 1124 215 1211 257; x_wconf 91' lang='lat' dir='ltr'><strong>VI.</strong></span> 
     </span>
    </p>
   </div>
   <div class='ocr_carea' id='block_1_2' title="bbox 1394 230 1479 275">
    <p class='ocr_par' dir='ltr' id='par_1_2' title="bbox 1394 230 1479 275">
     <span class='ocr_line' id='line_1_2' title="bbox 1394 230 1479 275; baseline 0 0"><span class='ocrx_word' id='word_1_5' title='bbox 1394 230 1479 275; x_wconf 86' lang='lat'><strong>¹77</strong></span> 
     </span>
    </p>
   </div>
   <div class='ocr_carea' id='block_1_3' title="bbox 655 367 915 424">
    <p class='ocr_par' dir='ltr' id='par_1_3' title="bbox 655 367 915 424">
     <span class='ocr_line' id='line_1_3' title="bbox 655 367 915 424; baseline -0.012 0"><span class='ocrx_word' id='word_1_6' title='bbox 655 367 915 424; x_wconf 82' lang='lat' dir='ltr'><strong>LXXV.</strong></span> 
     </span>
    </p>
   </div>
   <div class='ocr_carea' id='block_1_4' title="bbox 586 496 989 544">
    <p class='ocr_par' dir='ltr' id='par_1_4' title="bbox 586 496 989 544">
     <span class='ocr_line' id='line_1_4' title="bbox 586 496 989 544; baseline -0.002 -1"><span class='ocrx_word' id='word_1_7' title='bbox 586 517 638 543; x_wconf 81' lang='lat' dir='ltr'><strong>{N</strong></span> <span class='ocrx_word' id='word_1_8' title='bbox 679 496 989 544; x_wconf 58' lang='lat' dir='ltr'><strong>poNrmAMf</strong></span> 
     </span>
    </p>
   </div>
   <div class='ocr_carea' id='block_1_5' title="bbox 148 631 1433 903">
    <p class='ocr_par' dir='ltr' id='par_1_5' title="bbox 148 631 1433 903">
     <span class='ocr_line' id='line_1_5' title="bbox 148 631 1433 693; baseline 0 -15"><span class='ocrx_word' id='word_1_9' title='bbox 148 635 301 690; x_wconf 85' lang='lat' dir='ltr'><strong>QUUM</strong></span> <span class='ocrx_word' id='word_1_10' title='bbox 333 633 469 676; x_wconf 83' lang='lat' dir='ltr'><strong>mittis</strong></span> <span class='ocrx_word' id='word_1_11' title='bbox 494 631 728 676; x_wconf 88' lang='lat' dir='ltr'><strong>turdumve</strong></span> <span class='ocrx_word' id='word_1_12' title='bbox 754 631 879 684; x_wconf 82' lang='lat' dir='ltr'><strong>mihi,</strong></span> <span class='ocrx_word' id='word_1_13' title='bbox 906 631 1173 691; x_wconf 84' lang='lat' dir='ltr'>quadramve</span> <span class='ocrx_word' id='word_1_14' title='bbox 1197 631 1406 693; x_wconf 80' lang='lat' dir='ltr'><strong>placentae</strong></span> <span class='ocrx_word' id='word_1_15' title='bbox 1422 667 1433 686; x_wconf 87' lang='lat'>,</span> 
     </span>
     <span class='ocr_line' id='line_1_6' title="bbox 216 700 1211 761; baseline -0.002 -14"><span class='ocrx_word' id='word_1_16' title='bbox 216 704 315 747; x_wconf 88' lang='lat' dir='ltr'><strong>Sive</strong></span> <span class='ocrx_word' id='word_1_17' title='bbox 342 702 486 746; x_wconf 90' lang='lat' dir='ltr'><strong>femur</strong></span> <span class='ocrx_word' id='word_1_18' title='bbox 507 701 667 761; x_wconf 84' lang='lat' dir='ltr'><strong>leporis</strong></span> <span class='ocrx_word' id='word_1_19' title='bbox 682 736 693 756; x_wconf 88' lang='lat'>,</span> <span class='ocrx_word' id='word_1_20' title='bbox 716 701 806 745; x_wconf 85' lang='lat' dir='ltr'><strong>sive</strong></span> <span class='ocrx_word' id='word_1_21' title='bbox 826 700 931 760; x_wconf 87' lang='lat' dir='ltr'><strong>quid</strong></span> <span class='ocrx_word' id='word_1_22' title='bbox 957 701 1026 745; x_wconf 81' lang='lat' dir='ltr'><strong>his</strong></span> <span class='ocrx_word' id='word_1_23' title='bbox 1049 700 1211 757; x_wconf 81' lang='lat' dir='ltr'><strong>simile3</strong></span> 
     </span>
     <span class='ocr_line' id='line_1_7' title="bbox 149 771 1116 827; baseline -0.003 -10"><span class='ocrx_word' id='word_1_24' title='bbox 149 771 370 817; x_wconf 85' lang='lat' dir='ltr'>Buccellas</span> <span class='ocrx_word' id='word_1_25' title='bbox 391 772 556 816; x_wconf 84' lang='lat' dir='ltr'><strong>misisse</strong></span> <span class='ocrx_word' id='word_1_26' title='bbox 583 781 677 815; x_wconf 84' lang='lat' dir='ltr'><strong>tuas</strong></span> <span class='ocrx_word' id='word_1_27' title='bbox 702 781 744 814; x_wconf 90' lang='lat' dir='ltr'><strong>te</strong></span> <span class='ocrx_word' id='word_1_28' title='bbox 760 806 771 827; x_wconf 77' lang='lat'>,</span> <span class='ocrx_word' id='word_1_29' title='bbox 793 772 949 815; x_wconf 83' lang='lat' dir='ltr'><strong>Pontia</strong></span> <span class='ocrx_word' id='word_1_30' title='bbox 963 806 975 827; x_wconf 78' lang='lat'><strong>‚</strong></span> <span class='ocrx_word' id='word_1_31' title='bbox 999 771 1116 814; x_wconf 88' lang='lat' dir='ltr'><strong>dicis.</strong></span> 
     </span>
     <span class='ocr_line' id='line_1_8' title="bbox 220 841 1339 903; baseline -0.003 -16"><span class='ocrx_word' id='word_1_32' title='bbox 220 845 310 887; x_wconf 83' lang='lat' dir='ltr'><strong>Has</strong></span> <span class='ocrx_word' id='word_1_33' title='bbox 340 859 421 903; x_wconf 86' lang='lat' dir='ltr'><strong>ego</strong></span> <span class='ocrx_word' id='word_1_34' title='bbox 450 859 530 886; x_wconf 90' lang='lat' dir='ltr'><strong>nec</strong></span> <span class='ocrx_word' id='word_1_35' title='bbox 561 842 730 885; x_wconf 87' lang='lat' dir='ltr'><strong>mittam</strong></span> <span class='ocrx_word' id='word_1_36' title='bbox 747 877 758 897; x_wconf 78' lang='lat'>,</span> <span class='ocrx_word' id='word_1_37' title='bbox 784 842 965 897; x_wconf 79' lang='lat' dir='ltr'><strong>Pontia⁷</strong></span> <span class='ocrx_word' id='word_1_38' title='bbox 987 841 1061 885; x_wconf 84' lang='lat' dir='ltr'><strong>sed</strong></span> <span class='ocrx_word' id='word_1_39' title='bbox 1091 859 1171 885; x_wconf 86' lang='lat' dir='ltr'><strong>nec</strong></span> <span class='ocrx_word' id='word_1_40' title='bbox 1200 842 1339 886; x_wconf 85' lang='lat' dir='ltr'><strong>edam.</strong></span> 
     </span>
    </p>
   </div>
   <div class='ocr_carea' id='block_1_6' title="bbox 80 974 766 1815">
    <p class='ocr_par' dir='ltr' id='par_1_6' title="bbox 80 974 758 1180">
     <span class='ocr_line' id='line_1_9' title="bbox 132 974 757 1019; baseline -0.003 -10"><span class='ocrx_word' id='word_1_41' title='bbox 132 974 147 988; x_wconf 93' lang='lat'>*</span> <span class='ocrx_word' id='word_1_42' title='bbox 175 975 336 1010; x_wconf 86' lang='lat' dir='ltr'>Pontiam</span> <span class='ocrx_word' id='word_1_43' title='bbox 366 975 555 1009; x_wconf 84' lang='lat' dir='ltr'><strong>veneficam</strong></span> <span class='ocrx_word' id='word_1_44' title='bbox 588 974 735 1019; x_wconf 84' lang='lat' dir='ltr'><strong>exagitat</strong></span> <span class='ocrx_word' id='word_1_45' title='bbox 749 999 757 1014; x_wconf 92' lang='lat'>‚</span> 
     </span>
     <span class='ocr_line' id='line_1_10' title="bbox 80 1028 758 1076; baseline -0.006 -13"><span class='ocrx_word' id='word_1_46' title='bbox 80 1031 179 1076; x_wconf 87' lang='lat' dir='ltr'><strong>cujus</strong></span> <span class='ocrx_word' id='word_1_47' title='bbox 201 1040 346 1061; x_wconf 88' lang='lat' dir='ltr'><strong>munera</strong></span> <span class='ocrx_word' id='word_1_48' title='bbox 367 1040 502 1061; x_wconf 88' lang='lat' dir='ltr'><strong>veneno</strong></span> <span class='ocrx_word' id='word_1_49' title='bbox 524 1028 631 1061; x_wconf 84' lang='lat' dir='ltr'><strong>tincta</strong></span> <span class='ocrx_word' id='word_1_50' title='bbox 650 1039 758 1072; x_wconf 90' lang='lat' dir='ltr'><strong>repu-</strong></span> 
     </span>
     <span class='ocr_line' id='line_1_11' title="bbox 81 1080 755 1126; baseline -0.006 -10"><span class='ocrx_word' id='word_1_51' title='bbox 81 1081 173 1125; x_wconf 85' lang='lat' dir='ltr'>diat,</span> <span class='ocrx_word' id='word_1_52' title='bbox 199 1082 261 1115; x_wconf 88' lang='lat' dir='ltr'><strong>lib.</strong></span> <span class='ocrx_word' id='word_1_53' title='bbox 284 1081 338 1120; x_wconf 91' lang='lat' dir='ltr'><strong>II,</strong></span> <span class='ocrx_word' id='word_1_54' title='bbox 363 1080 474 1126; x_wconf 81' lang='lat' dir='ltr'><strong>epigr.</strong></span> <span class='ocrx_word' id='word_1_55' title='bbox 498 1092 617 1122; x_wconf 76' lang='lat' dir='ltr'>xxxw,</span> <span class='ocrx_word' id='word_1_56' title='bbox 639 1087 675 1112; x_wconf 74' lang='lat' dir='ltr'><strong>et</strong></span> <span class='ocrx_word' id='word_1_57' title='bbox 695 1080 755 1112; x_wconf 88' lang='lat' dir='ltr'><strong>lib.</strong></span> 
     </span>
     <span class='ocr_line' id='line_1_12' title="bbox 80 1134 397 1180; baseline -0.006 -12"><span class='ocrx_word' id='word_1_58' title='bbox 80 1136 144 1175; x_wconf 86' lang='lat' dir='ltr'><strong>IV,</strong></span> <span class='ocrx_word' id='word_1_59' title='bbox 164 1134 274 1180; x_wconf 86' lang='lat' dir='ltr'><strong>epigr.</strong></span> <span class='ocrx_word' id='word_1_60' title='bbox 292 1145 397 1167; x_wconf 81' lang='lat' dir='ltr'><strong>xL111.</strong></span> 
     </span>
    </p>

    <p class='ocr_par' dir='ltr' id='par_1_7' title="bbox 81 1184 762 1761">
     <span class='ocr_line' id='line_1_13' title="bbox 135 1184 757 1222; baseline -0.006 -1"><span class='ocrx_word' id='word_1_61' title='bbox 135 1200 162 1222; x_wconf 88' lang='lat'><strong>1.</strong></span> <span class='ocrx_word' id='word_1_62' title='bbox 176 1189 219 1220; x_wconf 89' lang='lat' dir='ltr'><strong>ln</strong></span> <span class='ocrx_word' id='word_1_63' title='bbox 234 1186 315 1221; x_wconf 85' lang='lat' dir='ltr'><strong>edd.</strong></span> <span class='ocrx_word' id='word_1_64' title='bbox 333 1194 418 1219; x_wconf 83' lang='lat' dir='ltr'><strong>vett.</strong></span> <span class='ocrx_word' id='word_1_65' title='bbox 434 1184 514 1218; x_wconf 88' lang='lat' dir='ltr'><strong>Ald.</strong></span> <span class='ocrx_word' id='word_1_66' title='bbox 529 1187 627 1219; x_wconf 86' lang='lat' dir='ltr'><strong>Junt.</strong></span> <span class='ocrx_word' id='word_1_67' title='bbox 642 1184 757 1219; x_wconf 89' lang='lat' dir='ltr'><strong>Colin.</strong></span> 
     </span>
     <span class='ocr_line' id='line_1_14' title="bbox 82 1237 758 1287; baseline -0.006 -13"><span class='ocrx_word' id='word_1_68' title='bbox 82 1240 224 1287; x_wconf 89' lang='lat' dir='ltr'><strong>Gryph.</strong></span> <span class='ocrx_word' id='word_1_69' title='bbox 251 1239 438 1273; x_wconf 86' lang='lat' dir='ltr'><strong>Pulmann.</strong></span> <span class='ocrx_word' id='word_1_70' title='bbox 467 1238 579 1271; x_wconf 87' lang='lat' dir='ltr'><strong>Plant.</strong></span> <span class='ocrx_word' id='word_1_71' title='bbox 614 1237 758 1271; x_wconf 87' lang='lat' dir='ltr'><strong>Junian.</strong></span> 
     </span>
     <span class='ocr_line' id='line_1_15' title="bbox 83 1291 760 1338; baseline -0.006 -12"><span class='ocrx_word' id='word_1_72' title='bbox 83 1294 194 1338; x_wconf 87' lang='lat' dir='ltr'><strong>Lang.</strong></span> <span class='ocrx_word' id='word_1_73' title='bbox 219 1292 348 1337; x_wconf 86' lang='lat' dir='ltr'><strong>Delph.</strong></span> <span class='ocrx_word' id='word_1_74' title='bbox 378 1291 573 1337; x_wconf 76' lang='lat' dir='ltr'><strong>tardumque.</strong></span> <span class='ocrx_word' id='word_1_75' title='bbox 596 1311 647 1316; x_wconf 89' lang='lat'><strong>—-</strong></span> <span class='ocrx_word' id='word_1_76' title='bbox 668 1291 760 1335; x_wconf 82' lang='lat' dir='ltr'><strong>Qua-</strong></span> 
     </span>
     <span class='ocr_line' id='line_1_16' title="bbox 81 1342 760 1390; baseline -0.001 -12"><span class='ocrx_word' id='word_1_77' title='bbox 81 1346 217 1379; x_wconf 74' lang='lat' dir='ltr'><strong>tlramve.</strong></span> <span class='ocrx_word' id='word_1_78' title='bbox 230 1343 431 1390; x_wconf 79' lang='lat' dir='ltr'>Aliquando</span> <span class='ocrx_word' id='word_1_79' title='bbox 443 1343 577 1389; x_wconf 86' lang='lat' dir='ltr'><strong>quadra</strong></span> <span class='ocrx_word' id='word_1_80' title='bbox 588 1342 760 1388; x_wconf 87' lang='lat' dir='ltr'><strong>significat</strong></span> 
     </span>
     <span class='ocr_line' id='line_1_17' title="bbox 82 1397 759 1439; baseline -0.006 -7"><span class='ocrx_word' id='word_1_81' title='bbox 82 1411 249 1433; x_wconf 88' lang='lat' dir='ltr'><strong>mensam.</strong></span> <span class='ocrx_word' id='word_1_82' title='bbox 261 1398 389 1431; x_wconf 88' lang='lat' dir='ltr'><strong>Juven.</strong></span> <span class='ocrx_word' id='word_1_83' title='bbox 406 1397 474 1430; x_wconf 87' lang='lat' dir='ltr'><strong>Sat.</strong></span> <span class='ocrx_word' id='word_1_84' title='bbox 487 1410 521 1439; x_wconf 92' lang='lat' dir='ltr'><strong>v,</strong></span> <span class='ocrx_word' id='word_1_85' title='bbox 538 1410 555 1430; x_wconf 84' lang='lat'><strong>2</strong></span> <span class='ocrx_word' id='word_1_86' title='bbox 569 1397 694 1439; x_wconf 76' lang='lat' dir='ltr'><strong>3aliena</strong></span> <span class='ocrx_word' id='word_1_87' title='bbox 708 1399 759 1429; x_wconf 81' lang='lat' dir='ltr'><strong>vi-</strong></span> 
     </span>
     <span class='ocr_line' id='line_1_18' title="bbox 84 1449 761 1498; baseline -0.003 -14"><span class='ocrx_word' id='word_1_88' title='bbox 84 1465 150 1484; x_wconf 72' lang='lat' dir='ltr'><strong>vere</strong></span> <span class='ocrx_word' id='word_1_89' title='bbox 161 1451 295 1498; x_wconf 81' lang='lat' dir='ltr'><strong>quadra.</strong></span> <span class='ocrx_word' id='word_1_90' title='bbox 309 1450 375 1483; x_wconf 84' lang='lat' dir='ltr'><strong>Hic</strong></span> <span class='ocrx_word' id='word_1_91' title='bbox 389 1450 540 1484; x_wconf 88' lang='lat' dir='ltr'><strong>sumitur</strong></span> <span class='ocrx_word' id='word_1_92' title='bbox 556 1462 621 1496; x_wconf 90' lang='lat' dir='ltr'><strong>pro</strong></span> <span class='ocrx_word' id='word_1_93' title='bbox 637 1449 761 1490; x_wconf 83' lang='lat' dir='ltr'><strong>frusto,</strong></span> 
     </span>
     <span class='ocr_line' id='line_1_19' title="bbox 82 1502 761 1549; baseline -0.004 -11"><span class='ocrx_word' id='word_1_94' title='bbox 82 1517 162 1538; x_wconf 84' lang='lat' dir='ltr'><strong>nam</strong></span> <span class='ocrx_word' id='word_1_95' title='bbox 183 1505 218 1537; x_wconf 86' lang='lat' dir='ltr'><strong>in</strong></span> <span class='ocrx_word' id='word_1_96' title='bbox 236 1502 405 1549; x_wconf 80' lang='lat' dir='ltr'><strong>quadrata</strong></span> <span class='ocrx_word' id='word_1_97' title='bbox 425 1503 532 1536; x_wconf 85' lang='lat' dir='ltr'><strong>frusta</strong></span> <span class='ocrx_word' id='word_1_98' title='bbox 555 1502 761 1536; x_wconf 83' lang='lat' dir='ltr'><strong>secabantur</strong></span> 
     </span>
     <span class='ocr_line' id='line_1_20' title="bbox 83 1555 760 1603; baseline -0.004 -12"><span class='ocrx_word' id='word_1_99' title='bbox 83 1557 261 1603; x_wconf 74' lang='lat' dir='ltr'>placentae.</span> <span class='ocrx_word' id='word_1_100' title='bbox 275 1556 330 1590; x_wconf 84' lang='lat' dir='ltr'><strong>Sic</strong></span> <span class='ocrx_word' id='word_1_101' title='bbox 341 1556 404 1590; x_wconf 91' lang='lat' dir='ltr'><strong>lib.</strong></span> <span class='ocrx_word' id='word_1_102' title='bbox 414 1557 468 1588; x_wconf 91' lang='lat' dir='ltr'><strong>III</strong></span> <span class='ocrx_word' id='word_1_103' title='bbox 478 1581 487 1597; x_wconf 91' lang='lat'>,</span> <span class='ocrx_word' id='word_1_104' title='bbox 503 1555 611 1601; x_wconf 86' lang='lat' dir='ltr'><strong>epigr.</strong></span> <span class='ocrx_word' id='word_1_105' title='bbox 626 1567 760 1596; x_wconf 65' lang='lat' dir='ltr'><strong>mnu,</strong></span> 
     </span>
     <span class='ocr_line' id='line_1_21' title="bbox 87 1608 762 1653; baseline -0.003 -10"><span class='ocrx_word' id='word_1_106' title='bbox 87 1610 106 1642; x_wconf 80' lang='grc'><strong>3</strong></span> <span class='ocrx_word' id='word_1_107' title='bbox 122 1621 131 1642; x_wconf 89' lang='lat'>:</span> <span class='ocrx_word' id='word_1_108' title='bbox 157 1627 170 1640; x_wconf 86' lang='lat'>«</span> <span class='ocrx_word' id='word_1_109' title='bbox 186 1610 259 1643; x_wconf 84' lang='lat' dir='ltr'><strong>Nec</strong></span> <span class='ocrx_word' id='word_1_110' title='bbox 279 1617 312 1642; x_wconf 88' lang='lat' dir='ltr'><strong>te</strong></span> <span class='ocrx_word' id='word_1_111' title='bbox 329 1608 399 1642; x_wconf 80' lang='lat' dir='ltr'><strong>liba</strong></span> <span class='ocrx_word' id='word_1_112' title='bbox 415 1611 557 1653; x_wconf 85' lang='lat' dir='ltr'><strong>juvant,</strong></span> <span class='ocrx_word' id='word_1_113' title='bbox 578 1620 643 1642; x_wconf 88' lang='lat' dir='ltr'><strong>nec</strong></span> <span class='ocrx_word' id='word_1_114' title='bbox 662 1616 762 1642; x_wconf 85' lang='lat' dir='ltr'><strong>sectae</strong></span> 
     </span>
     <span class='ocr_line' id='line_1_22' title="bbox 83 1662 761 1709; baseline -0.006 -12"><span class='ocrx_word' id='word_1_115' title='bbox 83 1662 216 1709; x_wconf 84' lang='lat' dir='ltr'><strong>quadra</strong></span> <span class='ocrx_word' id='word_1_116' title='bbox 231 1662 399 1708; x_wconf 85' lang='lat' dir='ltr'><strong>placentae</strong></span> <span class='ocrx_word' id='word_1_117' title='bbox 416 1679 429 1690; x_wconf 71' lang='lat' dir='ltr'>n</span> <span class='ocrx_word' id='word_1_118' title='bbox 445 1669 500 1702; x_wconf 86' lang='lat' dir='ltr'><strong>;et</strong></span> <span class='ocrx_word' id='word_1_119' title='bbox 510 1662 563 1694; x_wconf 90' lang='lat' dir='ltr'><strong>IX</strong></span> <span class='ocrx_word' id='word_1_120' title='bbox 574 1686 584 1702; x_wconf 80' lang='lat'>‚</span> <span class='ocrx_word' id='word_1_121' title='bbox 595 1673 670 1700; x_wconf 75' lang='lat' dir='ltr'><strong>xcx,</strong></span> <span class='ocrx_word' id='word_1_122' title='bbox 695 1663 737 1694; x_wconf 86' lang='lat'><strong>18</strong></span> <span class='ocrx_word' id='word_1_123' title='bbox 752 1687 761 1703; x_wconf 89' lang='lat'>,</span> 
     </span>
     <span class='ocr_line' id='line_1_23' title="bbox 89 1713 734 1761; baseline -0.005 -12"><span class='ocrx_word' id='word_1_124' title='bbox 89 1733 102 1746; x_wconf 70' lang='grc' dir='ltr'><strong>α</strong></span> <span class='ocrx_word' id='word_1_125' title='bbox 119 1724 212 1750; x_wconf 83' lang='lat' dir='ltr'><strong>secta</strong></span> <span class='ocrx_word' id='word_1_126' title='bbox 234 1713 367 1761; x_wconf 84' lang='lat' dir='ltr'><strong>quadra</strong></span> <span class='ocrx_word' id='word_1_127' title='bbox 388 1713 432 1747; x_wconf 88' lang='lat' dir='ltr'><strong>de</strong></span> <span class='ocrx_word' id='word_1_128' title='bbox 449 1715 620 1760; x_wconf 85' lang='lat' dir='ltr'><strong>placenta.</strong></span> <span class='ocrx_word' id='word_1_129' title='bbox 638 1731 651 1743; x_wconf 75' lang='lat' dir='ltr'><strong><em>n</em></strong></span> <span class='ocrx_word' id='word_1_130' title='bbox 665 1714 734 1747; x_wconf 84' lang='lat' dir='ltr'><strong>ED.</strong></span> 
     </span>
    </p>

    <p class='ocr_par' dir='ltr' id='par_1_8' title="bbox 142 1767 766 1815">
     <span class='ocr_line' id='line_1_24' title="bbox 142 1767 766 1815; baseline -0.005 -13"><span class='ocrx_word' id='word_1_131' title='bbox 142 1781 175 1802; x_wconf 83' lang='lat'><strong>2.</strong></span> <span class='ocrx_word' id='word_1_132' title='bbox 198 1769 270 1802; x_wconf 64' lang='lat' dir='ltr'><strong>Siue</strong></span> <span class='ocrx_word' id='word_1_133' title='bbox 289 1767 367 1815; x_wconf 80' lang='lat' dir='ltr'><strong>quid</strong></span> <span class='ocrx_word' id='word_1_134' title='bbox 386 1768 433 1800; x_wconf 63' lang='lat' dir='ltr'><strong>lais</strong></span> <span class='ocrx_word' id='word_1_135' title='bbox 453 1768 553 1800; x_wconf 80' lang='lat' dir='ltr'><strong>simile</strong></span> <span class='ocrx_word' id='word_1_136' title='bbox 570 1775 617 1799; x_wconf 78' lang='lat' dir='ltr'><strong>est</strong></span> <span class='ocrx_word' id='word_1_137' title='bbox 636 1767 766 1800; x_wconf 84' lang='lat' dir='ltr'><strong>Bever-</strong></span> 
     </span>
    </p>
   </div>
   <div class='ocr_carea' id='block_1_7' title="bbox 84 1820 275 1855">
    <p class='ocr_par' dir='ltr' id='par_1_9' title="bbox 84 1820 275 1855">
     <span class='ocr_line' id='line_1_25' title="bbox 84 1820 275 1855; baseline -0.005 0"><span class='ocrx_word' id='word_1_138' title='bbox 84 1820 182 1855; x_wconf 88' lang='lat' dir='ltr'><strong>landi</strong></span> <span class='ocrx_word' id='word_1_139' title='bbox 199 1821 275 1854; x_wconf 90' lang='lat' dir='ltr'><strong>MS.</strong></span> 
     </span>
    </p>
   </div>
   <div class='ocr_carea' id='block_1_8' title="bbox 142 1873 768 1917">
    <p class='ocr_par' dir='ltr' id='par_1_10' title="bbox 142 1873 768 1917">
     <span class='ocr_line' id='line_1_26' title="bbox 142 1873 768 1917; baseline -0.003 -11"><span class='ocrx_word' id='word_1_140' title='bbox 142 1874 173 1907; x_wconf 80' lang='lat'><strong>3.</strong></span> <span class='ocrx_word' id='word_1_141' title='bbox 192 1874 371 1913; x_wconf 77' lang='lat' dir='ltr'><strong>Buccellas,</strong></span> <span class='ocrx_word' id='word_1_142' title='bbox 389 1881 454 1906; x_wconf 83' lang='lat' dir='ltr'><strong>etc.</strong></span> <span class='ocrx_word' id='word_1_143' title='bbox 471 1873 631 1913; x_wconf 76' lang='lat' dir='ltr'><strong>Bttccella,</strong></span> <span class='ocrx_word' id='word_1_144' title='bbox 645 1873 768 1917; x_wconf 72' lang='grc' dir='ltr'><strong>ψωμία,</strong></span> 
     </span>
    </p>
   </div>
   <div class='ocr_carea' id='block_1_9' title="bbox 818 974 1504 1917">
    <p class='ocr_par' dir='ltr' id='par_1_11' title="bbox 818 974 1503 1602">
     <span class='ocr_line' id='line_1_27' title="bbox 819 974 1497 1020; baseline 0.006 -14"><span class='ocrx_word' id='word_1_145' title='bbox 819 982 854 1006; x_wconf 76' lang='lat' dir='ltr'><strong>et</strong></span> <span class='ocrx_word' id='word_1_146' title='bbox 891 974 1084 1007; x_wconf 76' lang='lat' dir='ltr'><strong>buccellam</strong></span> <span class='ocrx_word' id='word_1_147' title='bbox 1100 999 1110 1015; x_wconf 91' lang='lat'>,</span> <span class='ocrx_word' id='word_1_148' title='bbox 1149 975 1250 1020; x_wconf 83' lang='lat' dir='ltr'><strong>panis</strong></span> <span class='ocrx_word' id='word_1_149' title='bbox 1284 976 1322 1008; x_wconf 89' lang='lat' dir='ltr'><strong>in</strong></span> <span class='ocrx_word' id='word_1_150' title='bbox 1352 975 1497 1010; x_wconf 88' lang='lat' dir='ltr'><strong>modum</strong></span> 
     </span>
     <span class='ocr_line' id='line_1_28' title="bbox 818 1027 1496 1070; baseline 0.006 -11"><span class='ocrx_word' id='word_1_151' title='bbox 818 1027 944 1060; x_wconf 84' lang='lat' dir='ltr'><strong>circuli</strong></span> <span class='ocrx_word' id='word_1_152' title='bbox 966 1038 1028 1060; x_wconf 91' lang='lat' dir='ltr'><strong>seu</strong></span> <span class='ocrx_word' id='word_1_153' title='bbox 1053 1039 1191 1060; x_wconf 86' lang='lat' dir='ltr'><strong>coronae</strong></span> <span class='ocrx_word' id='word_1_154' title='bbox 1219 1028 1347 1070; x_wconf 89' lang='lat' dir='ltr'><strong>factus,</strong></span> <span class='ocrx_word' id='word_1_155' title='bbox 1369 1041 1426 1062; x_wconf 80' lang='lat' dir='ltr'><strong>sex</strong></span> <span class='ocrx_word' id='word_1_156' title='bbox 1448 1030 1496 1063; x_wconf 87' lang='lat' dir='ltr'><strong>fe-</strong></span> 
     </span>
     <span class='ocr_line' id='line_1_29' title="bbox 820 1079 1498 1121; baseline 0.006 -10"><span class='ocrx_word' id='word_1_157' title='bbox 820 1092 857 1112; x_wconf 87' lang='lat' dir='ltr'><strong>re</strong></span> <span class='ocrx_word' id='word_1_158' title='bbox 882 1079 1085 1121; x_wconf 84' lang='lat' dir='ltr'><strong>unciarum,</strong></span> <span class='ocrx_word' id='word_1_159' title='bbox 1110 1093 1128 1114; x_wconf 90' lang='lat' dir='ltr'><strong>a</strong></span> <span class='ocrx_word' id='word_1_160' title='bbox 1147 1080 1271 1113; x_wconf 82' lang='lat' dir='ltr'><strong>Latina</strong></span> <span class='ocrx_word' id='word_1_161' title='bbox 1293 1094 1378 1115; x_wconf 90' lang='lat' dir='ltr'><strong>voce</strong></span> <span class='ocrx_word' id='word_1_162' title='bbox 1402 1082 1498 1115; x_wconf 72' lang='lat' dir='ltr'><strong>bucca</strong></span> 
     </span>
     <span class='ocr_line' id='line_1_30' title="bbox 820 1132 1498 1180; baseline 0.007 -17"><span class='ocrx_word' id='word_1_163' title='bbox 820 1132 874 1164; x_wconf 91' lang='lat' dir='ltr'><strong>vel</strong></span> <span class='ocrx_word' id='word_1_164' title='bbox 916 1132 1028 1165; x_wconf 76' lang='lat' dir='ltr'><strong>baccea</strong></span> <span class='ocrx_word' id='word_1_165' title='bbox 1047 1159 1056 1172; x_wconf 92' lang='lat'>‚</span> <span class='ocrx_word' id='word_1_166' title='bbox 1090 1146 1167 1178; x_wconf 81' lang='lat' dir='ltr'><strong>quae</strong></span> <span class='ocrx_word' id='word_1_167' title='bbox 1207 1134 1360 1167; x_wconf 86' lang='lat' dir='ltr'><strong>frustum</strong></span> <span class='ocrx_word' id='word_1_168' title='bbox 1398 1136 1498 1180; x_wconf 78' lang='lat' dir='ltr'><strong>panis</strong></span> 
     </span>
     <span class='ocr_line' id='line_1_31' title="bbox 821 1185 1500 1231; baseline 0.006 -14"><span class='ocrx_word' id='word_1_169' title='bbox 821 1185 872 1218; x_wconf 90' lang='lat' dir='ltr'><strong>vel</strong></span> <span class='ocrx_word' id='word_1_170' title='bbox 904 1197 1031 1230; x_wconf 86' lang='lat' dir='ltr'><strong>panem</strong></span> <span class='ocrx_word' id='word_1_171' title='bbox 1061 1185 1243 1231; x_wconf 84' lang='lat' dir='ltr'><strong>significat.</strong></span> <span class='ocrx_word' id='word_1_172' title='bbox 1265 1187 1375 1221; x_wconf 86' lang='lat' dir='ltr'><strong>Vetus</strong></span> <span class='ocrx_word' id='word_1_173' title='bbox 1396 1188 1500 1222; x_wconf 90' lang='lat' dir='ltr'><strong>Glos-</strong></span> 
     </span>
     <span class='ocr_line' id='line_1_32' title="bbox 820 1238 1497 1282; baseline 0.006 -12"><span class='ocrx_word' id='word_1_174' title='bbox 820 1238 973 1271; x_wconf 85' lang='lat' dir='ltr'><strong>sarium:</strong></span> <span class='ocrx_word' id='word_1_175' title='bbox 989 1239 1094 1271; x_wconf 78' lang='lat' dir='ltr'><strong>lentat</strong></span> <span class='ocrx_word' id='word_1_176' title='bbox 1106 1265 1115 1279; x_wconf 95' lang='lat'><em>‚</em></span> <span class='ocrx_word' id='word_1_177' title='bbox 1138 1240 1309 1281; x_wconf 82' lang='grc' dir='ltr'>βουκκίζει.</span> <span class='ocrx_word' id='word_1_178' title='bbox 1334 1240 1473 1274; x_wconf 76' lang='lat' dir='ltr'><strong>Gustare</strong></span> <span class='ocrx_word' id='word_1_179' title='bbox 1488 1269 1497 1282; x_wconf 86' lang='lat'><em>‚</em></span> 
     </span>
     <span class='ocr_line' id='line_1_33' title="bbox 822 1290 1498 1335; baseline 0.007 -13"><span class='ocrx_word' id='word_1_180' title='bbox 822 1291 1003 1332; x_wconf 75' lang='grc' dir='ltr'>βουκκίσαι.</span> <span class='ocrx_word' id='word_1_181' title='bbox 1025 1290 1119 1325; x_wconf 91' lang='lat' dir='ltr'><strong>Hinc</strong></span> <span class='ocrx_word' id='word_1_182' title='bbox 1134 1292 1238 1325; x_wconf 77' lang='lat' dir='ltr'><strong>baccae</strong></span> <span class='ocrx_word' id='word_1_183' title='bbox 1254 1300 1288 1325; x_wconf 86' lang='lat' dir='ltr'><strong>et</strong></span> <span class='ocrx_word' id='word_1_184' title='bbox 1307 1293 1498 1335; x_wconf 69' lang='lat' dir='ltr'><strong>buccellar-ii,</strong></span> 
     </span>
     <span class='ocr_line' id='line_1_34' title="bbox 821 1343 1502 1391; baseline 0.009 -16"><span class='ocrx_word' id='word_1_185' title='bbox 821 1343 882 1388; x_wconf 89' lang='lat' dir='ltr'><strong>qui</strong></span> <span class='ocrx_word' id='word_1_186' title='bbox 902 1343 1014 1377; x_wconf 83' lang='lat' dir='ltr'><strong>aliena</strong></span> <span class='ocrx_word' id='word_1_187' title='bbox 1032 1344 1210 1383; x_wconf 82' lang='lat' dir='ltr'><strong>buccella,</strong></span> <span class='ocrx_word' id='word_1_188' title='bbox 1227 1343 1264 1378; x_wconf 89' lang='lat' dir='ltr'><strong>id</strong></span> <span class='ocrx_word' id='word_1_189' title='bbox 1279 1353 1351 1387; x_wconf 87' lang='lat' dir='ltr'><strong>est,</strong></span> <span class='ocrx_word' id='word_1_190' title='bbox 1368 1345 1502 1391; x_wconf 85' lang='lat' dir='ltr'><strong>quadra</strong></span> 
     </span>
     <span class='ocr_line' id='line_1_35' title="bbox 822 1396 1501 1442; baseline 0.007 -14"><span class='ocrx_word' id='word_1_191' title='bbox 822 1396 966 1432; x_wconf 85' lang='lat' dir='ltr'><strong>vivunt,</strong></span> <span class='ocrx_word' id='word_1_192' title='bbox 1000 1397 1145 1442; x_wconf 85' lang='lat' dir='ltr'><strong>parasiti</strong></span> <span class='ocrx_word' id='word_1_193' title='bbox 1181 1397 1254 1431; x_wconf 91' lang='lat' dir='ltr'><strong>scil.</strong></span> <span class='ocrx_word' id='word_1_194' title='bbox 1288 1406 1323 1432; x_wconf 88' lang='lat' dir='ltr'><strong>et</strong></span> <span class='ocrx_word' id='word_1_195' title='bbox 1346 1398 1501 1434; x_wconf 79' lang='lat' dir='ltr'><strong>adseclae.</strong></span> 
     </span>
     <span class='ocr_line' id='line_1_36' title="bbox 823 1449 1502 1497; baseline 0.009 -17"><span class='ocrx_word' id='word_1_196' title='bbox 823 1449 999 1482; x_wconf 78' lang='lat' dir='ltr'><strong>Buccellas.</strong></span> <span class='ocrx_word' id='word_1_197' title='bbox 1008 1449 1083 1483; x_wconf 92' lang='lat' dir='ltr'><strong>Hoc</strong></span> <span class='ocrx_word' id='word_1_198' title='bbox 1094 1458 1156 1493; x_wconf 86' lang='lat' dir='ltr'><strong>est,</strong></span> <span class='ocrx_word' id='word_1_199' title='bbox 1164 1450 1273 1484; x_wconf 88' lang='lat' dir='ltr'><strong>frusta</strong></span> <span class='ocrx_word' id='word_1_200' title='bbox 1286 1452 1502 1497; x_wconf 75' lang='lat' dir='ltr'><strong>optimorum</strong></span> 
     </span>
     <span class='ocr_line' id='line_1_37' title="bbox 824 1502 1503 1551; baseline 0.009 -18"><span class='ocrx_word' id='word_1_201' title='bbox 824 1502 984 1534; x_wconf 85' lang='lat' dir='ltr'><strong>ciborum</strong></span> <span class='ocrx_word' id='word_1_202' title='bbox 1003 1502 1067 1535; x_wconf 91' lang='lat' dir='ltr'><strong>tibi</strong></span> <span class='ocrx_word' id='word_1_203' title='bbox 1083 1503 1326 1548; x_wconf 86' lang='lat' dir='ltr'><strong>appositorum</strong></span> <span class='ocrx_word' id='word_1_204' title='bbox 1341 1530 1351 1546; x_wconf 87' lang='lat'><em>‚</em></span> <span class='ocrx_word' id='word_1_205' title='bbox 1373 1514 1503 1551; x_wconf 82' lang='lat' dir='ltr'><strong>quanta</strong></span> 
     </span>
     <span class='ocr_line' id='line_1_38' title="bbox 822 1555 1375 1602; baseline 0.007 -15"><span class='ocrx_word' id='word_1_206' title='bbox 822 1566 950 1600; x_wconf 85' lang='lat' dir='ltr'>nempe</span> <span class='ocrx_word' id='word_1_207' title='bbox 968 1555 1078 1589; x_wconf 80' lang='lat' dir='ltr'><strong>bucca</strong></span> <span class='ocrx_word' id='word_1_208' title='bbox 1101 1568 1225 1602; x_wconf 84' lang='lat' dir='ltr'><strong>capere</strong></span> <span class='ocrx_word' id='word_1_209' title='bbox 1248 1565 1375 1602; x_wconf 86' lang='lat' dir='ltr'><strong>potest.</strong></span> 
     </span>
    </p>

    <p class='ocr_par' dir='ltr' id='par_1_12' title="bbox 824 1609 1504 1917">
     <span class='ocr_line' id='line_1_39' title="bbox 894 1609 1502 1653; baseline 0.01 -14"><span class='ocrx_word' id='word_1_210' title='bbox 894 1612 929 1648; x_wconf 77' lang='grc'><strong>4.</strong></span> <span class='ocrx_word' id='word_1_211' title='bbox 955 1609 1027 1640; x_wconf 83' lang='lat' dir='ltr'><strong>Has</strong></span> <span class='ocrx_word' id='word_1_212' title='bbox 1056 1622 1115 1653; x_wconf 74' lang='lat' dir='ltr'><strong>ego</strong></span> <span class='ocrx_word' id='word_1_213' title='bbox 1139 1622 1201 1641; x_wconf 79' lang='lat' dir='ltr'><strong>non</strong></span> <span class='ocrx_word' id='word_1_214' title='bbox 1227 1613 1358 1644; x_wconf 80' lang='lat' dir='ltr'><strong>mittam.</strong></span> <span class='ocrx_word' id='word_1_215' title='bbox 1388 1610 1502 1645; x_wconf 89' lang='lat' dir='ltr'><strong>Codd.</strong></span> 
     </span>
     <span class='ocr_line' id='line_1_40' title="bbox 825 1659 1504 1703; baseline 0.007 -10"><span class='ocrx_word' id='word_1_216' title='bbox 825 1659 1031 1694; x_wconf 83' lang='lat' dir='ltr'><strong>Beverlandi</strong></span> <span class='ocrx_word' id='word_1_217' title='bbox 1044 1687 1053 1703; x_wconf 90' lang='lat'>‚</span> <span class='ocrx_word' id='word_1_218' title='bbox 1070 1661 1228 1695; x_wconf 87' lang='lat' dir='ltr'><strong>Florent.</strong></span> <span class='ocrx_word' id='word_1_219' title='bbox 1248 1671 1282 1696; x_wconf 90' lang='lat' dir='ltr'><strong>et</strong></span> <span class='ocrx_word' id='word_1_220' title='bbox 1296 1664 1438 1698; x_wconf 85' lang='lat' dir='ltr'><strong>Thuan.</strong></span> <span class='ocrx_word' id='word_1_221' title='bbox 1452 1686 1504 1691; x_wconf 83' lang='lat'><strong>——</strong></span> 
     </span>
     <span class='ocr_line' id='line_1_41' title="bbox 824 1714 1503 1754; baseline 0.004 -7"><span class='ocrx_word' id='word_1_222' title='bbox 824 1714 893 1747; x_wconf 86' lang='lat' dir='ltr'><strong>Nec</strong></span> <span class='ocrx_word' id='word_1_223' title='bbox 915 1716 1058 1754; x_wconf 74' lang='lat' dir='ltr'><strong>mittam,</strong></span> <span class='ocrx_word' id='word_1_224' title='bbox 1091 1723 1156 1748; x_wconf 88' lang='lat' dir='ltr'><strong>etc.</strong></span> <span class='ocrx_word' id='word_1_225' title='bbox 1178 1716 1251 1748; x_wconf 88' lang='lat' dir='ltr'><strong>Nec</strong></span> <span class='ocrx_word' id='word_1_226' title='bbox 1278 1716 1396 1750; x_wconf 86' lang='lat' dir='ltr'><strong>amicis</strong></span> <span class='ocrx_word' id='word_1_227' title='bbox 1422 1717 1503 1750; x_wconf 83' lang='lat' dir='ltr'><strong>mit-</strong></span> 
     </span>
     <span class='ocr_line' id='line_1_42' title="bbox 827 1767 1504 1813; baseline 0.007 -14"><span class='ocrx_word' id='word_1_228' title='bbox 827 1775 896 1799; x_wconf 88' lang='lat' dir='ltr'><strong>tam</strong></span> <span class='ocrx_word' id='word_1_229' title='bbox 912 1791 922 1808; x_wconf 91' lang='lat'><strong><em>‚</em></strong></span> <span class='ocrx_word' id='word_1_230' title='bbox 945 1767 1055 1800; x_wconf 86' lang='lat' dir='ltr'><strong>multo</strong></span> <span class='ocrx_word' id='word_1_231' title='bbox 1082 1767 1198 1801; x_wconf 83' lang='lat' dir='ltr'><strong>minus</strong></span> <span class='ocrx_word' id='word_1_232' title='bbox 1219 1768 1293 1813; x_wconf 87' lang='lat' dir='ltr'><strong>ipse</strong></span> <span class='ocrx_word' id='word_1_233' title='bbox 1323 1768 1440 1810; x_wconf 86' lang='lat' dir='ltr'><strong>edam,</strong></span> <span class='ocrx_word' id='word_1_234' title='bbox 1466 1779 1504 1804; x_wconf 87' lang='lat' dir='ltr'><strong>ut</strong></span> 
     </span>
     <span class='ocr_line' id='line_1_43' title="bbox 827 1819 1503 1868; baseline 0.007 -17"><span class='ocrx_word' id='word_1_235' title='bbox 827 1819 888 1864; x_wconf 87' lang='lat' dir='ltr'><strong>qui</strong></span> <span class='ocrx_word' id='word_1_236' title='bbox 922 1819 1027 1853; x_wconf 85' lang='lat' dir='ltr'><strong>sciam</strong></span> <span class='ocrx_word' id='word_1_237' title='bbox 1055 1828 1113 1854; x_wconf 87' lang='lat' dir='ltr'><strong>tua</strong></span> <span class='ocrx_word' id='word_1_238' title='bbox 1138 1821 1321 1861; x_wconf 85' lang='lat' dir='ltr'><strong>veneficia,</strong></span> <span class='ocrx_word' id='word_1_239' title='bbox 1339 1830 1374 1855; x_wconf 88' lang='lat' dir='ltr'><strong>et</strong></span> <span class='ocrx_word' id='word_1_240' title='bbox 1398 1836 1503 1868; x_wconf 86' lang='lat' dir='ltr'><strong>quam</strong></span> 
     </span>
     <span class='ocr_line' id='line_1_44' title="bbox 829 1872 1396 1917; baseline 0.007 -13"><span class='ocrx_word' id='word_1_241' title='bbox 829 1872 948 1905; x_wconf 88' lang='lat' dir='ltr'><strong>subtili</strong></span> <span class='ocrx_word' id='word_1_242' title='bbox 968 1880 1064 1917; x_wconf 86' lang='lat' dir='ltr'><strong>peste</strong></span> <span class='ocrx_word' id='word_1_243' title='bbox 1081 1873 1213 1906; x_wconf 87' lang='lat' dir='ltr'><strong>imbuta</strong></span> <span class='ocrx_word' id='word_1_244' title='bbox 1233 1873 1314 1908; x_wconf 88' lang='lat' dir='ltr'><strong>sint.</strong></span> <span class='ocrx_word' id='word_1_245' title='bbox 1330 1875 1396 1908; x_wconf 87' lang='lat' dir='ltr'><strong>ED.</strong></span> 
     </span>
    </p>
   </div>
   <div class='ocr_carea' id='block_1_10' title="bbox 633 2006 952 2061">
    <p class='ocr_par' dir='ltr' id='par_1_13' title="bbox 633 2006 952 2061">
     <span class='ocr_line' id='line_1_45' title="bbox 633 2006 952 2061; baseline -0.003 0"><span class='ocrx_word' id='word_1_246' title='bbox 633 2006 952 2061; x_wconf 84' lang='lat' dir='ltr'><strong>LXXVI.</strong></span> 
     </span>
    </p>
   </div>
   <div class='ocr_carea' id='block_1_11' title="bbox 526 2155 1073 2184">
    <p class='ocr_par' dir='ltr' id='par_1_14' title="bbox 526 2155 1073 2184">
     <span class='ocr_line' id='line_1_46' title="bbox 526 2155 1073 2184; baseline 0 0"><span class='ocrx_word' id='word_1_247' title='bbox 526 2155 869 2184; x_wconf 77' lang='lat' dir='ltr'><strong>EPITAPHIUM</strong></span> <span class='ocrx_word' id='word_1_248' title='bbox 909 2156 1073 2184; x_wconf 88' lang='lat' dir='ltr'><strong>FUSCI.</strong></span> 
     </span>
    </p>
   </div>
   <div class='ocr_carea' id='block_1_12' title="bbox 161 2281 1234 2342">
    <p class='ocr_par' dir='ltr' id='par_1_15' title="bbox 161 2281 1234 2342">
     <span class='ocr_line' id='line_1_47' title="bbox 161 2281 1234 2342; baseline -0.004 -14"><span class='ocrx_word' id='word_1_249' title='bbox 161 2287 271 2328; x_wconf 72' lang='lat' dir='ltr'>ILLE</span> <span class='ocrx_word' id='word_1_250' title='bbox 295 2284 405 2328; x_wconf 76' lang='lat' dir='ltr'><strong>sacri</strong></span> <span class='ocrx_word' id='word_1_251' title='bbox 433 2281 575 2325; x_wconf 79' lang='lat' dir='ltr'><strong>lateris</strong></span> <span class='ocrx_word' id='word_1_252' title='bbox 605 2290 774 2333; x_wconf 85' lang='lat' dir='ltr'><strong>custos,</strong></span> <span class='ocrx_word' id='word_1_253' title='bbox 802 2281 1045 2340; x_wconf 83' lang='lat' dir='ltr'><strong>Martisque</strong></span> <span class='ocrx_word' id='word_1_254' title='bbox 1076 2284 1234 2342; x_wconf 81' lang='lat' dir='ltr'><strong>togati,</strong></span> 
     </span>
    </p>
   </div>
   <div class='ocr_carea' id='block_1_13' title="bbox 92 2420 771 2680">
    <p class='ocr_par' dir='ltr' id='par_1_16' title="bbox 92 2420 771 2680">
     <span class='ocr_line' id='line_1_48' title="bbox 149 2420 766 2459; baseline -0.01 -1"><span class='ocrx_word' id='word_1_255' title='bbox 149 2439 178 2459; x_wconf 85' lang='lat'><strong>1.</strong></span> <span class='ocrx_word' id='word_1_256' title='bbox 193 2425 252 2458; x_wconf 84' lang='lat' dir='ltr'><strong>Ille</strong></span> <span class='ocrx_word' id='word_1_257' title='bbox 265 2425 358 2456; x_wconf 77' lang='lat' dir='ltr'><strong>sacri.</strong></span> <span class='ocrx_word' id='word_1_258' title='bbox 373 2421 564 2455; x_wconf 84' lang='lat' dir='ltr'><strong>Domitiani</strong></span> <span class='ocrx_word' id='word_1_259' title='bbox 579 2420 766 2453; x_wconf 77' lang='lat' dir='ltr'><strong>Praefectus</strong></span> 
     </span>
     <span class='ocr_line' id='line_1_49' title="bbox 92 2473 768 2512; baseline -0.012 0"><span class='ocrx_word' id='word_1_260' title='bbox 92 2477 262 2512; x_wconf 85' lang='lat' dir='ltr'><strong>Praetorii.</strong></span> <span class='ocrx_word' id='word_1_261' title='bbox 282 2475 334 2509; x_wconf 86' lang='lat' dir='ltr'><strong>Ad</strong></span> <span class='ocrx_word' id='word_1_262' title='bbox 355 2475 504 2508; x_wconf 88' lang='lat' dir='ltr'><strong>Fuscum</strong></span> <span class='ocrx_word' id='word_1_263' title='bbox 521 2481 571 2506; x_wconf 82' lang='lat' dir='ltr'><strong>est</strong></span> <span class='ocrx_word' id='word_1_264' title='bbox 584 2494 593 2510; x_wconf 74' lang='lat'>‚</span> <span class='ocrx_word' id='word_1_265' title='bbox 609 2473 768 2511; x_wconf 84' lang='lat' dir='ltr'><strong>lib.VII‚</strong></span> 
     </span>
     <span class='ocr_line' id='line_1_50' title="bbox 93 2527 771 2578; baseline -0.009 -14"><span class='ocrx_word' id='word_1_266' title='bbox 93 2531 200 2578; x_wconf 84' lang='lat' dir='ltr'><strong>epigr.</strong></span> <span class='ocrx_word' id='word_1_267' title='bbox 220 2541 350 2563; x_wconf 78' lang='lat' dir='ltr'><strong>xxvnr.</strong></span> <span class='ocrx_word' id='word_1_268' title='bbox 369 2527 548 2560; x_wconf 75' lang='lat' dir='ltr'><strong>——Illartis</strong></span> <span class='ocrx_word' id='word_1_269' title='bbox 564 2527 677 2569; x_wconf 75' lang='lat' dir='ltr'><strong>togati.</strong></span> <span class='ocrx_word' id='word_1_270' title='bbox 702 2527 771 2558; x_wconf 90' lang='lat' dir='ltr'><strong>Do·</strong></span> 
     </span>
     <span class='ocr_line' id='line_1_51' title="bbox 92 2578 769 2625; baseline -0.013 -7"><span class='ocrx_word' id='word_1_271' title='bbox 92 2583 230 2618; x_wconf 84' lang='lat' dir='ltr'><strong>mitiani</strong></span> <span class='ocrx_word' id='word_1_272' title='bbox 261 2583 297 2616; x_wconf 88' lang='lat' dir='ltr'><strong>iu</strong></span> <span class='ocrx_word' id='word_1_273' title='bbox 319 2581 417 2614; x_wconf 85' lang='lat' dir='ltr'><strong>Urbe</strong></span> <span class='ocrx_word' id='word_1_274' title='bbox 444 2587 589 2625; x_wconf 73' lang='lat' dir='ltr'><strong>propter</strong></span> <span class='ocrx_word' id='word_1_275' title='bbox 620 2578 769 2622; x_wconf 84' lang='lat' dir='ltr'><strong>auspicia</strong></span> 
     </span>
     <span class='ocr_line' id='line_1_52' title="bbox 94 2631 771 2680; baseline -0.012 -10"><span class='ocrx_word' id='word_1_276' title='bbox 94 2635 295 2673; x_wconf 79' lang='lat' dir='ltr'><strong>residentis,</strong></span> <span class='ocrx_word' id='word_1_277' title='bbox 314 2643 346 2667; x_wconf 78' lang='lat' dir='ltr'><strong>et</strong></span> <span class='ocrx_word' id='word_1_278' title='bbox 366 2647 429 2680; x_wconf 84' lang='lat' dir='ltr'><strong>per</strong></span> <span class='ocrx_word' id='word_1_279' title='bbox 445 2631 553 2665; x_wconf 77' lang='lat' dir='ltr'><strong>duces</strong></span> <span class='ocrx_word' id='word_1_280' title='bbox 570 2631 699 2664; x_wconf 83' lang='lat' dir='ltr'>bellum</span> <span class='ocrx_word' id='word_1_281' title='bbox 714 2643 771 2675; x_wconf 86' lang='lat' dir='ltr'><strong>ge-</strong></span> 
     </span>
    </p>
   </div>
   <div class='ocr_carea' id='block_1_14' title="bbox 167 2710 229 2751">
    <p class='ocr_par' dir='ltr' id='par_1_17' title="bbox 167 2710 229 2751">
     <span class='ocr_line' id='line_1_53' title="bbox 167 2710 229 2751; baseline -0.032 0"><span class='ocrx_word' id='word_1_282' title='bbox 167 2710 229 2751; x_wconf 89' lang='lat' dir='ltr'><strong>II.</strong></span> 
     </span>
    </p>
   </div>
   <div class='ocr_carea' id='block_1_15' title="bbox 828 2419 1504 2667">
    <p class='ocr_par' dir='ltr' id='par_1_18' title="bbox 828 2419 1504 2667">
     <span class='ocr_line' id='line_1_54' title="bbox 828 2419 1501 2467; baseline 0.01 -16"><span class='ocrx_word' id='word_1_283' title='bbox 828 2420 955 2460; x_wconf 74' lang='lat' dir='ltr'><strong>tentis,</strong></span> <span class='ocrx_word' id='word_1_284' title='bbox 977 2420 1037 2464; x_wconf 86' lang='lat' dir='ltr'><strong>qui</strong></span> <span class='ocrx_word' id='word_1_285' title='bbox 1058 2419 1189 2454; x_wconf 83' lang='lat' dir='ltr'><strong>idcirco</strong></span> <span class='ocrx_word' id='word_1_286' title='bbox 1212 2430 1345 2467; x_wconf 80' lang='lat' dir='ltr'><strong>togatus</strong></span> <span class='ocrx_word' id='word_1_287' title='bbox 1360 2423 1501 2458; x_wconf 65' lang='lat' dir='ltr'><strong>dicitur,</strong></span> 
     </span>
     <span class='ocr_line' id='line_1_55' title="bbox 830 2473 1504 2518; baseline 0.013 -15"><span class='ocrx_word' id='word_1_288' title='bbox 830 2473 894 2504; x_wconf 84' lang='lat' dir='ltr'><strong>Vel</strong></span> <span class='ocrx_word' id='word_1_289' title='bbox 922 2473 1043 2506; x_wconf 83' lang='lat' dir='ltr'><strong>Martis</strong></span> <span class='ocrx_word' id='word_1_290' title='bbox 1078 2474 1183 2518; x_wconf 78' lang='lat' dir='ltr'><strong>togati</strong></span> <span class='ocrx_word' id='word_1_291' title='bbox 1211 2483 1326 2509; x_wconf 85' lang='lat' dir='ltr'><strong>custos</strong></span> <span class='ocrx_word' id='word_1_292' title='bbox 1355 2476 1504 2513; x_wconf 80' lang='lat' dir='ltr'><strong>dicitur.</strong></span> 
     </span>
     <span class='ocr_line' id='line_1_56' title="bbox 830 2523 1500 2570; baseline 0.01 -14"><span class='ocrx_word' id='word_1_293' title='bbox 830 2523 926 2570; x_wconf 86' lang='lat' dir='ltr'><strong>quod</strong></span> <span class='ocrx_word' id='word_1_294' title='bbox 972 2525 1191 2559; x_wconf 81' lang='lat' dir='ltr'><strong>Praetorianae</strong></span> <span class='ocrx_word' id='word_1_295' title='bbox 1227 2528 1382 2563; x_wconf 86' lang='lat' dir='ltr'><strong>cohortis</strong></span> <span class='ocrx_word' id='word_1_296' title='bbox 1418 2542 1500 2565; x_wconf 81' lang='lat' dir='ltr'><strong>esset</strong></span> 
     </span>
     <span class='ocr_line' id='line_1_57' title="bbox 833 2577 1503 2625; baseline 0.012 -16"><span class='ocrx_word' id='word_1_297' title='bbox 833 2577 1019 2611; x_wconf 68' lang='lat' dir='ltr'><strong>Praefectus</strong></span> <span class='ocrx_word' id='word_1_298' title='bbox 1032 2605 1040 2620; x_wconf 96' lang='lat'><strong><em>‚</em></strong></span> <span class='ocrx_word' id='word_1_299' title='bbox 1056 2591 1133 2624; x_wconf 84' lang='lat' dir='ltr'><strong>quae</strong></span> <span class='ocrx_word' id='word_1_300' title='bbox 1145 2592 1270 2625; x_wconf 84' lang='lat' dir='ltr'><strong>nempe</strong></span> <span class='ocrx_word' id='word_1_301' title='bbox 1289 2582 1455 2616; x_wconf 80' lang='lat' dir='ltr'><strong>Palatium</strong></span> <span class='ocrx_word' id='word_1_302' title='bbox 1471 2594 1503 2617; x_wconf 70' lang='lat' dir='ltr'><strong>et</strong></span> 
     </span>
     <span class='ocr_line' id='line_1_58' title="bbox 834 2630 1284 2667; baseline 0.011 -5"><span class='ocrx_word' id='word_1_303' title='bbox 834 2630 928 2663; x_wconf 85' lang='lat' dir='ltr'><strong>urbis</strong></span> <span class='ocrx_word' id='word_1_304' title='bbox 949 2644 1066 2665; x_wconf 85' lang='lat' dir='ltr'><strong>muros</strong></span> <span class='ocrx_word' id='word_1_305' title='bbox 1083 2632 1284 2667; x_wconf 78' lang='lat' dir='ltr'><strong>custodiret.</strong></span> 
     </span>
    </p>
   </div>
   <div class='ocr_carea' id='block_1_16' title="bbox 1240 2720 1294 2749">
    <p class='ocr_par' dir='ltr' id='par_1_19' title="bbox 1240 2720 1294 2749">
     <span class='ocr_line' id='line_1_59' title="bbox 1240 2720 1294 2749; baseline 0 0"><span class='ocrx_word' id='word_1_306' title='bbox 1240 2720 1294 2749; x_wconf 75' lang='grc'><strong>12</strong></span> 
     </span>
    </p>
   </div>
  </div>
 </body>
</html>
