1978 3305
356 246 943 290 EPIGRAMMATUM
980 246 1103 289 LIB.
1129 246 1276 290 VIII.

1424 245 1517 308 3¹7

188 331 319 388 Quod
344 332 423 376 nisi
448 341 572 393 rapta
597 332 708 376 foret
734 331 897 376 nolenti
923 349 1073 393 poena,
1100 333 1277 393 parabat

257 403 420 446 Saevior
445 404 488 446 in
517 402 652 447 lassos
676 404 738 447 ire
764 404 935 447 sinistra
960 403 1095 448 focos.

187 473 303 516 Scire
333 473 451 533 piget
480 483 579 534 post
607 472 692 518 tale
722 473 878 529 decus,
908 474 1013 534 quid
1042 472 1193 518 fecerit
1222 484 1347 526 ante3

258 543 404 600 Quam
436 543 546 599 vidi,
573 545 674 588 satis
704 554 768 587 est
792 545 905 588 hanc
931 544 1038 588 mihi
1066 561 1193 589 nosse
1219 561 1408 588 manum.

189 683 236 726 Ei
268 677 315 726 δέ
337 701 401 743 μιν
428 686 472 728 οὐ
500 690 637 733 ποινῆς
668 683 861 726 ἀέκουσαν
887 679 1091 743 ἀνεῖρξαν,
1123 685 1187 731 ἔην
1218 681 1262 726 ἂν

256 756 339 804 Τῆς
363 758 477 803 λαιῆς
504 755 541 804 ἐς
572 759 649 814 πῦρ
679 754 781 814 ὁρμὴ
808 755 1063 814 ἑτοιμοτέρη.

188 825 248 865 Οὐ
278 825 643 884 πολυπραγμονέω,
673 817 767 866 τόδε
796 819 907 883 ῥέξας
938 823 979 867 τί
1003 823 1094 883 πρὶν
1121 821 1267 885 ἔρεξεν·

257 887 465 954 Ᾱρκοῦμαι
495 895 611 954 γνοὺς
641 888 772 947 τήνδ’,
800 896 922 955 ἥνπερ
954 895 1123 947 ὄπωπα,
1146 897 1260 954 χέρα.

171 1051 204 1083 7.
236 1038 335 1083 Quod
354 1041 424 1071 nisi.
452 1038 528 1073 Nisi
551 1039 675 1073 fictum
696 1039 792 1073 hunc

115 1091 303 1125 Scaevolam
337 1091 486 1125 flammis
516 1092 605 1138 eripi
638 1093 793 1138 jussisset

116 1144 360 1185 Domitianus,
380 1153 419 1178 ut
443 1145 527 1178 olim
547 1158 673 1178 verum
700 1146 792 1179 Scae-

115 1197 233 1230 volam
255 1198 297 1231 ab
325 1198 406 1243 igne
432 1199 585 1231 amoveri
606 1198 793 1244 imperavit

115 1250 268 1283 Porsena
288 1244 373 1293 (lib.
396 1252 435 1291 1,
458 1251 566 1297 epigr.
589 1262 691 1284 xx11:
714 1268 727 1281 ει
746 1252 793 1284 Et

114 1311 254 1349 raptum
297 1303 444 1337 flammis
476 1304 576 1349 jussit
608 1304 705 1338 abire
740 1304 792 1338 vi-

114 1349 271 1399 rumn),
301 1356 477 1390 sinistram
507 1369 625 1391 sanam
660 1357 793 1402 pariter

115 1408 369 1442 combussisset.

171 1463 204 1495 8.
223 1461 346 1495 Saevior
362 1464 395 1495 in
416 1463 505 1495 laxos
527 1463 563 1496 in
585 1462 665 1496 Ald.
691 1464 789 1496 Junt.

115 1514 230 1548 Colin.
247 1515 384 1562 Gryph.
396 1515 508 1549 Plant.
521 1516 667 1549 Junian.
683 1517 792 1561 Lang.

117 1576 150 1600 et
183 1568 311 1613 Delph.
340 1568 462 1602 Soevior
489 1571 522 1601 in
555 1570 652 1602 lassos
684 1568 795 1602 codex

116 1620 305 1654 Pulmanni
328 1628 362 1654 et
382 1621 590 1655 Beverlandi
613 1621 690 1655 MS.
712 1623 795 1655 Haec

115 1673 222 1706 verba
241 1686 331 1720 saepe
352 1682 600 1719 permutantur
625 1675 662 1708 in
683 1686 794 1708 mem-

850 1039 988 1081 branis,
1002 1048 1042 1073 ut
1069 1049 1104 1073 ct
1124 1040 1242 1075 omnia
1270 1041 1305 1073 iu
1328 1041 1456 1086 quibus
1475 1044 1527 1075 vel

851 1106 873 1124 x
893 1093 947 1126 vel
964 1091 1035 1125 duo
1054 1106 1081 1125 s.
1094 1094 1192 1126 —In
1212 1094 1309 1126 lassos
1320 1096 1431 1137 socos,
1461 1095 1529 1128 hoc

852 1154 921 1186 est,
938 1146 974 1178 in
997 1145 1152 1179 flammas
1173 1147 1296 1188 victas,
1313 1155 1346 1180 et
1369 1147 1530 1181 cedentes

853 1207 956 1233 tantae
974 1199 1110 1233 virtuti.

907 1265 940 1296 9.
958 1253 1039 1285 Post
1055 1253 1116 1285 tale
1133 1252 1238 1286 decus.
1254 1253 1338 1286 Post
1351 1261 1421 1286 tam
1437 1265 1531 1298 egre-

851 1304 947 1348 gium
968 1305 1124 1339 facinus:
1142 1306 1272 1339 etenim
1297 1306 1324 1338 si
1347 1307 1392 1339 ob
1419 1307 1530 1340 scelus

852 1356 1035 1391 damnatus
1054 1371 1200 1391 manum
1218 1371 1315 1392 suam
1332 1360 1532 1393 combusse-

850 1410 898 1443 rit
912 1437 922 1452 ‚
950 1424 1124 1445 summam
1154 1411 1293 1446 laudem
1322 1420 1530 1446 consecutus

852 1471 903 1497 est
919 1475 926 1497 :
945 1473 979 1498 at
997 1477 1094 1506 vero,
1113 1465 1140 1498 si
1152 1465 1264 1499 libens
1275 1464 1447 1510 ejusmodi
1462 1466 1530 1498 vir-

854 1517 936 1550 tutis
963 1530 1033 1551 suae
1055 1518 1233 1563 specimen
1254 1545 1262 1555 ,
1287 1527 1533 1564 prospectante

854 1570 1076 1613 Domitiano,
1086 1570 1239 1604 ediderit
1247 1597 1255 1612 ,
1265 1571 1348 1604 licet
1359 1572 1534 1617 colligere,

855 1622 957 1655 illum
970 1631 1071 1656 antea
1085 1624 1221 1669 egregia
1238 1636 1381 1670 quoque
1398 1624 1532 1669 praesti-

855 1675 935 1708 tisse
957 1675 1122 1709 facinora.

709 1822 938 1909 xxxi

617 1978 671 2006 ΙΝ
710 1977 1030 2008 ΒΕΝΤΟΝΕΜ.

186 2103 361 2148 Nescio
387 2103 489 2164 quid
514 2103 568 2148 de
593 2113 634 2147 te
660 2120 749 2147 non
775 2103 909 2159 belle,
938 2106 1084 2148 Dento
1100 2140 1111 2161 ,
1140 2105 1310 2158 fateris,

256 2174 454 2235 Conjuge
484 2174 559 2235 qui
588 2173 719 2218 ducta
744 2175 844 2236 jura
873 2185 1053 2236 paterna
1083 2178 1206 2236 petis.

187 2244 272 2288 Sed
299 2245 389 2304 jam
416 2244 684 2306 supplicibus
712 2245 938 2289 dominum
972 2245 1131 2290 lassare
1158 2246 1310 2291 libellis

257 2317 445 2370 Desine,
472 2325 515 2359 et
542 2317 586 2359 in
616 2317 803 2377 patriam
832 2333 953 2360 serus
984 2317 1039 2360 ab
1070 2317 1192 2360 Urbe
1224 2316 1315 2361 redi
1343 2335 1350 2359 :

173 2473 205 2494 1.
227 2460 344 2494 Nescio
368 2460 447 2507 quid
467 2460 506 2493 de
534 2468 573 2494 te.
596 2461 646 2494 Te
669 2473 794 2506 nempe

114 2525 240 2558 parum
258 2525 331 2547 esse
349 2513 486 2555 virum,
506 2514 560 2547 vel
579 2512 744 2547 delectari
761 2522 795 2547 te

117 2619 226 2652 trium
242 2619 434 2654 liberorum
451 2620 583 2665 egimus
597 2619 641 2653 ad
658 2620 718 2653 lib.
733 2620 767 2653 II
784 2646 793 2661 ,

117 2685 226 2717 epigr.
246 2684 302 2707 xc1
323 2681 357 2707 et
375 2685 459 2707 xcn.

912 2465 944 2501 4.
969 2463 1018 2494 Et
1042 2463 1074 2493 in
1099 2464 1252 2506 patriam.
1277 2463 1401 2505 Poeta,
1428 2474 1465 2498 ut
1493 2478 1533 2499 ex

855 2514 956 2547 Urbe
987 2515 1160 2548 maturius
1179 2515 1215 2548 in
1239 2517 1388 2561 patriam
1414 2518 1535 2553 redeat

855 2562 943 2609 (nec
961 2567 1056 2600 enim
1079 2577 1152 2602 erat
1171 2564 1372 2613 Romanus)
1394 2580 1531 2613 monet;

853 2632 918 2654 nec.
940 2619 1219 2666 desperationem
1238 2635 1279 2656 ex
1297 2636 1338 2656 eo
1360 2625 1533 2671 concipiat

853 2673 950 2718 quod
983 2686 1052 2707 non
1077 2675 1313 2721 impetraverit
1342 2678 1392 2720 jus
1425 2678 1530 2712 trium
