1978 3305
397 210 989 254 EPIGRAMMATUM
1026 212 1150 254 LIB.
1189 213 1336 255 VIII.

1473 212 1570 276 339

787 363 948 418 LIV.

460 519 528 548 AD
567 516 828 548 cAESARi-:M
865 518 1242 548 DOMITIANUM.
1258 499 1278 516 ⁴²

230 642 411 687 MAGNA
433 640 532 686 licet
554 642 681 685 toties
703 641 891 697 tribuas,
913 641 1081 701 majora
1100 641 1281 686 daturus

299 714 450 768 Dona,
474 711 636 755 ducum
659 712 822 767 victor,
841 712 983 755 victor
1005 721 1049 755 et
1071 713 1163 773 ipse
1187 713 1273 769 tui;

228 781 431 842 Diligeris
459 781 624 842 populo
654 799 744 825 non
772 791 954 842 propter
976 783 1181 842 praemia,
1203 784 1376 826 Caesar:

298 854 485 913 Propter
506 861 548 896 te
569 851 759 913 populus
780 853 983 913 praemia,
1005 853 1170 908 Caesar,
1196 863 1325 897 amat.

209 983 224 998 '
238 987 374 1022 Laudat
391 988 610 1034 congiarium
624 987 837 1030 Domitiani,

157 1050 276 1087 arg-ute
291 1045 389 1081 satis;
408 1054 519 1087 quum
534 1042 629 1075 enim
642 1042 837 1087 Imperato-

156 1107 211 1128 res
226 1094 413 1140 largiendis
432 1094 534 1128 donis
550 1093 751 1128 studuerint
769 1094 837 1128 sibi

156 1148 330 1193 populum
365 1148 551 1181 conciliare
568 1173 577 1189 ,
607 1148 654 1181 ait
691 1160 837 1182 munera

156 1201 264 1234 amari
292 1209 444 1246 propter
472 1201 713 1234 Domitianum
725 1227 734 1242 ,
761 1214 834 1234 non

156 1254 396 1287 Domitianum
423 1262 571 1299 propter
595 1266 751 1287 munera.
783 1255 835 1288 De

155 1306 341 1352 congiariis
356 1307 510 1339 romanis
527 1307 569 1339 ab
585 1308 684 1340 Anco
700 1307 834 1340 Marcio

154 1371 236 1404 rege
249 1358 293 1392 ad
309 1359 554 1393 Constantium
571 1360 834 1405 imperatorem,

154 1411 228 1446 vid.
245 1412 357 1446 Tacit.
371 1421 462 1446 nost.
481 1411 655 1446 edit.Vol.
672 1413 738 1455 IV,
754 1426 832 1459 pag.

159 1467 248 1506 260,
271 1473 304 1498 et
324 1477 419 1511 seqq.
436 1466 503 1498 En.

213 1530 227 1551 1
236 1543 244 1551 .
262 1518 379 1551 Toties.
390 1517 540 1552 Perditae
547 1518 642 1551 enim
651 1519 734 1552 huic
745 1519 836 1552 mul-

155 1569 299 1604 titudini
319 1583 395 1617 quae
411 1571 500 1605 nihil
519 1584 537 1605 a
552 1572 756 1618 regentibus
777 1584 835 1605 ex-

894 988 1037 1034 petebat
1059 996 1187 1033 praeter
1212 1001 1327 1034 panem
1351 997 1382 1022 et
1413 989 1573 1024 Circenses

895 1041 1115 1086 congiarium
1131 1049 1186 1075 ter
1198 1040 1343 1075 dederat
1355 1043 1574 1077 Domitianus

896 1092 1160 1133 (Vid.Sueton.
1182 1095 1219 1127 in
1238 1093 1465 1137 Domit.);et
1483 1109 1572 1142 saepe

896 1148 1110 1193 spectacula,
1135 1148 1277 1194 epulas,
1298 1161 1458 1183 munera.
1479 1149 1546 1182 En.

953 1214 984 1234 2.
1012 1201 1122 1233 Victor
1149 1209 1191 1234 et.
1217 1201 1357 1247 Duplex
1385 1203 1572 1247 ἦμιστιχίευ

895 1253 998 1299 hujus
1011 1266 1149 1287 sensus:
1168 1247 1203 1286 1⁰
1214 1255 1275 1299 qui
1294 1254 1384 1288 nihil
1400 1255 1470 1300 agis
1486 1268 1574 1301 prae-

895 1315 948 1340 ter
957 1315 1128 1340 renonem
1138 1333 1146 1348 ‚
1158 1319 1236 1352 quae
1246 1307 1394 1341 victoria
1407 1309 1572 1341 omnium

895 1358 1103 1392 difficillima
1117 1359 1272 1402 videtur3
1290 1354 1326 1393 2⁰
1342 1361 1400 1406 qui
1412 1369 1445 1394 te
1456 1361 1572 1406 ipsum

893 1413 930 1445 in
958 1411 1030 1446 dies
1059 1412 1188 1446 virtute
1211 1421 1245 1445 et
1272 1413 1488 1459 benignitate
1515 1427 1573 1448 su-

895 1478 1007 1511 peras.
1025 1466 1069 1498 Et
1088 1466 1186 1499 hunc
1204 1478 1267 1511 ego
1292 1467 1518 1512 praetulerim.

950 1519 984 1552 3.
1003 1519 1077 1552 Non
1089 1526 1221 1564 propter
1235 1532 1361 1552 munera
1380 1519 1556 1554 nonnulli.

949 1576 980 1612 4.
1004 1573 1140 1617 Propter
1160 1580 1188 1603 te
1206 1573 1340 1617 populos
1364 1572 1569 1607 Beverland.

796 1706 923 1763 LV.

473 1856 545 1885 AD
584 1856 863 1894 EUMDEM,
902 1856 970 1885 DE
1007 1836 1242 1886 LEONE.*

225 1981 442 2025 AUDITUR
468 1989 681 2040 quantum
703 1979 893 2041 Massyla
920 1996 999 2040 per
1025 1979 1120 2023 avia
1140 1996 1363 2033 murmur,

295 2052 534 2094 Innumero
555 2052 724 2112 quoties
745 2050 870 2111 sylva
890 2049 1014 2094 leone
1037 2050 1165 2105 furit,

226 2120 416 2165 Pallidus
445 2122 653 2165 attonitos
679 2121 734 2165 ad
754 2123 888 2165 Poena
908 2120 1096 2182 mapalia
1116 2130 1264 2181 pastor

226 2258 454 2299 Μασσύλων
482 2259 520 2299 ἐν
549 2258 701 2317 ὄρεσσιν
731 2259 821 2300 ὅσον
858 2258 1046 2317 βρύχημα
1074 2260 1244 2316 ’γεγωνεῖ

297 2329 451 2387 Δρυμὸς
476 2327 676 2387 νηρίθμοις
698 2325 785 2370 εὖτε
803 2328 937 2370 λέουσι
959 2328 1116 2386 βρέμει,

225 2397 409 2457 Ωχριόων
439 2399 585 2457 ποιμὴν
614 2399 711 2440 ὅταν
736 2399 773 2447 ἐς
798 2394 977 2446 καλύὲας
1004 2397 1187 2456 sweep-sq

209 2527 223 2539 ¹
246 2528 474 2563 Numidicum
498 2536 532 2562 et
556 2528 743 2560 immanem
763 2528 835 2560 leo-

952 2539 983 2560 1.
1007 2526 1161 2571 Massyla.
1180 2526 1299 2571 Libyae
1318 2539 1396 2571 pars
1416 2536 1466 2561 est
1480 2528 1572 2563 Mas-

156 2595 237 2616 nem
252 2595 270 2616 a
284 2582 417 2616 Caesare
434 2581 470 2614 in
486 2593 627 2616 arenam
643 2581 786 2615 missum
803 2590 837 2615 et
896 2579 999 2625 sylia,
1020 2580 1054 2611 in
1077 2591 1146 2624 qua
1167 2587 1249 2612 sunt
1267 2579 1368 2612 multi
1387 2580 1516 2614 leones.

159 2636 314 2670 occisum
331 2633 462 2669 laudat.

953 2632 986 2665 3.
1015 2632 1074 2665 Ad
1093 2632 1190 2676 plena
1210 2633 1348 2677 mapalia
1364 2633 1399 2665 in
1429 2634 1573 2679 quibus-

1273 2702 1360 2746 22²
