1978 3305
348 213 930 256 EPlGRAMMATUM
969 212 1092 254 LIB.
1133 212 1221 253 Xl.
1385 208 1483 254 (5515

665 361 903 418 XCIII.

553 518 617 545 DE
656 497 1023 546 T11EODOR0.*

150 643 339 686 Pmmos
367 642 476 684 vatis
506 640 724 683 Theodori
755 640 930 684 flamma
960 642 1139 684 Penates

220 710 408 755 Abstulit
433 728 440 753 :
463 711 548 754 hoc
579 711 717 754 Musis
735 746 747 765 ,
777 711 861 754 hoc
883 710 992 764 tibi,
1022 710 1211 764 Phoebe,
1237 709 1409 770 placet?

151 782 192 824 O
219 780 384 836 scelus,
414 797 440 824 o
471 796 679 841 magnum
709 780 898 834 facinus,
929 780 1180 840 crimenque
1210 781 1436 831 Deorum,

219 853 317 894 Non
347 852 452 894 arsit
482 851 644 911 pariter
673 850 790 911 quod
819 850 974 894 domus
993 886 1004 905 ,
1033 860 1075 893 et
1102 847 1324 893 dominus!

132 983 147 997 ³
166 989 205 1021 In
229 989 425 1021 Theodorum
444 987 499 1022 ed.
520 989 619 1022 Barb.

815 1002 895 1021 nem
930 989 1088 1034 queritur
1120 997 1238 1022 noster
1266 997 1367 1033 poeta
1396 987 1492 1033 quod

137 1053 169 1074 1.
186 1041 294 1080 Vatis,
314 1050 379 1074 etc.
397 1042 512 1074 Poetae
531 1041 676 1078 scilicet,
696 1040 755 1074 sed
815 1054 888 1074 non
905 1050 939 1075 et
954 1041 1030 1086 ipse
1046 1040 1212 1074 dominus
1229 1053 1298 1074 una
1316 1053 1396 1074 cum
1410 1039 1493 1073 aedi-

82 1093 173 1127 mali.
197 1094 264 1127 Cui
289 1092 377 1126 dum
402 1092 608 1127 incendium
630 1092 756 1126 domus
816 1095 882 1127 hus
906 1094 1063 1139 perierit.

81 1144 269 1180 condolere
284 1145 441 1186 videtur,
455 1158 519 1191 per
535 1146 756 1191 imprecatio-

872 1160 902 1179 α.
925 1148 972 1179 Et
994 1147 1050 1179 tibi
1071 1146 1176 1179 habet
1198 1145 1309 1180 codex
1333 1145 1465 1179 Beverl.

675 1293 902 1351 XCIV.

446 1450 503 1478 IN
542 1448 779 1477 VERPUM
818 1427 1118 1477 AEMULUM.*

152 1576 294 1630 QUOD
321 1574 501 1617 nimium
533 1572 660 1627 lives,
690 1573 849 1616 nostris
875 1582 917 1615 et
943 1571 1102 1632 ubique
1133 1570 1286 1615 libellis

224 1644 457 1697 Detrahis‚
489 1643 668 1704 ignosco
690 1660 697 1685 :
723 1659 855 1703 verpe
887 1652 1041 1702 poeta,
1073 1643 1202 1702 sapis.

155 1716 250 1758 Hoc
266 1730 439 1774 quoque
456 1730 542 1757 non
559 1730 687 1767 curo,
703 1713 841 1773 quod,
853 1729 988 1773 quum
1004 1728 1099 1755 mea
1114 1714 1305 1756 carmina
1324 1729 1496 1773 carpas,

225 1783 451 1845 Compilw'
472 1800 479 1807 ·
502 1793 545 1827 et
571 1785 652 1833 sic„
680 1799 811 1843 verpe
834 1793 986 1843 poeta,
1010 1783 1139 1843 sapis.

155 1853 267 1898 lllud
290 1871 360 1898 me
382 1855 570 1909 cruciat,
592 1853 776 1914 Solymis
798 1853 914 1913 quod
939 1863 1065 1897 natus
1088 1854 1132 1896 in
1158 1854 1281 1913 ipsis,

138 1988 151 2002 ¹
169 1994 207 2027 [ιι
224 2007 258 2027 ¹1¹.
275 2002 402 2038 poetam
424 1992 478 2025 ed.
501 1993 600 2026 Barb.

145 2059 173 2079 1.
197 2047 298 2078 Lives.
318 2045 470 2079 Invides.

141 2113 172 2132 2.
198 2100 360 2132 Detralzis.
391 2099 530 2132 Famam
560 2105 595 2131 et
624 2097 759 2131 laudem

87 2151 242 2184 deminui
254 2152 441 2197 cupis.—-l
450 2153 525 2196 'er-pe
534 2159 628 2196 poeta
643 2178 651 2190 ,
667 2153 760 2195 sapis.

83 2203 221 2243 Judaee,
241 2204 399 2237 recutite.
418 2205 577 2248 Verpus,
595 2201 762 2248 λειπόὸερ-

89 2271 168 2301 μῦς,
186 2257 221 2290 in
244 2256 357 2290 Gloss.
382 2256 450 2289 vid.
471 2257 631 2296 lib.VIl,
654 2256 760 2301 epigr.

89 2321 234 2350 Lxxxn‚
257 2312 300 2350 6,
326 2319 359 2343 et
384 2322 460 2355 quae
490 2308 693 2341 monuimus
721 2307 763 2340 ad

87 2363 291 2394 Juvenalem
303 2388 311 2403 ‚
331 2370 393 2395 sat.
414 2363 512 2401 XIV,
526 2374 576 2394 VS.
601 2360 679 2394 105.
694 2361 759 2393 En.

142 2415 174 2446 3.
201 2415 298 2458 Quod
318 2422 348 2447 tu
376 2428 441 2447 mea
470 2418 608 2447 carmina
636 2427 759 2458 carpas,

90 2467 250 2511 Compilas
266 2467 449 2501 Gruterus.
465 2467 541 2500 Hoc
554 2466 710 2499 restituit
724 2478 763 2498 cx

93 2520 207 2552 tribus
229 2519 332 2552 codd.
354 2520 474 2553 Priora
495 2520 543 2552 sic
566 2519 612 2551 ait
633 2528 764 2552 exstare

91 2572 124 2604 in
147 2572 216 2604 Pal.
237 2572 394 2618 optimo:
411 2573 496 2618 quod
513 2585 604 2617 quum
624 2574 762 2604 carmina

89 2637 219 2668 carpas:
234 2637 333 2658 versu
352 2624 460 2658 debili
475 2652 483 2666 ‚
499 2637 602 2670 quem
622 2624 763 2667 conjicit

820 1993 977 2038 suppleri
1002 2004 1009 2024 :
1035 1993 1120 2037 quod
1144 2005 1235 2038 quum
1265 2006 1330 2024 meu
1357 1995 1496 2024 carmin-n

820 2058 942 2089 carpas.
963 2046 1012 2077 Ita
1035 2054 1151 2077 autem
1165 2071 1173 2085 ‚
1193 2053 1231 2078 ut
1251 2044 1310 2077 ille
1329 2045 1477 2089 conjecit
1490 2072 1498 2083 ,

822 2097 968 2130 omnino
999 2097 1145 2142 legimus
1173 2098 1208 2130 in
1238 2097 1312 2131 MS.
1340 2098 1494 2131 Pirchei-

822 2151 906 2183 meri
919 2162 926 2183 z
937 2151 1031 2195 quod,
1044 2163 1136 2195 quum
1146 2163 1213 2182 mea
1223 2154 1362 2183 carmina
1373 2164 1494 2195 carpas,

826 2203 1007 2247 Compilus,
1041 2201 1075 2235 id
1106 2212 1177 2243 est,
1202 2203 1323 2244 Quum
1356 2203 1496 2248 publice

823 2256 879 2288 illa
901 2255 1157 2300 reprehendas,
1178 2256 1375 2289 clanculum
1401 2268 1497 2289 com-

824 2309 910 2352 pilas
921 2332 930 2346 ,
948 2316 981 2340 et
995 2308 1146 2353 integros
1159 2321 1200 2341 ex
1216 2308 1282 2342 illis
1296 2321 1416 2342 versus
1431 2309 1497 2341 suf-

823 2361 961 2394 furaris.

881 2418 912 2453 lg.
934 2413 1094 2458 Corriplas
1112 2412 1192 2446 edd.
1216 2422 1299 2447 vett.
1319 2423 1352 2446 et
1370 2414 1494 2459 Delph.

823 2475 854 2500 et
879 2466 1028 2499 Farnab.

888 2519 920 2552 5.
952 2519 1109 2565 SolJmis,
1149 2527 1215 2552 etc.
1246 2519 1342 2551 Urbe
1369 2518 1498 2552 Jndaeae

823 2572 1068 2613 celeberrima,
1097 2584 1173 2616 qua:
1202 2580 1236 2604 et
1258 2572 1497 2616 Hierosolyma

823 2625 1000 2657 nominata
1014 2651 1023 2665 ‚
1047 2632 1078 2657 et
1098 2625 1210 2658 Salem
1227 2651 1235 2665 ,
1257 2633 1288 2658 et
1308 2625 1425 2657 Jebus,
