1978 3305
353 224 942 270 EPIGRAMMATUM
981 223 1222 266 LIB.VI.
1402 218 1487 281 157

712 373 872 428 LIV.

544 530 611 558 DE
651 506 1039 557 SExT1L1AN0.*

159 661 373 713 TANTos,
395 667 438 702 et
457 667 599 702 tantas
621 658 654 701 si
675 656 818 701 dicere
840 654 1121 699 Sextilianum
1137 690 1149 709 ,

231 728 362 782 Aule,
381 738 526 782 vetes;
546 728 701 788 junge-t
724 727 796 770 vix
821 726 901 769 tria
931 725 1061 769 verba
1084 725 1224 768 miser.

160 799 279 857 Quid
311 799 390 843 sibi
418 797 538 842 vult?
566 798 706 858 inquis
729 814 737 841 τ
764 796 906 841 dicam
922 831 933 851 ,
953 794 1057 856 quid
1083 796 1277 856 suspicer
1301 811 1416 851 esse,

226 872 414 925 Tantos,
436 879 480 913 et
500 878 644 913 tantas
669 866 929 912 Sextilianus
953 875 1082 910 amat.

139 998 154 1012 ³
190 1002 314 1048 Neque
347 1002 382 1035 in
418 1002 486 1035 hoc
515 1001 761 1048 epigrammate

87 1054 280 1101 quidquam
304 1056 439 1089 variant
465 1054 569 1089 codd.
594 1062 654 1088 aut
678 1054 761 1088 libri

87 1108 254 1154 impressi.

875 1004 909 1040 4.
935 1001 1065 1033 Tantos.
1088 997 1312 1044 Praegrandes
1333 997 1493 1032 draucos.

820 1054 1019 1092 —Tantas;
1031 1052 1163 1086 scilicet
1175 1065 1297 1085 eorum
1314 1053 1494 1085 mentulas.

821 1108 873 1139 De
889 1106 951 1139 illo
970 1106 1031 1139 lib.
1051 1106 1085 1147 I,
1108 1105 1216 1151 epigr.
1237 1117 1310 1146 ΧΠ,
1331 1113 1365 1138 et
1384 1117 1491 1138 xxvn.

726 1243 853 1299 LV.

546 1399 604 1428 IN
649 1376 1041 1428 cornemium*

299 1527 442 1582 QUOD
469 1541 640 1586 semper
662 1524 861 1584 casiaque
876 1558 887 1579 ,
908 1523 1222 1584 cinnamoque,

298 1598 354 1640 Et
379 1595 480 1639 nido
503 1596 627 1656 niger
653 1594 762 1638 alitis
789 1594 986 1655 superbae

300 1669 483 1727 Fragras
513 1665 719 1727 plumbea
746 1665 1052 1719 Nicerotiana,

143 1804 158 1817 *
176 1806 217 1838 In
237 1805 389 1838 olentem
409 1812 443 1838 et
458 1804 623 1838 infamem
636 1830 645 1845 ‚
664 1812 698 1837 et
712 1803 763 1836 ni-

89 1858 168 1892 miis
177 1858 366 1892 notabilem
378 1857 511 1891 deliciis
527 1866 577 1891 est
590 1857 761 1903 epigram-

89 1925 156 1946 ma.
168 1911 391 1957 Quicumque
410 1911 503 1944 enim
518 1911 656 1944 hircum
675 1911 762 1952 olet,

90 1965 194 1999 variis
211 1965 396 2011 pig-mentis
414 1964 601 2010 compescit
616 1964 670 1997 vel
685 1976 762 2009 gra-

89 2031 168 2051 vem
190 2019 359 2059 animam,
375 2017 430 2051 vel
450 2016 607 2063 corporis
621 2017 763 2058 vitium3

89 2071 216 2117 quibus
245 2070 414 2104 odoribus
444 2069 539 2103 haud
566 2078 643 2116 eget
673 2070 763 2103 nihil

91 2125 190 2158 olens
207 2132 242 2157 et
262 2136 384 2170 purus.
408 2123 526 2157 Rader.

149 2191 180 2211 1.
209 2177 365 2224 Casiaque
374 2202 383 2217 ‚
412 2179 626 2223 cinnamoque.
653 2175 763 2221 Syne-

99 2229 298 2276 cdoch.pro
330 2230 456 2275 quovis
478 2236 657 2263 aromate:
684 2237 765 2262 sunt

92 2283 235 2316 frutices
251 2282 369 2316 odoris
384 2282 576 2316 suavissimi
591 2295 601 2324 ;
618 2281 661 2315 cle
675 2282 764 2315 casia

92 2335 172 2369 vide
192 2336 300 2369 Persii
320 2335 387 2369 Sat.
411 2348 468 2377 vr,
486 2348 537 2369 vs.
560 2335 620 2369 36.
636 2335 703 2368 En.

148 2389 275 2422 2.Nid0
295 2390 397 2433 niger,
422 2396 486 2422 etc.
503 2389 639 2421 Unctus
661 2388 764 2421 thure

91 2441 187 2488 quod
207 2454 304 2487 aeque
325 2453 363 2474 ac
379 2441 642 2475 cinnamomum
658 2448 692 2474 et
707 2453 764 2474 ca-

91 2495 174 2528 siam
185 2495 221 2528 in
233 2494 358 2528 nidum
372 2494 528 2539 congerit
542 2494 699 2531 Phoenix,
712 2502 764 2527 at-

92 2560 160 2593 que
174 2547 254 2581 inde
264 2547 563 2581 discutitur.Plin.
573 2547 597 2580 l.
614 2547 646 2579 X
657 2572 666 2587 ‚
679 2559 709 2580 c.
725 2559 741 2579 2
753 2572 763 2588 ‚

93 2610 127 2634 et
144 2601 168 2634 l.
185 2602 271 2641 XII,
294 2613 324 2635 c.
350 2613 414 2645 19,
434 2600 559 2641 refert,
583 2608 763 2645 negatque.

93 2654 190 2687 Thus
207 2667 290 2699 ergo
304 2653 482 2699 intelligit,
495 2652 591 2698 quod
604 2654 765 2686 cinnamo

821 1802 1024 1848 adjunctum
1034 1801 1190 1836 delicatis
1199 1802 1422 1848 fragrantiam
1434 1807 1497 1839 mi-

820 1856 991 1889 nistravit.
1005 1855 1170 1889 Sidonius
1180 1856 1241 1890 lib.
1252 1857 1306 1898 ΙΙ,
1320 1859 1418 1904 epist.
1435 1873 1448 1893 1
1460 1860 1493 1893 3.

826 1926 840 1939 «ι
859 1909 951 1942 Hinc
978 1909 1095 1942 suffita
1128 1910 1291 1943 cinnamo
1317 1924 1356 1945 ac
1391 1913 1494 1946 thure

820 1962 970 1996 coenatio
991 1971 1169 2008 spargeret
1185 1965 1387 2008 peregrinos
1403 1966 1497 1999 nari-

821 2016 886 2048 bus
901 2014 1038 2049 odores.
1047 2016 1222 2049 n—Alitis
1234 2018 1384 2062 supet-bre.
1397 2019 1497 2052 Phoe-

821 2068 908 2102 nieis
919 2095 928 2110 ,
950 2069 1012 2103 lib.
1023 2070 1070 2108 V,
1085 2069 1195 2115 epigr.
1215 2082 1286 2111 vu,
1300 2083 1350 2104 vs.
1373 2083 1404 2104 1.

877 2122 912 2156 3.
944 2122 978 2155 F
977 2123 1084 2167 [agras
1112 2123 1263 2155 Plumbea
1288 2123 1495 2157 Nicerotiana

821 2175 904 2220 legit
919 2174 1117 2209 Salmasius.
1130 2176 1274 2220 Fragras
1281 2177 1427 2221 plumbea
1438 2178 1496 2211 Ni-

822 2230 990 2261 neroniana
1011 2228 1141 2262 habent
1157 2228 1236 2262 Ald.
1260 2230 1359 2263 Junt.
1378 2231 1494 2265 Colin.

823 2281 961 2328 Gryph.
981 2282 1088 2326 Lang.
1106 2290 1170 2315 etc.
1191 2282 1352 2315 Nostram
1374 2284 1495 2317 lectio-

822 2347 902 2368 nem
931 2334 1073 2368 exhibet
1098 2333 1207 2368 codex
1230 2335 1438 2378 Pulmanni;
1462 2346 1495 2371 et

823 2387 871 2421 sic
894 2387 996 2420 etiam
1017 2387 1100 2432 legit
1117 2387 1275 2422 Turneb.
1297 2389 1356 2422 lib.
1379 2390 1496 2431 XXV,

824 2452 897 2485 cap.
918 2453 934 2472 2
943 2453 976 2484 7.
985 2459 1037 2466 —
1046 2441 1189 2485 Fragras
1200 2453 1335 2487 semper
1346 2443 1495 2476 Plumbea

824 2494 1042 2527 Nicerotiana.
1075 2492 1224 2528 Redoles
1266 2505 1446 2540 unguenta
1480 2509 1497 2529 a

824 2546 988 2579 Nicerote
1007 2542 1081 2585 (lib.
1096 2547 1128 2579 X
1140 2573 1148 2585 ,
1165 2547 1275 2593 epigr.
1296 2562 1449 2591 xxxvm,
1464 2558 1497 2583 et

824 2599 883 2632 lib.
913 2599 998 2639 XII,
1015 2598 1124 2644 epigr.
1145 2598 1234 2640 va)
1261 2603 1496 2648 aromatopola

826 2652 981 2686 confecta
993 2678 1002 2693 ‚
1019 2660 1052 2685 et
1065 2652 1101 2685 in
1115 2653 1202 2687 vasis
1215 2653 1388 2699 plumbeis
1400 2664 1497 2689 cocta
