1978 3305
468 210 559 270 176

834 210 896 252 M.
920 210 1061 252 VAL.
1101 211 1496 255 MARTIALIS

670 295 852 341 Calvam
875 295 1048 339 trifilem
1072 298 1322 342 semitactus
1344 308 1592 359 unguento,

671 366 883 426 Foditque.
905 367 1040 409 tonsis
1063 383 1141 410 ora
1162 367 1260 411 laxa
1280 367 1491 424 lentisci53

672 436 907 491 Mentitur,
937 435 1153 481 Esculane
1181 456 1188 481 ι
1213 455 1302 482 non
1326 438 1458 482 habet
1482 438 1646 482 dentes.

465 581 515 607 est
527 571 915 606 Plutarchus.Turneb.
928 572 988 606 lib.
997 573 1096 615 XIV,
1107 587 1137 608 c.

469 638 529 670 27.
548 625 588 657 In
607 624 749 669 siugulis
769 624 867 658 lectis
888 633 956 659 tres
972 626 1138 660 convivae.

521 691 554 711 2.
573 676 705 710 Calvam
725 678 900 723 Triplzilem
917 678 953 711 iu
969 677 1140 713 edd.vett.

471 731 602 764 Calvam
623 730 751 763 trisilem
770 730 807 764 in
825 730 905 764 cod.
925 731 1116 766 Pulmanni
1135 758 1145 776 ,

469 783 531 829 qui
564 784 656 826 conj.
686 783 837 828 tripilem,
862 796 881 817 a
912 784 1024 818 tribus
1051 785 1145 831 pilis.

472 834 587 870 Codd.
618 836 772 870 Floreat.
803 844 838 869 et
867 837 948 870 Vat.
986 841 1147 871 semitatus

470 896 628 933 unguento
642 901 654 922 .·
672 897 706 922 et
723 889 771 922 sic
782 888 970 934 legendum
988 891 1150 924 censebat

470 942 669 975 Turnebus.
685 940 763 974 Ald.
775 943 795 975 J
799 951 874 976 unt.
889 943 1147 988 Colin.Gryph.

473 1003 539 1028 etc.
562 1003 771 1039 segmentatus
789 1003 957 1040 unguenta.
978 996 1151 1029 Gruterus

475 1060 558 1081 vero
580 1046 666 1081 dicit
684 1047 751 1093 legi
783 1048 820 1081 in
852 1047 974 1082 codice
995 1049 1152 1082 Palatino

479 1100 610 1133 Calvam
632 1101 783 1140 similem‚·
811 1100 906 1134 unde
925 1101 1036 1135 Janus
1063 1103 1153 1135 Rut-

477 1154 610 1199 gersius
637 1152 823 1198 legendum
853 1162 953 1200 putat
982 1167 990 1186 :
1024 1155 1155 1188 Calvam

479 1207 591 1240 Sileni.
601 1227 652 1233 —-
669 1205 807 1250 Trifilem
820 1209 998 1240 semitactus
1014 1220 1155 1252 unguen-

482 1269 524 1293 το.
541 1259 652 1293 Sulcis
669 1268 848 1304 unguento
867 1258 982 1293 ductis
1000 1269 1034 1294 et
1051 1261 1156 1306 pictis

482 1313 518 1345 in
540 1313 637 1346 calva
654 1312 765 1357 tripili
787 1325 848 1346 seu
875 1313 993 1355 trifili,
1013 1321 1081 1347 tres
1110 1326 1156 1347 sc.

482 1366 537 1399 vel
560 1377 687 1411 paucos
717 1364 907 1399 admodum
932 1366 1076 1399 habenti
1103 1379 1158 1400 ca-

484 1418 793 1464 pillos.Semitactus
805 1426 921 1452 autem
931 1445 940 1461 ‚
949 1419 1138 1465 ἡμίχριστος
1150 1444 1160 1459 ,

487 1481 614 1516 tanget-e
648 1471 783 1517 quippe
818 1472 886 1504 oleo
903 1498 912 1514 ‚
946 1480 999 1505 est
1034 1485 1160 1517 ungere.

486 1525 561 1558 Jos.
589 1524 676 1557 Scal.
705 1533 739 1557 et
764 1524 873 1558 Scriv.
894 1524 973 1558 vide
995 1533 1030 1558 et
1051 1525 1161 1571 epigr.

490 1589 588 1618 Lv11,
615 1589 731 1623 supra.
760 1578 948 1612 Turnebus
977 1577 1164 1624 legendum

489 1638 605 1664 censet
620 1643 686 1675 pro
698 1633 875 1664 semitactus
884 1658 893 1671 ‚
910 1634 1068 1664 semitatus
1080 1645 1092 1671 ,-
1105 1632 1165 1664 ille

490 1684 585 1717 enim
607 1692 785 1729 unguento
808 1696 943 1718 comam
965 1684 1029 1718 sibi
1056 1685 1090 1718 in
1111 1698 1166 1719 ca-

493 1737 563 1782 pite
583 1737 679 1769 calvo
707 1737 868 1783 pinxerat
898 1746 931 1771 et
958 1738 1166 1779 effinxerat;

492 1789 552 1823 sed
570 1802 646 1835 quae
665 1790 770 1823 trium
787 1790 926 1824 filorum
946 1803 1006 1824 seu
1023 1792 1169 1836 capillo-

493 1855 574 1876 rum
592 1851 679 1876 esset
694 1855 703 1874 ε
717 1844 772 1876 vel
787 1844 918 1877 calvam
932 1844 1098 1886 haberet,
1113 1844 1170 1878 cui

494 1896 621 1941 reliqui
639 1904 751 1930 essent
767 1905 836 1930 tres
854 1897 968 1943 capilli
986 1909 993 1930 :
1009 1905 1042 1930 et
1056 1910 1170 1942 quum

496 1950 533 1982 in
555 1949 668 1995 capite
697 1957 860 1995 tanquam
883 1950 996 1983 sulcos
1014 1949 1172 1984 duxisset

495 2002 665 2047 unguenti
695 2002 812 2036 lituris
842 2011 875 2036 et
902 2003 998 2037 velut
1019 2003 1092 2035 vias
1122 2016 1171 2037 se-

498 2055 624 2089 cuisset
635 2081 644 2095 ‚
659 2058 820 2089 semitatus
833 2055 922 2089 dixit
933 2082 942 2097 ,
957 2068 1032 2102 quae
1047 2064 1097 2089 est
1110 2069 1169 2090 an-

498 2110 677 2154 tiquorum
705 2109 879 2142 librorum
909 2110 1091 2155 scriptura.
1122 2110 1172 2142 Ut

500 2163 603 2195 miter
619 2160 706 2207 quid
720 2162 779 2204 sit,
796 2161 892 2208 quod
911 2171 944 2195 et
962 2171 1083 2196 contra
1098 2174 1174 2195 sen-

499 2215 643 2248 tentiam
666 2223 701 2249 et
720 2228 840 2249 versus
860 2216 1049 2257 rationem,
1072 2216 1174 2249 multi

500 2277 710 2313 segmentatus
733 2277 766 2302 et
790 2267 982 2303 defendant
1008 2278 1041 2303 et
1064 2267 1174 2302 decla-

1203 575 1463 608 rent.Turneb.
1481 575 1542 608 lib.
1560 574 1704 616 XXVI,
1719 586 1792 619 cap.
1817 586 1877 619 27.

1203 626 1360 661 Raderus
1370 627 1493 661 Gontii
1508 626 1787 672 explanationem
1799 639 1880 673 pro-

1204 681 1263 715 bat
1278 692 1286 713 ε
1305 680 1377 721 Qui
1399 679 1530 714 Calvam
1546 679 1645 713 istius
1660 679 1769 721 calvi,
1785 691 1880 712 com-

1205 741 1303 780 parat
1320 733 1448 775 vineae,
1469 745 1546 779 quae
1563 740 1708 778 propter
1723 740 1882 766 senectu-

1206 794 1294 827 tem,
1313 786 1369 819 vel
1392 784 1486 819 aliud
1508 785 1554 818 ob
1581 785 1710 818 vitium
1724 812 1733 826 ‚
1755 796 1883 830 paucas

1206 839 1313 872 habet
1330 839 1418 872 vites
1429 864 1438 879 ,
1459 847 1493 872 et
1507 838 1632 872 calvata
1647 835 1897 871 dicitur.Vide=

1209 893 1380 926 Catonem
1398 890 1442 924 de
1456 893 1506 925 Re
1522 892 1620 924 Rust.
1637 902 1711 936 cap.
1732 891 1792 924 33.
1811 889 1884 923 Sic-

1208 953 1249 978 ut
1261 957 1343 990 ergo
1362 945 1399 977 in
1419 944 1548 978 calvata
1567 944 1668 977 vinea
1679 969 1688 984 ‚
1705 955 1782 989 quae
1797 955 1886 988 pau·

1210 1010 1265 1031 cas
1297 997 1403 1030 hahet
1432 997 1519 1031 vites
1549 1004 1584 1030 et
1613 996 1710 1042 palos
1722 1021 1731 1038 ,
1765 995 1888 1029 semita

1209 1051 1304 1084 lucet
1320 1051 1412 1083 inter
1430 1050 1590 1083 hortulos
1608 1048 1731 1082 vitium
1754 1061 1761 1080 :
1783 1049 1832 1082 sic
1850 1048 1889 1081 in

1212 1103 1302 1137 calvi
1338 1103 1577 1136 recumbentis
1599 1101 1719 1142 calva,
1746 1100 1830 1134 hinc
1855 1108 1890 1134 et

1212 1156 1297 1189 hinc
1317 1155 1361 1189 ad
1389 1164 1550 1201 tempora
1576 1154 1759 1200 paululum
1783 1165 1890 1199 supra

1215 1221 1314 1242 aures
1344 1217 1444 1242 erant
1466 1217 1536 1241 tres
1560 1208 1645 1254 pili,
1667 1205 1783 1240 media
1803 1218 1889 1240 vero

1215 1262 1337 1296 semita
1359 1262 1427 1294 late
1448 1261 1582 1294 nitebat
1603 1268 1794 1306 unguento.

1272 1314 1305 1348 3.
1320 1313 1526 1348 Beverlandi
1540 1314 1616 1347 MS.
1632 1314 1713 1346 lassa
1723 1325 1789 1358 pro
1805 1312 1892 1345 laxa.

1217 1369 1269 1401 De
1296 1368 1350 1401 his
1379 1367 1526 1400 vocibus
1555 1365 1636 1400 vide
1667 1367 1828 1411 Interpp.
1849 1363 1894 1398 ad

1219 1421 1381 1466 Propert.
1411 1421 1476 1461 IV,
1507 1433 1523 1453 2
1539 1446 1548 1460 ‚
1588 1422 1651 1460 26,
1674 1427 1707 1452 et
1726 1418 1787 1451 Sil.
1817 1418 1895 1452 Ital.

1220 1475 1294 1515 VI,
1318 1476 1408 1518 2783
1430 1473 1531 1506 Obss.
1548 1472 1649 1505 Misc.
1670 1480 1754 1505 tom.
1773 1472 1839 1513 IV,
1859 1483 1895 1516 p.

1223 1528 1317 1571 3893
1334 1527 1416 1559 VV.
1439 1526 1516 1559 DD.
1547 1524 1591 1559 ad
1614 1523 1721 1558 Ovid.
1750 1522 1896 1557 Heroid.

1221 1580 1332 1625 Epist.
1361 1580 1414 1620 ΙΙ,
1438 1579 1530 1620 1233
1551 1578 1694 1612 Petron.
1722 1589 1797 1623 cap.
1826 1578 1898 1618 823

1224 1631 1350 1667 Claud.
1374 1631 1419 1665 de
1436 1630 1548 1665 Laud.
1570 1631 1646 1665 Stil.
1669 1631 1705 1664 ΙΙ
1720 1655 1729 1671 ,
1756 1630 1846 1672 145,
1865 1637 1900 1662 et

1224 1686 1302 1727 ΙΙΙ,
1333 1685 1414 1719 228.
1435 1706 1486 1711 ——-
1504 1684 1662 1730 Foditque
1694 1686 1808 1723 tonsis,
1831 1691 1900 1716 etc.

1226 1739 1297 1780 Qui
1328 1737 1470 1772 videtur
1502 1736 1623 1771 dentes
1646 1748 1796 1783 purgare
1826 1736 1902 1769 len-

1228 1792 1332 1833 tisco;
1348 1790 1391 1824 de
1403 1803 1473 1836 quo
1489 1791 1549 1824 lib.
1567 1791 1669 1830 XIV,
1688 1790 1798 1836 epigr.
1813 1800 1903 1822 1111.

1227 1866 1280 1872 —-
1301 1845 1465 1877 Lentiscls.
1499 1843 1682 1877 Lentiscus
1715 1843 1819 1876 arbor
1855 1849 1906 1875 est

1229 1899 1326 1943 cujus
1342 1896 1488 1931 frondea
1503 1895 1647 1942 cuspide
1664 1895 1823 1929 dentium
1835 1907 1904 1929 sor-

1229 1950 1289 1984 des
1309 1951 1518 1996 purgabant.

1286 2008 1320 2044 4.
1345 2005 1424 2037 Ant.
1451 2003 1490 2036 de
1508 2003 1600 2047 Boo-r
1620 1999 1907 2047 distinguendum

1231 2065 1332 2103 putat
1349 2068 1357 2090 :
1382 2057 1554 2095 Mentitur,
1576 2055 1754 2094 Exulane,
1773 2066 1835 2087 non
1854 2054 1909 2085 Ιια·

1232 2110 1295 2151 bet,
1308 2110 1413 2142 dentes
1421 2124 1432 2149 ;
1447 2117 1479 2142 et
1495 2111 1642 2141 mentitur
1657 2108 1777 2147 dentes,
1797 2115 1837 2140 ut
1852 2119 1908 2140 su-

1233 2176 1293 2209 pra
1306 2175 1360 2208 ep.
1373 2175 1463 2197 Lvn,
1478 2162 1623 2195 Mentiris
1627 2160 1723 2205 fictos
1737 2167 1907 2205 unguento,

1234 2216 1351 2249 le’lw
1362 2243 1369 2255 ,
1385 2214 1763 2261 cap1'llos.—Illa-mitur,
1776 2221 1841 2247 etc.
1857 2211 1911 2246 Si-

1234 2270 1363 2312 mulat,
1384 2281 1428 2302 ne
1447 2276 1611 2314 appareat
1631 2266 1829 2301 edentulus.
