<?xml version="1.0" encoding="UTF-8"?>
<!DOCTYPE html PUBLIC "-//W3C//DTD XHTML 1.0 Transitional//EN"
    "http://www.w3.org/TR/xhtml1/DTD/xhtml1-transitional.dtd">
<html xmlns="http://www.w3.org/1999/xhtml" xml:lang="en" lang="en">
 <head>
  <title>
</title>
<meta http-equiv="Content-Type" content="text/html;charset=utf-8" />
  <meta name='ocr-system' content='tesseract 3.04.00' />
  <meta name='ocr-capabilities' content='ocr_page ocr_carea ocr_par ocr_line ocrx_word'/>
</head>
<body>
  <div class='ocr_page' id='page_1' title='image "./epigrammata02martuoft/epigrammata02martuoft_0077.png"; bbox 0 0 1978 3305; ppageno 0'>
   <div class='ocr_carea' id='block_1_1' title="bbox 402 226 1524 275">
    <p class='ocr_par' dir='ltr' id='par_1_1' title="bbox 402 226 1524 275">
     <span class='ocr_line' id='line_1_1' title="bbox 402 226 1524 275; baseline 0.005 -6"><span class='ocrx_word' id='word_1_1' title='bbox 402 226 987 270; x_wconf 86' lang='lat' dir='ltr'><strong>EPIGRAMMATUM</strong></span> <span class='ocrx_word' id='word_1_2' title='bbox 1024 227 1147 270; x_wconf 88' lang='lat' dir='ltr'>LIB.</span> <span class='ocrx_word' id='word_1_3' title='bbox 1187 228 1239 271; x_wconf 91' lang='lat' dir='ltr'>V.</span> <span class='ocrx_word' id='word_1_4' title='bbox 1461 228 1524 275; x_wconf 85' lang='grc'>65</span> 
     </span>
    </p>
   </div>
   <div class='ocr_carea' id='block_1_2' title="bbox 257 312 1222 515">
    <p class='ocr_par' dir='ltr' id='par_1_2' title="bbox 257 312 1222 515">
     <span class='ocr_line' id='line_1_2' title="bbox 257 312 1222 376; baseline 0.001 -19"><span class='ocrx_word' id='word_1_5' title='bbox 257 315 354 357; x_wconf 80' lang='lat' dir='ltr'>Jam</span> <span class='ocrx_word' id='word_1_6' title='bbox 378 322 420 357; x_wconf 88' lang='lat' dir='ltr'>te</span> <span class='ocrx_word' id='word_1_7' title='bbox 443 331 452 357; x_wconf 75' lang='grc' dir='ltr'><em>ι</em></span> <span class='ocrx_word' id='word_1_8' title='bbox 484 313 560 358; x_wconf 88' lang='lat' dir='ltr'>sed</span> <span class='ocrx_word' id='word_1_9' title='bbox 589 315 674 358; x_wconf 88' lang='lat' dir='ltr'>cito</span> <span class='ocrx_word' id='word_1_10' title='bbox 701 316 924 376; x_wconf 84' lang='lat' dir='ltr'>cognitum</span> <span class='ocrx_word' id='word_1_11' title='bbox 952 325 996 359; x_wconf 84' lang='lat' dir='ltr'>et</span> <span class='ocrx_word' id='word_1_12' title='bbox 1023 312 1222 359; x_wconf 88' lang='lat' dir='ltr'>relictum</span> 
     </span>
     <span class='ocr_line' id='line_1_3' title="bbox 259 384 1030 446; baseline 0.004 -19"><span class='ocrx_word' id='word_1_13' title='bbox 259 384 409 441; x_wconf 87' lang='lat' dir='ltr'>Quum</span> <span class='ocrx_word' id='word_1_14' title='bbox 440 384 667 428; x_wconf 82' lang='lat' dir='ltr'>fastidierit</span> <span class='ocrx_word' id='word_1_15' title='bbox 694 386 855 446; x_wconf 85' lang='lat' dir='ltr'>popina</span> <span class='ocrx_word' id='word_1_16' title='bbox 881 385 1000 430; x_wconf 83' lang='lat' dir='ltr'>dives</span> <span class='ocrx_word' id='word_1_17' title='bbox 1019 421 1030 441; x_wconf 85' lang='lat'>,</span> 
     </span>
     <span class='ocr_line' id='line_1_4' title="bbox 259 447 1001 515; baseline 0.001 -18"><span class='ocrx_word' id='word_1_18' title='bbox 259 447 460 515; x_wconf 83' lang='lat' dir='ltr'>Antiquae</span> <span class='ocrx_word' id='word_1_19' title='bbox 485 456 630 499; x_wconf 78' lang='lat' dir='ltr'>venies</span> <span class='ocrx_word' id='word_1_20' title='bbox 656 455 711 499; x_wconf 85' lang='lat' dir='ltr'>ad</span> <span class='ocrx_word' id='word_1_21' title='bbox 734 471 830 500; x_wconf 80' lang='lat' dir='ltr'>ossa</span> <span class='ocrx_word' id='word_1_22' title='bbox 854 472 1001 500; x_wconf 86' lang='lat' dir='ltr'>coenae.</span> 
     </span>
    </p>
   </div>
   <div class='ocr_carea' id='block_1_3' title="bbox 121 603 1530 758">
    <p class='ocr_par' dir='ltr' id='par_1_3' title="bbox 121 603 1530 758">
     <span class='ocr_line' id='line_1_5' title="bbox 176 603 1528 649; baseline 0.002 -12"><span class='ocrx_word' id='word_1_23' title='bbox 176 616 212 647; x_wconf 90' lang='lat'>9.</span> <span class='ocrx_word' id='word_1_24' title='bbox 234 603 302 637; x_wconf 85' lang='lat' dir='ltr'>Sed</span> <span class='ocrx_word' id='word_1_25' title='bbox 315 606 398 645; x_wconf 82' lang='lat' dir='ltr'>cito,</span> <span class='ocrx_word' id='word_1_26' title='bbox 419 612 484 638; x_wconf 83' lang='lat' dir='ltr'>etc.</span> <span class='ocrx_word' id='word_1_27' title='bbox 504 603 572 638; x_wconf 91' lang='lat' dir='ltr'>Sed</span> <span class='ocrx_word' id='word_1_28' title='bbox 591 603 728 649; x_wconf 84' lang='lat' dir='ltr'>agnitus</span> <span class='ocrx_word' id='word_1_29' title='bbox 748 605 797 638; x_wconf 87' lang='lat' dir='ltr'>fa·</span> <span class='ocrx_word' id='word_1_30' title='bbox 858 604 988 639; x_wconf 84' lang='lat' dir='ltr'>redibis</span> <span class='ocrx_word' id='word_1_31' title='bbox 1008 605 1051 639; x_wconf 87' lang='lat' dir='ltr'>ad</span> <span class='ocrx_word' id='word_1_32' title='bbox 1072 615 1211 640; x_wconf 86' lang='lat' dir='ltr'>tenuem</span> <span class='ocrx_word' id='word_1_33' title='bbox 1228 619 1383 641; x_wconf 86' lang='lat' dir='ltr'>mensam</span> <span class='ocrx_word' id='word_1_34' title='bbox 1398 619 1528 641; x_wconf 87' lang='lat' dir='ltr'>meam:</span> 
     </span>
     <span class='ocr_line' id='line_1_6' title="bbox 121 655 1530 705; baseline 0.004 -16"><span class='ocrx_word' id='word_1_35' title='bbox 121 655 331 703; x_wconf 85' lang='lat' dir='ltr'>stiditusque</span> <span class='ocrx_word' id='word_1_36' title='bbox 344 656 532 699; x_wconf 78' lang='lat' dir='ltr'>divitibus,</span> <span class='ocrx_word' id='word_1_37' title='bbox 551 669 706 702; x_wconf 88' lang='lat' dir='ltr'>quorum</span> <span class='ocrx_word' id='word_1_38' title='bbox 721 669 798 702; x_wconf 86' lang='lat' dir='ltr'>gra·</span> <span class='ocrx_word' id='word_1_39' title='bbox 857 666 930 691; x_wconf 87' lang='lat' dir='ltr'>tum</span> <span class='ocrx_word' id='word_1_40' title='bbox 953 658 1035 692; x_wconf 88' lang='lat' dir='ltr'>hinc</span> <span class='ocrx_word' id='word_1_41' title='bbox 1059 671 1204 705; x_wconf 89' lang='lat' dir='ltr'>quoque</span> <span class='ocrx_word' id='word_1_42' title='bbox 1226 659 1391 705; x_wconf 86' lang='lat' dir='ltr'>abigeris;</span> <span class='ocrx_word' id='word_1_43' title='bbox 1415 669 1449 694; x_wconf 85' lang='lat' dir='ltr'>et</span> <span class='ocrx_word' id='word_1_44' title='bbox 1469 660 1530 694; x_wconf 87' lang='lat' dir='ltr'>fies</span> 
     </span>
     <span class='ocr_line' id='line_1_7' title="bbox 121 709 1530 758; baseline 0.004 -17"><span class='ocrx_word' id='word_1_45' title='bbox 121 709 203 742; x_wconf 87' lang='lat' dir='ltr'>tiam</span> <span class='ocrx_word' id='word_1_46' title='bbox 226 710 331 744; x_wconf 84' lang='lat' dir='ltr'>nullis</span> <span class='ocrx_word' id='word_1_47' title='bbox 348 710 482 744; x_wconf 80' lang='lat' dir='ltr'>artibus</span> <span class='ocrx_word' id='word_1_48' title='bbox 496 717 596 755; x_wconf 88' lang='lat' dir='ltr'>potes</span> <span class='ocrx_word' id='word_1_49' title='bbox 611 710 798 755; x_wconf 75' lang='lat' dir='ltr'>aucupari,</span> <span class='ocrx_word' id='word_1_50' title='bbox 858 709 998 744; x_wconf 80' lang='lat' dir='ltr'>tandem</span> <span class='ocrx_word' id='word_1_51' title='bbox 1019 712 1113 745; x_wconf 81' lang='lat' dir='ltr'>canis</span> <span class='ocrx_word' id='word_1_52' title='bbox 1130 712 1188 746; x_wconf 83' lang='lat' dir='ltr'>ille</span> <span class='ocrx_word' id='word_1_53' title='bbox 1204 713 1399 758; x_wconf 81' lang='lat' dir='ltr'>AEsopicus.</span> <span class='ocrx_word' id='word_1_54' title='bbox 1414 713 1530 746; x_wconf 76' lang='lat' dir='ltr'>Rader.</span> 
     </span>
    </p>
   </div>
   <div class='ocr_carea' id='block_1_4' title="bbox 723 901 916 958">
    <p class='ocr_par' dir='ltr' id='par_1_4' title="bbox 723 901 916 958">
     <span class='ocr_line' id='line_1_8' title="bbox 723 901 916 958; baseline 0.005 -1"><span class='ocrx_word' id='word_1_55' title='bbox 723 901 916 958; x_wconf 89' lang='lat' dir='ltr'><strong>XLV.</strong></span> 
     </span>
    </p>
   </div>
   <div class='ocr_carea' id='block_1_5' title="bbox 651 1068 996 1099">
    <p class='ocr_par' dir='ltr' id='par_1_5' title="bbox 651 1068 996 1099">
     <span class='ocr_line' id='line_1_9' title="bbox 651 1068 996 1099; baseline 0 -1"><span class='ocrx_word' id='word_1_56' title='bbox 651 1070 710 1099; x_wconf 90' lang='lat' dir='ltr'>IN</span> <span class='ocrx_word' id='word_1_57' title='bbox 760 1068 996 1099; x_wconf 83' lang='lat' dir='ltr'>BASSAM.</span> 
     </span>
    </p>
   </div>
   <div class='ocr_carea' id='block_1_6' title="bbox 185 1205 1236 1338">
    <p class='ocr_par' dir='ltr' id='par_1_6' title="bbox 185 1205 1236 1338">
     <span class='ocr_line' id='line_1_10' title="bbox 185 1205 1236 1267; baseline -0.003 -14"><span class='ocrx_word' id='word_1_58' title='bbox 185 1210 319 1253; x_wconf 83' lang='lat' dir='ltr'>DlCIS</span> <span class='ocrx_word' id='word_1_59' title='bbox 344 1206 605 1262; x_wconf 81' lang='lat' dir='ltr'>formosam,</span> <span class='ocrx_word' id='word_1_60' title='bbox 631 1205 738 1250; x_wconf 79' lang='lat' dir='ltr'>dicis</span> <span class='ocrx_word' id='word_1_61' title='bbox 767 1216 832 1260; x_wconf 85' lang='lat' dir='ltr'>te,</span> <span class='ocrx_word' id='word_1_62' title='bbox 856 1208 1009 1262; x_wconf 82' lang='lat' dir='ltr'>Bassa,</span> <span class='ocrx_word' id='word_1_63' title='bbox 1034 1206 1236 1267; x_wconf 82' lang='lat' dir='ltr'><strong>puellam.</strong></span> 
     </span>
     <span class='ocr_line' id='line_1_11' title="bbox 252 1276 1201 1338; baseline -0.002 -15"><span class='ocrx_word' id='word_1_64' title='bbox 252 1277 377 1323; x_wconf 90' lang='lat' dir='ltr'><strong>Istud</strong></span> <span class='ocrx_word' id='word_1_65' title='bbox 402 1294 498 1338; x_wconf 86' lang='lat' dir='ltr'>quae</span> <span class='ocrx_word' id='word_1_66' title='bbox 521 1293 611 1321; x_wconf 90' lang='lat' dir='ltr'>non</span> <span class='ocrx_word' id='word_1_67' title='bbox 640 1286 728 1332; x_wconf 79' lang='lat' dir='ltr'>est,</span> <span class='ocrx_word' id='word_1_68' title='bbox 754 1276 897 1321; x_wconf 84' lang='lat' dir='ltr'>dicere</span> <span class='ocrx_word' id='word_1_69' title='bbox 923 1279 1054 1322; x_wconf 86' lang='lat' dir='ltr'>Bassa</span> <span class='ocrx_word' id='word_1_70' title='bbox 1081 1277 1201 1322; x_wconf 88' lang='lat' dir='ltr'>solet.</span> 
     </span>
    </p>
   </div>
   <div class='ocr_carea' id='block_1_7' title="bbox 109 1437 1534 1908">
    <p class='ocr_par' dir='ltr' id='par_1_7' title="bbox 109 1437 1534 1859">
     <span class='ocr_line' id='line_1_12' title="bbox 167 1437 1529 1486; baseline 0.004 -13"><span class='ocrx_word' id='word_1_71' title='bbox 167 1455 180 1474; x_wconf 87' lang='lat'>1</span> <span class='ocrx_word' id='word_1_72' title='bbox 192 1465 199 1473; x_wconf 93' lang='lat'>.</span> <span class='ocrx_word' id='word_1_73' title='bbox 213 1441 329 1474; x_wconf 81' lang='lat' dir='ltr'>Bassa.</span> <span class='ocrx_word' id='word_1_74' title='bbox 344 1441 399 1473; x_wconf 92' lang='lat' dir='ltr'>De</span> <span class='ocrx_word' id='word_1_75' title='bbox 412 1451 481 1486; x_wconf 85' lang='lat' dir='ltr'>qua</span> <span class='ocrx_word' id='word_1_76' title='bbox 494 1440 565 1485; x_wconf 81' lang='lat' dir='ltr'>jam</span> <span class='ocrx_word' id='word_1_77' title='bbox 579 1437 714 1472; x_wconf 86' lang='lat' dir='ltr'>dictum</span> <span class='ocrx_word' id='word_1_78' title='bbox 726 1439 788 1473; x_wconf 89' lang='lat' dir='ltr'>lib.</span> <span class='ocrx_word' id='word_1_79' title='bbox 852 1438 956 1484; x_wconf 79' lang='lat' dir='ltr'>quiSS.</span> <span class='ocrx_word' id='word_1_80' title='bbox 980 1439 1117 1473; x_wconf 81' lang='lat' dir='ltr'>Ferrar.</span> <span class='ocrx_word' id='word_1_81' title='bbox 1138 1452 1180 1473; x_wconf 85' lang='lat' dir='ltr'>an</span> <span class='ocrx_word' id='word_1_82' title='bbox 1202 1453 1216 1474; x_wconf 92' lang='lat'>1</span> <span class='ocrx_word' id='word_1_83' title='bbox 1227 1445 1309 1486; x_wconf 72' lang='lat'>471.</span> <span class='ocrx_word' id='word_1_84' title='bbox 1331 1442 1412 1476; x_wconf 89' lang='lat' dir='ltr'>Ald.</span> <span class='ocrx_word' id='word_1_85' title='bbox 1431 1445 1529 1478; x_wconf 87' lang='lat' dir='ltr'>Junt.</span> 
     </span>
     <span class='ocr_line' id='line_1_13' title="bbox 109 1492 1527 1544; baseline 0.003 -17"><span class='ocrx_word' id='word_1_86' title='bbox 109 1494 127 1526; x_wconf 92' lang='lat' dir='ltr'>I</span> <span class='ocrx_word' id='word_1_87' title='bbox 138 1519 147 1534; x_wconf 96' lang='lat'>‚</span> <span class='ocrx_word' id='word_1_88' title='bbox 171 1494 280 1539; x_wconf 83' lang='lat' dir='ltr'>epigr.</span> <span class='ocrx_word' id='word_1_89' title='bbox 313 1505 382 1526; x_wconf 72' lang='lat'>101.</span> <span class='ocrx_word' id='word_1_90' title='bbox 404 1513 458 1519; x_wconf 87' lang='lat'>-—</span> <span class='ocrx_word' id='word_1_91' title='bbox 483 1493 576 1525; x_wconf 81' lang='lat' dir='ltr'><em>Dicis</em></span> <span class='ocrx_word' id='word_1_92' title='bbox 603 1493 790 1535; x_wconf 77' lang='lat' dir='ltr'><em>formosam.</em></span> <span class='ocrx_word' id='word_1_93' title='bbox 852 1492 967 1526; x_wconf 85' lang='lat' dir='ltr'>Colin.</span> <span class='ocrx_word' id='word_1_94' title='bbox 979 1492 1119 1539; x_wconf 68' lang='lat' dir='ltr'>Gryph.</span> <span class='ocrx_word' id='word_1_95' title='bbox 1134 1493 1247 1527; x_wconf 88' lang='lat' dir='ltr'>Pulm.</span> <span class='ocrx_word' id='word_1_96' title='bbox 1262 1495 1404 1529; x_wconf 89' lang='lat' dir='ltr'>Junian.</span> <span class='ocrx_word' id='word_1_97' title='bbox 1418 1497 1527 1544; x_wconf 85' lang='lat' dir='ltr'>Lang.</span> 
     </span>
     <span class='ocr_line' id='line_1_14' title="bbox 110 1544 1534 1592; baseline 0.002 -12"><span class='ocrx_word' id='word_1_98' title='bbox 110 1546 245 1592; x_wconf 86' lang='lat' dir='ltr'>Negare</span> <span class='ocrx_word' id='word_1_99' title='bbox 263 1547 351 1580; x_wconf 85' lang='lat' dir='ltr'>soles</span> <span class='ocrx_word' id='word_1_100' title='bbox 366 1554 399 1579; x_wconf 87' lang='lat' dir='ltr'>et</span> <span class='ocrx_word' id='word_1_101' title='bbox 413 1545 628 1579; x_wconf 86' lang='lat' dir='ltr'>contrarium</span> <span class='ocrx_word' id='word_1_102' title='bbox 649 1544 788 1578; x_wconf 87' lang='lat' dir='ltr'>dicere:</span> <span class='ocrx_word' id='word_1_103' title='bbox 851 1545 978 1590; x_wconf 85' lang='lat' dir='ltr'>Delph.</span> <span class='ocrx_word' id='word_1_104' title='bbox 1004 1546 1084 1579; x_wconf 89' lang='lat' dir='ltr'>Par.</span> <span class='ocrx_word' id='word_1_105' title='bbox 1113 1558 1168 1579; x_wconf 84' lang='lat' dir='ltr'>an.</span> <span class='ocrx_word' id='word_1_106' title='bbox 1205 1548 1302 1591; x_wconf 69' lang='lat'>1754</span> <span class='ocrx_word' id='word_1_107' title='bbox 1317 1573 1327 1589; x_wconf 94' lang='lat'>‚</span> <span class='ocrx_word' id='word_1_108' title='bbox 1353 1556 1418 1583; x_wconf 88' lang='lat' dir='ltr'>etc.</span> <span class='ocrx_word' id='word_1_109' title='bbox 1439 1551 1534 1583; x_wconf 74' lang='lat' dir='ltr'>Istud</span> 
     </span>
     <span class='ocr_line' id='line_1_15' title="bbox 111 1593 1528 1644; baseline 0.003 -11"><span class='ocrx_word' id='word_1_110' title='bbox 111 1593 166 1643; x_wconf 86' lang='lat' dir='ltr'>(ut</span> <span class='ocrx_word' id='word_1_111' title='bbox 176 1599 410 1641; x_wconf 84' lang='lat' dir='ltr'>Galla,lib.11,</span> <span class='ocrx_word' id='word_1_112' title='bbox 423 1599 532 1644; x_wconf 83' lang='lat' dir='ltr'>epigr.</span> <span class='ocrx_word' id='word_1_113' title='bbox 546 1596 626 1639; x_wconf 71' lang='lat' dir='ltr'><strong>xxv)</strong></span> <span class='ocrx_word' id='word_1_114' title='bbox 637 1598 695 1631; x_wconf 90' lang='lat' dir='ltr'>hic</span> <span class='ocrx_word' id='word_1_115' title='bbox 708 1609 791 1631; x_wconf 84' lang='lat' dir='ltr'>sane</span> <span class='ocrx_word' id='word_1_116' title='bbox 851 1598 936 1643; x_wconf 81' lang='lat' dir='ltr'>quod</span> <span class='ocrx_word' id='word_1_117' title='bbox 950 1611 1011 1631; x_wconf 85' lang='lat' dir='ltr'>non</span> <span class='ocrx_word' id='word_1_118' title='bbox 1027 1606 1082 1632; x_wconf 83' lang='lat' dir='ltr'>est.</span> <span class='ocrx_word' id='word_1_119' title='bbox 1099 1599 1270 1633; x_wconf 85' lang='lat' dir='ltr'>Gruterus</span> <span class='ocrx_word' id='word_1_120' title='bbox 1286 1609 1320 1634; x_wconf 86' lang='lat' dir='ltr'>et</span> <span class='ocrx_word' id='word_1_121' title='bbox 1335 1600 1528 1638; x_wconf 84' lang='lat' dir='ltr'>Scriverius</span> 
     </span>
     <span class='ocr_line' id='line_1_16' title="bbox 109 1649 1530 1698; baseline 0.003 -12"><span class='ocrx_word' id='word_1_122' title='bbox 109 1660 237 1697; x_wconf 86' lang='lat' dir='ltr'>praeter</span> <span class='ocrx_word' id='word_1_123' title='bbox 255 1659 409 1685; x_wconf 89' lang='lat' dir='ltr'>mentem</span> <span class='ocrx_word' id='word_1_124' title='bbox 429 1659 522 1684; x_wconf 82' lang='lat' dir='ltr'>tuam</span> <span class='ocrx_word' id='word_1_125' title='bbox 545 1663 619 1684; x_wconf 90' lang='lat' dir='ltr'>non</span> <span class='ocrx_word' id='word_1_126' title='bbox 638 1663 673 1684; x_wconf 90' lang='lat' dir='ltr'>es</span> <span class='ocrx_word' id='word_1_127' title='bbox 693 1649 790 1697; x_wconf 88' lang='lat' dir='ltr'>quod</span> <span class='ocrx_word' id='word_1_128' title='bbox 851 1663 892 1683; x_wconf 87' lang='lat' dir='ltr'>ex</span> <span class='ocrx_word' id='word_1_129' title='bbox 908 1650 1086 1684; x_wconf 86' lang='lat' dir='ltr'>codicibus</span> <span class='ocrx_word' id='word_1_130' title='bbox 1102 1653 1347 1698; x_wconf 84' lang='lat' dir='ltr'>manuscriptis</span> <span class='ocrx_word' id='word_1_131' title='bbox 1360 1655 1430 1688; x_wconf 90' lang='lat' dir='ltr'>suis</span> <span class='ocrx_word' id='word_1_132' title='bbox 1443 1656 1530 1690; x_wconf 82' lang='lat' dir='ltr'>hau-</span> 
     </span>
     <span class='ocr_line' id='line_1_17' title="bbox 109 1702 1524 1749; baseline 0.003 -11"><span class='ocrx_word' id='word_1_133' title='bbox 109 1703 219 1747; x_wconf 83' lang='lat' dir='ltr'>dicis,</span> <span class='ocrx_word' id='word_1_134' title='bbox 241 1705 392 1738; x_wconf 83' lang='lat' dir='ltr'>formosa</span> <span class='ocrx_word' id='word_1_135' title='bbox 414 1713 448 1738; x_wconf 86' lang='lat' dir='ltr'>et</span> <span class='ocrx_word' id='word_1_136' title='bbox 468 1704 606 1749; x_wconf 87' lang='lat' dir='ltr'>puella,</span> <span class='ocrx_word' id='word_1_137' title='bbox 629 1702 692 1737; x_wconf 88' lang='lat' dir='ltr'>sed</span> <span class='ocrx_word' id='word_1_138' title='bbox 713 1703 787 1737; x_wconf 87' lang='lat' dir='ltr'>ani-</span> <span class='ocrx_word' id='word_1_139' title='bbox 849 1712 970 1737; x_wconf 77' lang='lat' dir='ltr'>serunt</span> <span class='ocrx_word' id='word_1_140' title='bbox 992 1704 1172 1738; x_wconf 83' lang='lat' dir='ltr'>meliorem</span> <span class='ocrx_word' id='word_1_141' title='bbox 1188 1705 1397 1741; x_wconf 82' lang='lat' dir='ltr'>lectionem:</span> <span class='ocrx_word' id='word_1_142' title='bbox 1414 1708 1524 1749; x_wconf 84' lang='lat' dir='ltr'><em>Istud,</em></span> 
     </span>
     <span class='ocr_line' id='line_1_18' title="bbox 109 1756 1527 1806; baseline 0.001 -15"><span class='ocrx_word' id='word_1_143' title='bbox 109 1758 187 1791; x_wconf 69' lang='lat' dir='ltr'>cula</span> <span class='ocrx_word' id='word_1_144' title='bbox 202 1766 238 1791; x_wconf 88' lang='lat' dir='ltr'>et</span> <span class='ocrx_word' id='word_1_145' title='bbox 250 1756 471 1803; x_wconf 58' lang='lat' dir='ltr'>ssszi;.Vide</span> <span class='ocrx_word' id='word_1_146' title='bbox 483 1768 588 1802; x_wconf 83' lang='lat' dir='ltr'>supra</span> <span class='ocrx_word' id='word_1_147' title='bbox 601 1756 787 1798; x_wconf 74' lang='lat' dir='ltr'>Nostrum,</span> <span class='ocrx_word' id='word_1_148' title='bbox 847 1769 918 1801; x_wconf 82' lang='lat' dir='ltr'>quae</span> <span class='ocrx_word' id='word_1_149' title='bbox 930 1769 991 1789; x_wconf 84' lang='lat' dir='ltr'>non</span> <span class='ocrx_word' id='word_1_150' title='bbox 1007 1765 1071 1798; x_wconf 76' lang='lat' dir='ltr'>est,</span> <span class='ocrx_word' id='word_1_151' title='bbox 1087 1757 1188 1791; x_wconf 81' lang='lat' dir='ltr'>dicere</span> <span class='ocrx_word' id='word_1_152' title='bbox 1206 1758 1309 1791; x_wconf 75' lang='lat' dir='ltr'>Bassa</span> <span class='ocrx_word' id='word_1_153' title='bbox 1325 1760 1425 1800; x_wconf 84' lang='lat' dir='ltr'>solet;</span> <span class='ocrx_word' id='word_1_154' title='bbox 1443 1774 1527 1806; x_wconf 87' lang='lat' dir='ltr'>pro-</span> 
     </span>
     <span class='ocr_line' id='line_1_19' title="bbox 109 1808 1525 1859; baseline 0.006 -19"><span class='ocrx_word' id='word_1_155' title='bbox 109 1810 188 1844; x_wconf 85' lang='lat' dir='ltr'>loco</span> <span class='ocrx_word' id='word_1_156' title='bbox 211 1810 328 1845; x_wconf 79' lang='lat' dir='ltr'>citato,</span> <span class='ocrx_word' id='word_1_157' title='bbox 847 1808 1010 1842; x_wconf 83' lang='lat' dir='ltr'>bantibus</span> <span class='ocrx_word' id='word_1_158' title='bbox 1024 1810 1107 1845; x_wconf 85' lang='lat' dir='ltr'>VV.</span> <span class='ocrx_word' id='word_1_159' title='bbox 1122 1812 1200 1853; x_wconf 90' lang='lat' dir='ltr'>DD,</span> <span class='ocrx_word' id='word_1_160' title='bbox 1212 1824 1299 1857; x_wconf 89' lang='lat' dir='ltr'>quos</span> <span class='ocrx_word' id='word_1_161' title='bbox 1314 1813 1415 1859; x_wconf 89' lang='lat' dir='ltr'>sequi</span> <span class='ocrx_word' id='word_1_162' title='bbox 1431 1826 1525 1848; x_wconf 84' lang='lat' dir='ltr'>nunc</span> 
     </span>
    </p>

    <p class='ocr_par' dir='ltr' id='par_1_8' title="bbox 164 1860 1100 1908">
     <span class='ocr_line' id='line_1_20' title="bbox 164 1860 1100 1908; baseline -0.001 -12"><span class='ocrx_word' id='word_1_163' title='bbox 164 1876 197 1897; x_wconf 84' lang='lat'>2.</span> <span class='ocrx_word' id='word_1_164' title='bbox 228 1863 321 1898; x_wconf 83' lang='lat' dir='ltr'><em>Istud</em></span> <span class='ocrx_word' id='word_1_165' title='bbox 345 1863 430 1908; x_wconf 81' lang='lat' dir='ltr'>quod</span> <span class='ocrx_word' id='word_1_166' title='bbox 452 1875 514 1895; x_wconf 79' lang='lat' dir='ltr'>non</span> <span class='ocrx_word' id='word_1_167' title='bbox 539 1870 587 1895; x_wconf 81' lang='lat' dir='ltr'>est</span> <span class='ocrx_word' id='word_1_168' title='bbox 613 1860 667 1895; x_wconf 90' lang='lat' dir='ltr'>ed.</span> <span class='ocrx_word' id='word_1_169' title='bbox 696 1861 786 1895; x_wconf 89' lang='lat' dir='ltr'>anti·</span> <span class='ocrx_word' id='word_1_170' title='bbox 848 1862 936 1895; x_wconf 90' lang='lat' dir='ltr'>mihi</span> <span class='ocrx_word' id='word_1_171' title='bbox 956 1862 1100 1907; x_wconf 84' lang='lat' dir='ltr'>placuit.</span> 
     </span>
    </p>
   </div>
   <div class='ocr_carea' id='block_1_8' title="bbox 701 2049 922 2107">
    <p class='ocr_par' dir='ltr' id='par_1_9' title="bbox 701 2049 922 2107">
     <span class='ocr_line' id='line_1_21' title="bbox 701 2049 922 2107; baseline -0.005 0"><span class='ocrx_word' id='word_1_172' title='bbox 701 2049 922 2107; x_wconf 85' lang='lat' dir='ltr'>XLVL</span> 
     </span>
    </p>
   </div>
   <div class='ocr_carea' id='block_1_9' title="bbox 561 2217 1066 2247">
    <p class='ocr_par' dir='ltr' id='par_1_10' title="bbox 561 2217 1066 2247">
     <span class='ocr_line' id='line_1_22' title="bbox 561 2217 1066 2247; baseline -0.006 0"><span class='ocrx_word' id='word_1_173' title='bbox 561 2219 632 2247; x_wconf 84' lang='lat' dir='ltr'>AD</span> <span class='ocrx_word' id='word_1_174' title='bbox 672 2217 1066 2247; x_wconf 82' lang='lat' dir='ltr'>DIADUMENUM.</span> 
     </span>
    </p>
   </div>
   <div class='ocr_carea' id='block_1_10' title="bbox 177 2351 1280 2488">
    <p class='ocr_par' dir='ltr' id='par_1_11' title="bbox 177 2351 1280 2488">
     <span class='ocr_line' id='line_1_23' title="bbox 177 2351 1274 2414; baseline -0.007 -11"><span class='ocrx_word' id='word_1_175' title='bbox 177 2360 318 2402; x_wconf 73' lang='lat' dir='ltr'>BAslA</span> <span class='ocrx_word' id='word_1_176' title='bbox 348 2356 453 2400; x_wconf 89' lang='lat' dir='ltr'>dum</span> <span class='ocrx_word' id='word_1_177' title='bbox 481 2353 608 2412; x_wconf 81' lang='lat' dir='ltr'>nolo,</span> <span class='ocrx_word' id='word_1_178' title='bbox 635 2354 717 2398; x_wconf 87' lang='lat' dir='ltr'>nisi</span> <span class='ocrx_word' id='word_1_179' title='bbox 746 2369 841 2414; x_wconf 85' lang='lat' dir='ltr'>quae</span> <span class='ocrx_word' id='word_1_180' title='bbox 873 2351 1083 2396; x_wconf 79' lang='lat' dir='ltr'>luctantia</span> <span class='ocrx_word' id='word_1_181' title='bbox 1111 2353 1274 2412; x_wconf 84' lang='lat' dir='ltr'>carpsi,</span> 
     </span>
     <span class='ocr_line' id='line_1_24' title="bbox 247 2421 1280 2488; baseline -0.007 -16"><span class='ocrx_word' id='word_1_182' title='bbox 247 2430 304 2472; x_wconf 87' lang='lat' dir='ltr'>Et</span> <span class='ocrx_word' id='word_1_183' title='bbox 334 2425 477 2488; x_wconf 84' lang='lat' dir='ltr'>placet</span> <span class='ocrx_word' id='word_1_184' title='bbox 506 2426 570 2468; x_wconf 83' lang='lat' dir='ltr'>ira</span> <span class='ocrx_word' id='word_1_185' title='bbox 595 2424 702 2468; x_wconf 86' lang='lat' dir='ltr'>mihi</span> <span class='ocrx_word' id='word_1_186' title='bbox 725 2423 823 2484; x_wconf 87' lang='lat' dir='ltr'>plus</span> <span class='ocrx_word' id='word_1_187' title='bbox 848 2433 920 2466; x_wconf 84' lang='lat' dir='ltr'>tua</span> <span class='ocrx_word' id='word_1_188' title='bbox 935 2458 946 2473; x_wconf 79' lang='grc'><em>,</em></span> <span class='ocrx_word' id='word_1_189' title='bbox 970 2439 1102 2483; x_wconf 87' lang='lat' dir='ltr'>quam</span> <span class='ocrx_word' id='word_1_190' title='bbox 1127 2421 1280 2477; x_wconf 80' lang='lat' dir='ltr'>facies3</span> 
     </span>
    </p>
   </div>
   <div class='ocr_carea' id='block_1_11' title="bbox 104 2571 1519 2665">
    <p class='ocr_par' dir='ltr' id='par_1_12' title="bbox 104 2571 1519 2665">
     <span class='ocr_line' id='line_1_25' title="bbox 163 2571 1519 2623; baseline -0.005 -11"><span class='ocrx_word' id='word_1_191' title='bbox 163 2591 194 2612; x_wconf 92' lang='lat'>1.</span> <span class='ocrx_word' id='word_1_192' title='bbox 212 2578 285 2612; x_wconf 77' lang='lat' dir='ltr'>Nisi</span> <span class='ocrx_word' id='word_1_193' title='bbox 310 2590 380 2623; x_wconf 79' lang='lat' dir='ltr'>quae</span> <span class='ocrx_word' id='word_1_194' title='bbox 406 2576 558 2608; x_wconf 77' lang='lat' dir='ltr'>luctantia</span> <span class='ocrx_word' id='word_1_195' title='bbox 585 2576 686 2619; x_wconf 74' lang='lat' dir='ltr'>carpis</span> <span class='ocrx_word' id='word_1_196' title='bbox 705 2572 788 2605; x_wconf 86' lang='lat' dir='ltr'>Pul·</span> <span class='ocrx_word' id='word_1_197' title='bbox 848 2571 970 2604; x_wconf 76' lang='lat' dir='ltr'>Multis</span> <span class='ocrx_word' id='word_1_198' title='bbox 992 2571 1076 2604; x_wconf 86' lang='lat' dir='ltr'>loeis</span> <span class='ocrx_word' id='word_1_199' title='bbox 1095 2571 1261 2616; x_wconf 81' lang='lat' dir='ltr'>expressit</span> <span class='ocrx_word' id='word_1_200' title='bbox 1282 2571 1408 2605; x_wconf 69' lang='lat' dir='ltr'>Noster</span> <span class='ocrx_word' id='word_1_201' title='bbox 1426 2584 1519 2605; x_wconf 76' lang='lat' dir='ltr'>eam-</span> 
     </span>
     <span class='ocr_line' id='line_1_26' title="bbox 104 2623 1424 2665; baseline -0.005 -1"><span class='ocrx_word' id='word_1_202' title='bbox 104 2630 224 2665; x_wconf 88' lang='lat' dir='ltr'>manni</span> <span class='ocrx_word' id='word_1_203' title='bbox 257 2629 378 2665; x_wconf 85' lang='lat' dir='ltr'>codex.</span> <span class='ocrx_word' id='word_1_204' title='bbox 414 2649 465 2656; x_wconf 92' lang='lat'>-—-</span> <span class='ocrx_word' id='word_1_205' title='bbox 485 2628 584 2661; x_wconf 81' lang='lat' dir='ltr'>Basia</span> <span class='ocrx_word' id='word_1_206' title='bbox 622 2627 787 2659; x_wconf 81' lang='lat' dir='ltr'>luctantia.</span> <span class='ocrx_word' id='word_1_207' title='bbox 850 2623 929 2657; x_wconf 81' lang='lat' dir='ltr'>dem</span> <span class='ocrx_word' id='word_1_208' title='bbox 949 2623 1109 2658; x_wconf 78' lang='lat' dir='ltr'>lascivam</span> <span class='ocrx_word' id='word_1_209' title='bbox 1126 2624 1344 2657; x_wconf 79' lang='lat' dir='ltr'>sententiam.</span> <span class='ocrx_word' id='word_1_210' title='bbox 1360 2626 1424 2658; x_wconf 82' lang='lat' dir='ltr'>En.</span> 
     </span>
    </p>
   </div>
   <div class='ocr_carea' id='block_1_12' title="bbox 183 2695 1279 2746">
    <p class='ocr_par' dir='ltr' id='par_1_13' title="bbox 183 2695 1279 2746">
     <span class='ocr_line' id='line_1_27' title="bbox 183 2695 1279 2746; baseline -0.005 0"><span class='ocrx_word' id='word_1_211' title='bbox 183 2705 245 2746; x_wconf 94' lang='lat' dir='ltr'>II.</span> <span class='ocrx_word' id='word_1_212' title='bbox 1256 2695 1279 2740; x_wconf 84' lang='lat'><strong><em>5</em></strong></span> 
     </span>
    </p>
   </div>
  </div>
 </body>
</html>
