1978 3305
411 214 508 259 632

795 218 854 259 M.
879 219 1019 261 VAL.
1060 219 1452 264 MARTIALIS

558 304 649 345 Hoc
676 303 792 357 scio,
821 303 937 363 quod
964 304 1113 348 scribit
1140 305 1257 348 nulla
1284 306 1427 366 puella
1458 307 1544 350 tibi.

411 451 588 480 novius.—
608 447 710 480 Nulla
723 449 833 493 puella
855 449 923 481 tibi.
944 449 997 482 An
1024 449 1087 482 ita-

411 511 480 544 que
491 500 590 545 pueri
601 500 728 546 ?quam
745 514 809 534 nos
819 502 1088 547 explicationem

411 565 514 597 supra
530 554 793 598 proposuimus.
810 555 862 587 An
877 554 960 587 hinc
978 555 1090 588 voluit

1149 463 1185 483 se
1196 450 1307 484 videri
1320 451 1355 484 in
1366 452 1474 496 gratia
1486 464 1557 484 esse
1571 451 1667 497 apud
1681 453 1811 496 puellas
1821 478 1829 492 ,

1149 516 1300 548 quarum
1323 513 1438 537 tamen
1458 505 1553 538 nulla
1569 505 1618 537 illi
1636 505 1828 550 rescripsit.

1150 556 1228 589 Lib.
1250 558 1325 598 ΙΙΙ,
1343 557 1451 603 epigr.
1474 570 1576 590 Lx111.

1025 690 1213 748 LXV.

910 848 963 876 IN
1003 829 1339 878 JUSTINUM.*

485 973 719 1015 SExcssmTl
743 980 918 1015 coenant
941 988 966 1014 a
990 981 1055 1027 te,
1077 974 1245 1016 Justine
1261 1009 1272 1027 ‚
1296 975 1440 1018 vocati

556 1043 687 1085 Lucis
710 1041 765 1084 ad
790 1041 984 1086 officium
1000 1078 1010 1097 ,
1036 1059 1133 1102 quae
1158 1043 1237 1087 tibi
1263 1044 1404 1104 prima
1429 1043 1511 1088 fuit
1532 1062 1540 1087 :

486 1115 607 1156 Inter
634 1129 744 1172 quos
761 1148 772 1165 ‚
797 1113 998 1170 memini,⁴
1020 1130 1108 1156 non
1134 1113 1313 1158 ultimus
1343 1131 1436 1158 esse
1462 1115 1682 1167 solebatn3

556 1185 650 1226 Nec
675 1183 795 1227 locus
819 1183 891 1226 hie
916 1183 1042 1227 nobis
1066 1185 1305 1229 invidiosus
1331 1195 1436 1229 erat.

485 1255 664 1297 Postera
695 1253 770 1297 sed
797 1253 915 1297 festae
946 1254 1100 1298 reddes
1126 1255 1337 1299 solemnia
1363 1273 1522 1301 mensae
1545 1274 1552 1299 :

557 1325 780 1368 Sexcentis
807 1324 937 1368 hodie
953 1360 964 1380 a
988 1342 1084 1369 eras
1109 1327 1215 1370 mihi
1243 1329 1372 1371 natus
1396 1329 1492 1371 eris.

472 1464 661 1506 *Queritur
671 1479 686 1498 a
698 1466 839 1499 Justino
848 1493 857 1508 ,
869 1466 965 1512 quod
980 1469 1095 1514 ipsum

416 1528 454 1551 ut
485 1519 569 1551 olim
582 1544 591 1559 ,
615 1518 656 1552 ad
685 1520 858 1553 natalitias
886 1519 993 1566 dapes
1024 1534 1096 1554 non

419 1580 589 1604 lnvitarlt.

475 1637 487 1657 1
501 1652 506 1657 .
521 1624 681 1663 Seu-enti,
699 1634 761 1658 etc.
781 1626 971 1662 Permulti,
985 1622 1097 1669 omen·

416 1673 568 1721 δοχικῶς.

474 1743 507 1764 2.
527 1732 621 1763 Lucis
643 1731 688 1762 acl
711 1731 859 1776 officium.
885 1733 983 1774 Quos
1013 1733 1099 1766 invi·
1124 1736 1132 1739 s

420 1792 508 1817 taras
530 1783 573 1816 ad
598 1784 847 1818 celebrandum
879 1785 973 1819 diem
999 1793 1097 1818 tuum

419 1837 582 1870 natalem.
606 1837 712 1870 Mane
741 1839 834 1871 enim
857 1839 1099 1872 sacrificabant

420 1892 452 1923 in
465 1889 638 1936 ejusmodi
649 1890 939 1925 solemnitatibus,
948 1892 1098 1936 Officium

419 1952 536 1976 autem
570 1944 625 1976 hic
656 1944 801 1989 proprie
823 1945 980 1978 omnino.
1007 1946 1097 1978 Plin.

418 1997 441 2029 l.
462 1997 496 2037 I,
513 1997 613 2041 epist.
631 2010 664 2037 v,
685 2009 719 2030 11
734 2009 741 2030 ε
758 2012 770 2024 «
786 1998 918 2030 Paucos
932 2006 1010 2043 post
1025 1998 1098 2031 dies

420 2050 493 2095 ipse
511 2061 566 2083 me
587 2050 740 2095 Regulus
762 2051 927 2084 convenit
952 2051 984 2083 in
1012 2051 1100 2084 Prae-

420 2102 505 2135 toris
528 2103 657 2136 officio.
673 2121 685 2133 n
714 2105 753 2136 In
775 2105 908 2149 nuptiis
931 2104 1001 2138 hoc
1024 2105 1099 2137 offi-

418 2156 512 2189 cium
526 2157 702 2202 frequens.
717 2157 1099 2191 Petronius:«Cons11r-

418 2210 508 2242 rexit
525 2209 569 2242 ad
585 2209 742 2243 officium
759 2212 927 2256 nuptiale.
943 2228 955 2240 »
968 2211 1096 2243 Juven.

419 2269 480 2296 sat.
506 2264 561 2304 ΙΙ,
594 2264 663 2303 134
687 2275 694 2296 :
724 2281 736 2292 «ι
760 2264 848 2305 Quae
874 2276 990 2297 caussa
1020 2264 1098 2297 offi-

419 2316 462 2348 cii
478 2315 492 2348 ?
509 2315 595 2361 quid
617 2317 765 2361 quaeris?
785 2317 890 2350 nubit
919 2318 1061 2350 amicus.
1081 2336 1092 2347 ι»

418 2367 509 2402 Hinc
528 2378 561 2402 et
584 2369 691 2413 officia
708 2369 878 2403 dicuntur
895 2374 910 2403 ὲ
927 2371 1098 2404 Juvenale

418 2430 481 2455 sat.
494 2423 539 2464 X,
552 2427 611 2462 44,
624 2423 784 2464 clientes,
795 2424 867 2457 haec
880 2433 913 2457 et
926 2424 1098 2469 ejusmodi

418 2475 532 2508 officia
554 2477 711 2520 patronis
732 2485 944 2522 praestantes.
967 2496 978 2507 ιι
997 2478 1098 2510 Illinc

420 2528 616 2561 cornicines
629 2554 636 2568 ,
653 2529 736 2563 hinc
754 2529 984 2576 praecedentia
1004 2531 1096 2576 longi

427 2581 579 2623 Agminis
615 2582 742 2615 officia.
770 2602 780 2611 ν
820 2586 870 2616 Τὰ
915 2585 1097 2621 καθήκοντα.

1157 1468 1279 1502 eodem
1307 1467 1413 1501 modo
1437 1470 1575 1514 reperio
1597 1467 1691 1514 apud
1719 1469 1840 1502 Lucia·

1158 1535 1242 1554 num
1260 1523 1295 1554 in
1311 1521 1468 1554 Somnio.
1489 1521 1661 1554 Heraldus.

1214 1579 1246 1615 4.
1266 1575 1334 1608 Nec
1346 1575 1431 1606 locus
1445 1575 1505 1607 hic.
1520 1575 1610 1615 Quia
1625 1587 1696 1608 non
1713 1575 1840 1620 prima-

1160 1628 1232 1661 rius
1270 1627 1414 1673 quidem
1452 1640 1534 1673 ego,
1566 1627 1626 1661 sed
1648 1640 1713 1661 nec
1745 1640 1838 1661 eram

1160 1681 1319 1714 ultimus.

1216 1736 1248 1767 5.
1268 1734 1376 1766 Coeme
1395 1733 1471 1767 cod.
1495 1733 1529 1766 in
1554 1746 1661 1780 marg.
1685 1732 1740 1767 ed.
1761 1735 1837 1767 Par.

1167 1789 1270 1832 1817.
1296 1809 1348 1814 —-
1371 1788 1524 1826 Postera,
1556 1796 1621 1821 etc.
1647 1788 1725 1820 Jam
1754 1798 1840 1820 vero

1160 1853 1215 1873 nie
1243 1840 1338 1873 velut
1359 1840 1419 1873 imi
1445 1840 1580 1874 ordinis
1608 1841 1757 1873 amicum
1787 1841 1839 1874 in-

1160 1894 1248 1927 vitas
1275 1893 1318 1927 ad
1344 1894 1511 1939 reliquias
1544 1903 1577 1927 et
1612 1894 1784 1935 anaiecta‚
1805 1901 1840 1926 et

1161 1946 1336 1993 quidquid
1351 1946 1508 1979 vilissimi
1524 1947 1767 1980 convivatores
1782 1959 1841 1980 au-

1162 2001 1252 2033 ferre
1283 2013 1355 2033 non
1384 1999 1520 2046 dignati
1547 2008 1629 2033 sunt
1655 2001 1689 2033 in
1719 2000 1840 2034 crasti-

1161 2066 1246 2086 num
1266 2065 1307 2085 ex
1327 2066 1518 2087 convivuo.

1216 2109 1250 2139 6.
1268 2107 1428 2139 Sal-centis
1457 2107 1558 2139 hodie.
1583 2107 1641 2139 Sic
1663 2106 1841 2151 explicant.

1161 2161 1390 2205 interpretes:
1410 2160 1438 2191 A
1456 2167 1490 2192 te
1510 2159 1646 2193 invitati
1671 2158 1779 2192 hodie
1797 2158 1839 2192 ad

1161 2221 1194 2245 te
1228 2213 1368 2246 mittant
1398 2225 1539 2246 munera
1578 2213 1753 2255 natalitia,
1777 2225 1840 2257 ego

1161 2278 1245 2299 vero
1271 2278 1345 2299 cras
1376 2266 1512 2299 mittam
1532 2277 1539 2298 :
1567 2267 1635 2299 hoc
1657 2274 1706 2299 est
1722 2292 1730 2305 ‚
1749 2278 1839 2298 nun-

1161 2332 1262 2362 quam
1293 2320 1442 2352 mittam.
1473 2318 1541 2352 Sed
1570 2319 1747 2352 lubentius
1776 2331 1840 2364 ego

1161 2385 1239 2405 cum
1263 2373 1416 2405 Grutero
1443 2372 1646 2418 simpliciter
1670 2373 1840 2417 interpre-

1161 2434 1230 2467 ter,
1257 2425 1350 2471 quod
1379 2426 1484 2459 Poeta
1511 2426 1609 2459 malit
1633 2438 1668 2458 se
1701 2434 1841 2471 postero

1159 2478 1216 2512 die
1245 2479 1285 2512 ad
1313 2480 1477 2525 reliquias
1499 2479 1650 2512 convivii
1674 2478 1814 2511 invitari
1830 2504 1840 2517 Ἰ

1160 2544 1263 2577 quam
1287 2532 1362 2577 ipso
1385 2533 1487 2565 natali
1516 2531 1596 2567 die,
1625 2541 1770 2576 propter
1791 2531 1841 2563 ni·

1162 2585 1263 2617 mia-n
1285 2587 1513 2618 convivarum
1533 2585 1684 2618 turbam.
