1978 3305
392 238 970 283 EPIGRAMMATUM
1009 237 1133 280 LIB.
1173 237 1225 278 V.

1444 237 1506 294 ὃς)

245 327 465 383 Atthides,
496 328 538 370 in
566 327 674 372 nidis
700 343 785 370 una
807 325 1011 370 remansit
1036 325 1138 368 avis.

174 397 458 458 Deprendere
483 397 603 441 nefas
629 397 683 441 ad
709 407 905 457 tempora
934 410 1068 438 verna
1092 410 1297 449 reversae,

195 502 216 513 s
242 469 300 511 Et
330 467 559 528 profugam
586 467 784 512 volucres
811 467 1027 527 diripuere
1050 481 1149 509 suae.

174 539 279 582 Sero
307 537 425 581 dedit
453 553 603 598 poenas
627 555 635 581 :
658 537 843 597 discerpi
870 537 997 580 noxia
1023 545 1161 579 mater

243 607 493 664 Debuerat3
523 607 597 651 sed
620 617 750 663 tunc,
771 623 906 667 quum
930 606 1136 650 laceravit
1161 607 1288 665 Itym.

244 748 420 800 Νεῢντο,
445 747 693 789 νεοττεύουσ’
723 747 824 806 ὅρνις
850 747 973 806 ἔμεινε
1005 746 1090 804 μία.

174 820 255 860 Τοῦ
280 817 349 876 μὲν
379 815 498 878 ἄγους
531 817 699 876 ᾔσθοντο
725 816 1105 875 παλίσσυταεῖαρος
1133 818 1212 875 ὥρῃ

243 873 386 947 ὄρνεα·
416 888 488 934 τὴν
513 881 552 928 δ’
579 888 710 930 αὐτῶν
740 887 918 930 ἔσπασαν
947 886 1187 945 αὐτόμολον.

178 943 293 1015 ὁψια
318 956 514 1004 τιννύσθη·
544 959 677 1017 μήτηρ
705 955 780 1018 γὰρ
808 958 958 1015 ὄφειλεν
986 957 1127 1016 ἀλιτρῆ

243 1029 376 1071 Τοῦτο
401 1027 562 1082 παθεῖν,
587 1029 648 1071 ὅτ’
674 1015 765 1071 Ῐτυν
792 1023 856 1070 υἷα
882 1021 1147 1071 &eandem-0.

159 1179 191 1199 2.
214 1165 376 1199 Atthides.
398 1164 635 1207 Hirundines‚
657 1178 676 1198 a
697 1166 782 1199 Pro-

105 1230 169 1251 cne
187 1217 376 1252 Pandionis
395 1219 516 1252 Atticae
540 1218 630 1263 regis
651 1218 723 1251 fllia
744 1219 780 1251 in

106 1270 338 1304 hirundinem
358 1283 539 1305 conversa.
562 1270 668 1304 Ovid.
692 1271 778 1304 Met.

106 1324 169 1357 VI.
186 1345 236 1349 ——
251 1325 290 1357 In
311 1324 394 1356 nidis
420 1337 495 1358 ιιηα.
511 1324 587 1357 Hoc
602 1350 611 1364 ‚
631 1332 671 1357 ut
689 1322 780 1357 ludit

105 1375 280 1419 Raderus,
308 1376 343 1409 in
372 1377 682 1410 contubernalibus
709 1377 778 1410 suis

105 1428 350 1463 hirundinibus
373 1429 663 1463 animadverterat
683 1429 778 1463 Mar-

107 1482 207 1516 tialis.
224 1504 275 1508 —
292 1482 408 1516 Solitae
428 1483 566 1516 avolare
581 1494 720 1524 omnes,
738 1491 778 1515 ut

105 1534 258 1579 plurium
283 1544 332 1568 est
355 1536 538 1569 sententia.
562 1535 777 1580 Augustinus

105 1587 262 1633 Riphus,
284 1600 366 1621 cum
388 1588 507 1622 multis
534 1588 608 1622 aliis
628 1588 663 1621 in
685 1588 778 1621 cavis

107 1641 274 1674 arborum
292 1641 480 1674 hibernare
494 1641 693 1675 catervatim
708 1649 778 1674 tra-

106 1692 171 1726 dit.
188 1692 256 1726 Sed
278 1693 424 1739 Gaspar.
443 1693 648 1727 Heldelinus
669 1694 706 1727 in
720 1694 778 1728 Ci-

107 1746 217 1779 coniae
246 1747 407 1779 encomio
429 1747 568 1788 scribit,
590 1745 685 1792 quod
705 1748 778 1791 jure

108 1798 256 1832 mirere:
282 1816 295 1828 κ
317 1799 503 1844 Comperi,
524 1800 656 1845 inquit,
673 1800 780 1833 latere

107 1850 313 1885 hirundines
330 1852 441 1885 hieme
457 1852 492 1885 in
509 1851 594 1885 nido
609 1865 672 1886 suo
684 1878 692 1891 ,
709 1861 780 1886 tan-

108 1917 212 1949 quam
233 1913 407 1938 mortuas:
430 1904 580 1950 proinde
599 1918 670 1938 non
693 1914 780 1950 puto

109 1957 246 1990 avolare
258 1970 324 1991 eas.
341 1959 466 1991 Totam
486 1958 636 1991 hiemem
650 1958 780 1991 hahent

108 2022 224 2043 secum
256 2011 408 2044 recentia
448 2023 525 2044 ova.
553 2011 780 2045 Reviviscunt

109 2070 223 2096 autem
259 2074 267 2095 τ
305 2076 410 2109 quare
455 2062 575 2108 judico
619 2064 780 2097 mirabile

109 2114 290 2160 quoddam
314 2129 402 2161 opus
420 2129 509 2158 esse,
531 2128 568 2150 ac
594 2117 779 2162 imaginem

109 2169 374 2202 resurrectionis
409 2177 615 2202 nostrorum
654 2181 780 2214 corpo·

110 2233 201 2253 rum.
212 2238 226 2250 u
239 2221 319 2255 Haec
329 2221 489 2255 Heldelin
496 2234 535 2255 us
552 2234 592 2255 ex
605 2234 781 2268 anonymo

110 2281 260 2307 auctore.
281 2274 410 2308 Gesner.
429 2296 464 2301 —-
481 2276 622 2309 Naturae
639 2274 781 2320 quidam

109 2326 319 2360 recentiores
360 2327 619 2373 investigatores
641 2353 651 2369 ‚
691 2340 784 2361 com-

109 2387 226 2412 menta
253 2392 324 2412 non
348 2381 460 2413 minus
483 2380 655 2426 stupenda
680 2393 783 2414 excu-

110 2430 261 2465 derunt:
285 2432 414 2466 scilicet
435 2433 641 2467 hirundines
662 2433 782 2467 hiber-

110 2496 193 2518 nare
202 2485 238 2518 in
255 2484 380 2519 nostris
390 2484 504 2519 fluviis
515 2494 548 2519 et
560 2485 762 2520 fluminibus
773 2512 782 2528 ‚

840 1177 896 1198 eas
923 1165 982 1198 hic
1017 1164 1174 1197 inventas
1204 1176 1296 1205 esse,
1326 1162 1510 1209 quamdam

841 1226 997 1252 catenam
1018 1218 1222 1253 formantes,
1244 1217 1307 1249 hac
1329 1229 1511 1262 coagmen-

840 1271 991 1311 tatione,
1014 1279 1054 1304 ut
1076 1279 1227 1303 rostrum
1249 1270 1451 1315 posterioris
1474 1269 1509 1301 in

838 1335 942 1357 anum
978 1323 1107 1368 prioris
1140 1322 1368 1367 defigeretur,
1395 1330 1430 1356 et
1465 1322 1511 1355 si(-

839 1377 957 1410 multae
976 1376 1202 1409 cohaererent.
1218 1377 1283 1409 En.

892 1430 926 1463 3.
948 1429 1049 1471 Nefas
1077 1429 1122 1461 acl
1142 1437 1277 1473 tempos-cz
1291 1455 1300 1468 ,
1330 1437 1394 1462 etc.
1414 1428 1512 1461 Man-

837 1481 942 1521 sisse,
969 1490 1090 1515 contra
1122 1494 1258 1515 morem
1286 1489 1319 1514 et
1350 1489 1509 1514 naturam

837 1535 927 1568 hanc
939 1533 1165 1568 hirundinem
1177 1533 1440 1580 deprehendere
1450 1547 1511 1568 cae-

837 1596 918 1621 terae
933 1600 1014 1622 vere
1029 1600 1184 1622 reversae.
1201 1610 1254 1614 --
1272 1588 1372 1630 Nefas
1390 1595 1509 1627 vocat,

838 1640 934 1686 quod
975 1641 1037 1674 ista
1081 1639 1237 1674 hirundo
1283 1641 1325 1673 ab
1367 1640 1511 1673 aliarum

838 1706 936 1727 more
957 1692 1159 1735 desciverit,
1182 1706 1246 1727 nec
1263 1706 1342 1726 cum
1368 1693 1513 1738 reliquis

838 1747 995 1781 avolarit.

893 1804 927 1840 4.
943 1798 1061 1834 Codex
1079 1800 1217 1833 Thuan.
1234 1799 1394 1844 deripuere
1413 1812 1510 1831 suam.

840 1853 971 1886 Caetera
1004 1853 1099 1886 nulla
1137 1852 1293 1886 varietas
1334 1873 1384 1879 —
1426 1851 1511 1885 Seue.

839 1904 1004 1950 Ejusdem
1043 1905 1178 1950 generis
1218 1918 1295 1939 aves
1314 1930 1322 1945 ,
1360 1911 1512 1949 cognata·

839 1958 931 1991 inter
962 1971 1026 1992 se:
1051 1960 1221 2003 profugam
1240 1986 1249 1998 ,
1291 1956 1512 1991 desertricem

839 2011 1008 2056 agminis,
1041 2010 1136 2057 quod
1168 2019 1206 2045 ut
1237 2012 1273 2044 in
1302 2023 1340 2044 re
1368 2009 1507 2043 militari

839 2064 986 2109 capitale
1001 2072 1073 2104 est,
1097 2065 1142 2097 ita
1168 2064 1234 2097 fuit
1253 2064 1333 2097 huio
1351 2061 1513 2096 hirundi-

840 2117 898 2158 ni,
921 2129 1030 2162 quum
1048 2116 1315 2163 discerperetur.
1333 2115 1485 2148 liuderus.

895 2170 927 2202 5.
952 2169 1030 2202 Sero
1049 2170 1138 2203 dedit
1149 2183 1277 2215 pavlus,
1298 2178 1361 2202 etc.
1380 2166 1514 2200 Alludit

841 2220 885 2255 ad
907 2222 1058 2255 fabulam
1091 2223 1261 2262 Pmones,
1290 2234 1395 2267 quam
1426 2220 1513 2254 dicit

840 2283 915 2308 tum
935 2274 1198 2321 discerpendam
1218 2275 1340 2315 fuisse,
1359 2273 1418 2307 ubi
1440 2273 1511 2318 ipsa

843 2340 944 2361 suum
969 2328 1080 2360 filium
1096 2329 1188 2373 Itym
1213 2326 1450 2372 discerpebat3
1473 2327 1516 2359 si·

843 2381 986 2425 mulque
1010 2379 1100 2414 ludit
1127 2381 1163 2412 in
1189 2381 1304 2414 verbis
1325 2380 1459 2423 disceiyii
1480 2388 1513 2411 et

845 2434 992 2466 lacerare.
1006 2432 1090 2466 Vid.
1107 2433 1174 2466 fab.
1189 2435 1209 2464 (5
1223 2459 1232 2474 ‚
1245 2434 1388 2467 Metam.
1405 2431 1511 2465 Ovid.

844 2494 878 2519 et
894 2485 988 2532 apud
1008 2486 1241 2532 lnytliologos.
