1978 3305
335 226 923 270 EPIGRAMMATUM
962 227 1084 269 LIB.
1107 227 1222 269 VII.

1383 226 1481 288 235)

149 313 371 358 Divitibus
396 316 561 374 poteris
582 316 733 359 Musas
748 350 761 368 ‚
785 314 1016 376 elegosque
1043 324 1244 358 sonantes

218 385 394 428 Mittere
422 402 430 427 :

77 530 170 555 ratos
195 521 373 555 simularet
394 522 530 556 Priscus
545 548 554 563 ,
571 523 627 556 vel
649 523 750 556 etiam

77 574 190 620 reipsa
209 574 455 617 meditaretur,
470 588 534 609 nec
549 576 680 609 interea
693 574 754 608 do-

76 640 121 662 na
143 627 360 669 remitteret,
385 629 562 662 silentium
587 630 660 674 ejus
679 640 751 661 me-

77 682 146 714 rito
158 706 167 721 ,
184 688 306 726 utpote
325 681 553 727 conqueritur
570 681 636 715 sibi
654 680 751 714 dam-

76 745 202 767 nosum
218 733 400 768 Martialis.

131 789 165 820 6.
187 785 396 820 Beverlandi
415 786 489 820 MS.
511 799 652 826 munera,
667 787 754 819 Pris-

76 852 109 871 ce
120 866 129 879 ‚
153 839 242 873 dato.
258 840 396 885 Legunt
415 839 473 873 alii
485 839 606 884 plana,
624 838 662 872 id
680 847 731 872 est
742 865 752 881 ‚

76 891 150 925 sine
181 892 407 927 carminibus.
438 892 508 925 Alii
533 893 652 937 plena,
683 892 753 926 hoc

75 952 146 986 est,
159 944 275 991 inquit
290 945 498 987 Famabius,
514 957 665 991 quorum
680 958 755 991 gra-

462 385 726 446 pauperibus
750 401 931 429 munera
954 401 1061 446 pexa
1088 384 1204 428 dato.

812 523 867 556 tiae
879 523 929 555 nil
943 521 1161 556 deminuitur
1175 535 1281 556 mora.
1296 524 1329 557 J.
1343 524 1485 557 Vossius

812 588 894 608 vero
904 576 1168 621 interpretatur,
1179 588 1250 609 non
1261 576 1477 622 politainstai

811 628 1002 673 Elegorum
1018 628 1236 671 sonantium,
1251 628 1311 662 sed
1328 641 1437 663 crassa
1453 639 1483 662 et

811 681 953 727 pinguia
975 689 1008 713 et
1030 681 1230 723 inconcstta,
1253 683 1371 728 magni
1399 691 1484 716 atta-

810 746 890 767 men
906 732 1288 779 ponderis.—Munera
1303 749 1398 780 pera.
1418 737 1484 769 Ra-

806 786 910 820 derus
933 789 1061 820 vestem
1085 800 1209 833 pexam
1232 788 1415 833 intelligit3
1436 789 1482 822 ita

806 848 847 873 ut
866 839 987 873 laudat
1012 839 1049 873 in
1074 840 1299 887 ambiguitate
1320 846 1373 875 τεῦ
1396 853 1482 886 pexa

808 890 982 932 (carmina
1009 888 1081 937 sc.)
1105 894 1250 939 pauperi
1279 906 1368 939 pexa
1402 893 1482 927 dato

809 943 1056 985 (vestimenta).

654 1093 897 1148 XLVII.

464 1252 531 1278 Al)
569 1250 833 1280 LICINIUM
873 1231 1097 1279 sumar*

148 1383 417 1426 DocTORnM
443 1383 587 1426 Licini
614 1381 894 1426 celeberrime
921 1384 1032 1426 Sura
1055 1383 1274 1433 virorum,

214 1452 351 1512 Cujus
376 1453 517 1513 prisca
547 1469 703 1514 graves
728 1452 874 1513 lingua
904 1452 1074 1496 reduxit
1099 1469 1228 1509 avos,

142 1522 378 1577 Redderis,
401 1523 490 1567 heu
514 1533 678 1584 quanto
709 1523 899 1567 fatorum
930 1521 1132 1568 munere!
1157 1524 1282 1568 nobis
1297 1560 1307 1575 ,

214 1594 400 1637 Gustata
426 1595 587 1638 Lethes
610 1611 732 1656 paene.
757 1595 960 1639 remissus
987 1611 1109 1655 aqua.

142 1662 426 1708 Perdiderant
447 1665 537 1725 jam
561 1675 662 1709 vota
689 1675 853 1709 metum
871 1701 881 1719 ‚
906 1682 1144 1727 securaque
1170 1665 1332 1709 flebant

125 1802 139 1817 ⁴¹
155 1808 216 1842 Ad
228 1809 382 1841 Licinium
399 1808 607 1842 inscribitur
617 1809 653 1841 in
668 1808 749 1842 Ald.

72 1861 172 1895 Junt.
183 1861 298 1895 Colin.
310 1861 449 1908 Gryph.
464 1862 626 1896 Pulman.
638 1862 749 1907 Lang.

73 1922 107 1947 et
128 1914 217 1948 aliis.

123 1989 177 1994 —
203 1967 407 2001 Gratulatur
427 1968 567 2002 Licinio
594 1967 749 2001 reditum

72 2020 109 2052 in
128 2020 237 2054 vitam
248 2045 259 2061 ‚
273 2033 350 2066 quae
366 2023 433 2066 jam
452 2022 494 2054 ab
514 2022 678 2054 omnibus
693 2020 750 2054 de-

72 2073 207 2118 plorata
230 2081 264 2106 et
280 2075 495 2108 conclamata
512 2075 644 2114 fuerat,
665 2074 750 2108 hor-

72 2133 236 2172 taturque
255 2135 294 2160 ut
314 2127 488 2173 reliquam
514 2128 594 2161 vitae
615 2135 749 2173 partem

72 2179 177 2224 genio
197 2179 385 2226 indulgeat.
409 2181 525 2214 Rader.

130 2244 162 2265 1.
187 2232 278 2266 Edd.
303 2245 383 2279 sup.
411 2233 483 2267 citt.
503 2245 511 2266 .·
531 2235 745 2274 celeberrime,

72 2297 187 2317 summe
204 2289 356 2320 virorum.
370 2286 575 2320 Lectionem
591 2297 746 2320 nostram

73 2347 245 2371 testantur
255 2339 381 2384 optimi
395 2338 669 2374 codd—Licini.
682 2340 750 2374 Cu-

70 2391 126 2435 jus
144 2393 358 2425 mentionem
382 2392 464 2425 facit
487 2400 521 2426 et
540 2393 676 2426 Plinius
692 2395 748 2439 ju-

73 2444 154 2477 nior
163 2444 224 2477 lib.
235 2444 303 2486 IV,
311 2445 411 2490 epist.
432 2445 478 2478 30
491 2457 499 2478 ε
512 2460 525 2472 τι
535 2446 647 2479 Attuli
661 2446 725 2479 tibi
739 2473 748 2488 ‚

72 2496 189 2542 inquit
214 2494 359 2543 (nempe
385 2497 521 2531 Licinio
542 2492 663 2541 Surae)
678 2524 688 2540 ‚
707 2511 747 2532 ex

72 2550 182 2594 patria
213 2562 289 2583 mea
321 2563 388 2596 pro
418 2551 626 2584 munusculo
653 2563 747 2597 quae·

72 2604 238 2643 stionem,
259 2604 423 2638 altissima
451 2603 516 2637 ista
548 2603 746 2637 eruditione

72 2655 320 2702 dignissimam.
343 2674 356 2686 ›-

867 1822 896 1841 2.
915 1808 1014 1853 Cujus
1024 1812 1143 1854 prisca.
1161 1809 1269 1855 Cujus
1282 1810 1395 1843 oratio
1411 1823 1485 1856 gra-

810 1861 953 1894 vitatem
971 1870 1005 1895 et
1017 1875 1131 1895 mores
1141 1863 1365 1908 antiquorum
1381 1864 1484 1909 sapit.

810 1925 848 1948 ac
867 1917 1014 1960 majores
1033 1924 1172 1949 nostros
1186 1942 1194 1957 ‚
1214 1928 1371 1949 summos
1393 1917 1481 1950 cive<

809 1975 912 2014 atque
937 1976 1092 2002 oratores
1115 1969 1217 2002 nobis
1239 1981 1336 2014 aeque
1354 1982 1481 2015 reprae-

808 2029 934 2055 sentat.
954 2022 1022 2054 En.

863 2075 896 2108 3.
927 2074 1078 2107 Reddet-tls
1092 2101 1101 2114 ‚
1138 2083 1204 2108 etc.
1240 2075 1381 2117 Quanto
1419 2087 1483 2109 nos

808 2127 945 2161 bearint
976 2139 1124 2161 munere
1158 2128 1274 2161 Parcae
1293 2154 1302 2169 ‚
1334 2140 1411 2172 quae
1449 2136 1484 2161 te

807 2193 917 2226 prope
939 2190 1116 2214 mortuum
1136 2181 1216 2214 vitae
1242 2181 1480 2214 restituerunt.

863 2239 896 2274 4.
915 2233 1056 2268 Gustata
1083 2235 1205 2267 Lethes.
1229 2233 1360 2273 Lethe,
1386 2234 1481 2268 Inse-

807 2300 928 2320 rorum
949 2287 1097 2328 fluvius;
1113 2287 1181 2320 hoc
1203 2295 1270 2325 est,
1295 2287 1368 2319 fere
1386 2300 1480 2320 mor-

809 2348 888 2374 tuus
901 2367 909 2381 ,
931 2339 974 2373 ad
989 2341 1101 2373 lucem
1120 2340 1281 2384 resurgis.

862 2394 895 2426 5.
909 2394 996 2426 Vota
1006 2401 1128 2425 metum.
1139 2392 1206 2438 Spe
1215 2393 1308 2425 enim
1324 2401 1391 2426 tuae
1402 2393 1482 2426 vitae

807 2445 964 2491 deposita
997 2447 1068 2491 jam
1097 2444 1307 2479 desieramus
1331 2446 1454 2479 timere
1471 2471 1479 2481 ‚

807 2507 841 2532 et
871 2507 1001 2532 certam
1031 2506 1126 2531 tuam
1154 2507 1306 2532 mortem
1335 2499 1478 2545 lugeba-

806 2563 962 2584 mus.—
976 2551 1097 2584 Priora
1115 2551 1222 2598 hujus
1238 2551 1380 2586 distichi
1395 2552 1479 2598 quid

805 2604 870 2637 sibi
880 2604 990 2638 velint
1000 2629 1010 2643 ,
1027 2617 1098 2638 non
1112 2605 1244 2639 extrico
1255 2606 1368 2651 plane.
1385 2607 1480 2640 Con-

806 2658 953 2701 jeceram
975 2657 1056 2690 olim
1074 2670 1081 2689 :
1100 2658 1312 2691 Perdiderant
1319 2660 1388 2703 jam
1403 2667 1480 2690 ‘rota
