1978 3305
465 246 559 293 522
837 250 898 292 M.
922 249 1065 292 VAL.
1106 249 1492 292 MARTIALIS

530 338 763 397 Temperat
788 336 881 380 haec
905 336 1121 390 thermas,
1149 337 1302 380 nimios
1327 337 1446 397 prior
1471 337 1579 380 hora
1603 353 1785 398 vapores

600 405 752 459 Halat,
777 415 821 449 et
852 406 1086 450 immodico
1118 415 1238 450 sexta
1266 406 1441 450 Nerone
1471 405 1592 450 calet.

532 475 690 530 Stella,
720 475 891 537 Nepos,
913 478 1045 530 Cani,
1075 476 1289 530 Cerealis,
1320 475 1497 529 Flacce,
1518 477 1700 521 venitis?

599 548 773 608 Septem
799 548 935 608 sigma
957 549 1096 609 capit,
1123 564 1196 592 sex
1222 563 1393 601 sumus,
1418 547 1529 592 adde
1553 549 1741 609 Lupum.

531 619 854 662 Exoneraturas
879 627 1075 662 ventrem
1103 618 1207 662 mihi
1233 616 1375 661 villica
1398 616 1562 661 malvas

602 686 778 743 Attulit,
803 697 847 732 et
876 690 1043 743 varias,
1067 705 1172 750 quas
1201 688 1334 732 habet
1360 688 1535 743 hortus,
1567 705 1684 749 opes.

532 759 582 801 ln
607 758 764 819 quibus
785 768 850 803 est
874 758 1043 803 lactuca
1073 759 1249 812 sedens,
1281 768 1324 802 et
1348 758 1495 803 sectile
1522 775 1726 819 porrum;

599 830 693 873 Nec
717 829 840 873 deest
865 831 1074 873 ructatrix
1098 829 1299 884 mentha,
1327 845 1405 873 nec
1435 829 1572 872 herba
1600 828 1728 873 salax.

461 977 574 1010 ticulis
588 978 798 1023 copulativis
815 977 949 1024 aliquid
964 977 1047 1011 duri
1065 978 1134 1011 hae-

460 1041 550 1063 rere.
573 1030 714 1065 Gronov.
734 1033 777 1064 At
797 1030 955 1064 Raderus
972 1043 980 1064 :
997 1048 1010 1060 ιι
1026 1031 1132 1070 Redit,

462 1090 525 1116 etc.
538 1082 592 1117 Ad
611 1085 781 1129 templum
796 1083 868 1117 deae
878 1082 980 1117 Isidis
999 1084 1035 1117 in
1048 1096 1137 1117 cam-

462 1148 507 1182 po
537 1136 676 1170 Martio.
695 1137 788 1170 Tum
808 1145 843 1170 et
861 1135 1138 1178 observandum,

464 1187 546 1221 Isidi
564 1189 616 1222 bis
636 1189 670 1222 in
688 1188 745 1223 die
760 1188 882 1223 laudes
895 1190 938 1223 ab
956 1188 1072 1223 Isiacis
1087 1188 1139 1223 di-

462 1249 544 1275 ctas.
556 1242 671 1275 Prima
685 1255 811 1288 nempe
826 1243 930 1285 hora,
946 1255 1013 1288 qua
1031 1254 1139 1276 sacer·

461 1293 560 1328 dotes
593 1294 694 1329 Isidis
727 1296 900 1341 templum
935 1296 1139 1341 aperiebant

462 1345 473 1385 (
486 1346 593 1393 idque
609 1350 741 1394 Apertio
757 1346 963 1388 vocabatur)
980 1357 1013 1382 et
1025 1350 1137 1382 Deum

461 1400 655 1435 salutabant
669 1401 765 1448 quod
782 1402 1012 1436 Salutationem
1027 1411 1060 1435 et
1071 1403 1139 1435 Er-

461 1456 638 1488 citationem
658 1455 891 1501 appellabant.
904 1456 987 1489 Post
1001 1480 1009 1496 ‚
1026 1463 1136 1488 totum

462 1505 554 1541 diem
580 1508 707 1553 stipem
746 1508 1025 1542 emendicabant.
1051 1508 1139 1541 Inde

463 1558 507 1593 ad
518 1569 673 1594 octavam
686 1560 848 1595 redibant
861 1588 870 1603 ,
882 1569 916 1595 et
926 1563 1034 1595 Deam
1048 1574 1140 1595 com-

463 1614 658 1658 ponebant,
672 1623 706 1647 et
725 1615 897 1661 templum
917 1613 1138 1648 claudebant.

465 1666 533 1700 Has
543 1668 696 1712 geminas
706 1667 810 1702 Isidis
824 1667 945 1702 laudes
954 1668 1073 1701 Tibul.
1086 1667 1137 1700 in-

464 1720 606 1766 telligit,
623 1733 732 1766 quum
747 1721 828 1755 ital.
839 1722 869 1762 1,
886 1733 946 1763 111,
960 1720 1017 1760 32,
1030 1721 1140 1754 canit:

467 1773 616 1818 ·Bisque
628 1796 638 1811 ‚
659 1773 716 1807 die
739 1775 893 1808 resoluta
916 1787 1051 1815 comas,
1068 1774 1133 1808 tibi

464 1825 583 1860 dicere
598 1826 720 1861 laudes
731 1827 881 1873 Insignis
894 1828 999 1862 turba
1015 1826 1141 1861 debeat

463 1879 500 1912 iu
518 1880 872 1927 Pharia.=‚—Jamque
889 1880 1041 1926 subitque.
1065 1881 1140 1915 Hoc

462 1939 535 1966 est:
555 1934 633 1966 Jam
649 1932 851 1979 ingreditur
870 1934 1042 1980 templum
1060 1935 1140 1967 Deae

464 1984 565 2019 Isidis
575 1985 610 2019 in
627 1998 751 2032 campo
761 1987 957 2020 Martio.—-
966 1987 1140 2021 Caeterum

464 2038 602 2072 videtur
609 2052 720 2073 unum
730 2053 788 2086 que
796 2039 1017 2074 redundare:
1033 2053 1140 2085 quare

462 2091 599 2126 dubitat
621 2091 779 2126 Raderus
804 2106 889 2127 num
915 2092 1138 2127 scribendum

463 2145 527 2187 sit,
545 2154 667 2192 statque
681 2146 822 2191 subitque
843 2147 962 2179 cohors.
981 2146 1067 2179 Nam
1087 2159 1139 2180 re-

464 2199 554 2233 versi
581 2199 630 2232 illi
657 2198 854 2234 sacerdotes
873 2207 1003 2234 stantes
1031 2201 1139 2233 Deam

463 2250 654 2286 adorabant
673 2265 681 2286 :
704 2253 766 2286 lib.
791 2253 883 2294 XII,
900 2253 1009 2298 epigr.
1033 2265 1114 2286 xxix
1131 2264 1138 2285 z

466 2323 478 2334 ‹-
496 2306 592 2339 Inter
613 2304 796 2339 adorantes
811 2318 919 2352 quum
937 2306 1031 2339 stetit
1052 2305 1139 2338 Her-

464 2371 637 2404 mogenes.
648 2377 660 2388 n
669 2358 795 2393 Videat
813 2359 934 2393 lector.

519 2411 550 2444 3.
570 2412 678 2446 Nimio
700 2426 819 2458 vapore
841 2412 921 2446 cod.
953 2412 1136 2457 Rulmann.

466 2486 503 2490 —
516 2465 612 2497 Prior
624 2466 700 2498 bora
712 2491 722 2505 ,
741 2474 806 2499 etc.
825 2465 999 2511 Septima,
1020 2464 1138 2506 idest,

465 2518 576 2563 prima
601 2518 839 2564 pomeridiana
853 2544 862 2558 ,
880 2527 999 2552 octava
1026 2519 1135 2564 prior.

465 2594 468 2596 <
501 2572 685 2616 Jenqwme
700 2572 777 2606 licre.
795 2572 932 2606 Scilicet
946 2572 1030 2605 hora
1048 2580 1137 2605 ncta-

464 2637 520 2665 wa,
540 2637 606 2669 qua
632 2625 789 2658 lavabant
808 2625 954 2671 antiqui.

519 2682 550 2717 ά.
567 2678 611 2710 lz'!
621 2679 794 2711 mmmduo.
804 2679 879 2711 Hoc
892 2687 940 2711 cst
952 2704 960 2719 ,
974 2678 1018 2711 im
1026 2677 1137 2711 modi-

1196 990 1234 1011 ce
1254 978 1479 1012 aestuantibus
1498 979 1643 1013 thermis
1653 979 1871 1014 Neronianis.

1252 1032 1284 1064 5.
1302 1030 1402 1064 Stella
1414 1058 1422 1071 ‚
1442 1031 1566 1077 Nepos,
1584 1040 1648 1065 etc.
1666 1032 1777 1066 Amici
1792 1045 1874 1066 con-

1198 1084 1357 1129 vivaeque
1378 1084 1557 1118 Martialis.

1251 1140 1285 1171 6.
1298 1137 1350 1169 De
1363 1137 1454 1184 Rooy
1464 1137 1561 1171 malit
1571 1137 1655 1170 addo
1666 1137 1787 1182 Lupum
1797 1151 1808 1177 ,·
1819 1138 1873 1172 vel

1195 1189 1318 1235 Septem
1328 1216 1337 1230 ,
1349 1191 1451 1234 sigma
1460 1216 1469 1230 ‚
1478 1191 1564 1235 capis
1574 1216 1583 1231 ‚
1594 1203 1649 1223 sex
1658 1203 1782 1230 sumus;
1793 1190 1875 1223 adde

1197 1244 1235 1276 L.
1244 1242 1408 1288 —Sigma
1419 1245 1515 1288 capit.
1526 1243 1652 1277 Lectus
1662 1242 1705 1277 ad
1720 1255 1873 1277 mensam

1197 1295 1497 1337 accommodatus,
1517 1296 1576 1342 qui
1595 1296 1770 1330 referebat
1787 1296 1873 1330 ima-

1196 1350 1313 1394 ginem
1348 1349 1552 1383 Graecorum
1584 1353 1607 1382 Σ
1620 1371 1630 1388 ,
1661 1348 1755 1395 quod
1789 1349 1874 1383 olim

1197 1402 1414 1436 formabatur
1448 1410 1486 1435 ut
1512 1403 1676 1436 Latinum
1718 1402 1759 1437 C.
1782 1401 1874 1436 Vide

1197 1456 1257 1488 lib.
1278 1455 1377 1496 XIV,
1402 1456 1511 1500 epigr.
1535 1467 1690 1489 Lxxxvn.
1711 1454 1874 1489 Brodaeus

1200 1520 1350 1541 mensam
1373 1508 1642 1554 interpretatur,
1671 1508 1730 1542 cui
1752 1516 1873 1541 contra

1198 1561 1293 1607 Lips.
1309 1560 1543 1607 adstipulatur
1562 1562 1686 1595 Savato
1708 1559 1750 1594 ad
1772 1559 1873 1595 Sido-

1198 1615 1314 1654 nium,
1328 1614 1388 1647 lib.
1405 1615 1440 1647 II
1453 1640 1461 1654 ,
1480 1615 1588 1661 epigr.
1607 1626 1638 1648 11
1650 1639 1660 1655 ,
1677 1627 1727 1648 vs.
1748 1627 1782 1656 2;
1795 1613 1876 1648 vide

1199 1677 1233 1702 et
1255 1667 1439 1702 Stuckium
1454 1694 1463 1708 ,
1493 1668 1699 1714 Antiquitat.
1723 1667 1873 1701 Conviv.

1197 1721 1260 1754 lib.
1280 1722 1332 1762 II,
1353 1733 1429 1767 cap.
1452 1721 1518 1761 34,
1546 1729 1578 1754 et
1609 1721 1795 1762 Rosinum,
1813 1720 1873 1754 lib.

1200 1775 1246 1815 V,
1266 1786 1341 1820 cap.
1364 1773 1419 1807 28.

1252 1840 1287 1872 7.
1309 1828 1567 1867 Exoneraturas,
1599 1834 1662 1860 etc.
1689 1826 1768 1859 Lib.
1796 1826 1849 1858 111
1867 1852 1875 1867 ,

1199 1881 1305 1926 epigr.
1328 1879 1699 1913 Lxxxv111.—Malvas.
1717 1879 1875 1924 Simplex

1199 1946 1279 1967 sane
1293 1942 1326 1967 et
1334 1933 1533 1967 rusticantis
1542 1941 1653 1979 poetae
1664 1932 1874 1966 convivium.

1200 1985 1302 2020 Haud
1323 1986 1490 2020 absimilis
1512 1986 1654 2019 Flaccus
1673 1997 1680 2018 :
1705 2000 1717 2012 κ
1740 1997 1796 2018 me
1815 1997 1876 2031 pa-

1198 2049 1299 2073 scunt
1316 2039 1438 2079 olivae,
1460 2039 1519 2072 Me
1535 2039 1694 2072 cichorea
1716 2039 1877 2084 levesque

1199 2093 1329 2126 malvae.
1349 2092 1415 2125 En.
1434 2113 1485 2118 —
1503 2092 1634 2125 Malvas
1667 2093 1736 2137 jam
1771 2103 1876 2137 supra

1200 2146 1324 2179 molles
1345 2144 1433 2178 dixit
1455 2145 1515 2178 lib.
1536 2145 1608 2184 111,
1630 2146 1719 2191 epig.
1738 2156 1875 2178 Lxxxxx.

1200 2200 1251 2232 De
1276 2198 1418 2232 lactucis
1448 2206 1482 2231 et
1511 2198 1626 2244 porris
1651 2196 1784 2231 dictum
1814 2197 1875 2231 lib.

1200 2253 1253 2285 ΙΙΙ
1269 2278 1278 2292 ,
1298 2251 1408 2297 epigr.
1426 2263 1537 2285 uvir.

1254 2322 1287 2349 μ.
1307 2305 1422 2338 Recens
1440 2317 1505 2351 pro
1524 2304 1632 2337 sedens
1649 2303 1720 2337 MS.
1740 2303 1874 2336 Beverl.

1205 2359 1331 2391 Tonsil‹·
1351 2371 1416 2403 pro
1434 2359 1538 2390 sectile
1554 2356 1657 2391 codd.
1680 2356 1817 2390 Thuan-
1844 2364 1878 2389 et

1200 2411 1399 2444 Pulmanni.
1426 2411 1598 2445 Caeterum
1627 2410 1770 2443 consule
1794 2410 1876 2442 Var.

1199 2473 1273 2498 not.
1288 2484 1339 2490 —
1353 2464 1480 2497 Sedens.
1510 2463 1653 2497 sessilis.
1692 2463 1770 2496 Lib.
1807 2462 1877 2499 111,

1199 2519 1306 2563 epigr.
1333 2529 1449 2555 xi.v11;
1473 2516 1516 2550 cle
1539 2517 1670 2549 lactuca
1694 2515 1878 2548 Athenaeus

1199 2571 1256 2604 lib.
1281 2572 1333 2608 11,
1353 2583 1426 2616 cap.
1455 2583 1509 2614 ⁴17.

1259 2637 1309 2655 ιυ.
1338 2625 1555 2668 Uestam-atris
1589 2622 1774 2655 Vaticanus
1809 2633 1872 2666 pro

1204 2679 1244 2709 1)(
1254 2687 1297 2709 «κα
1322 2680 1486 2709 rustam-is.
1506 2675 1668 2710 Codicmn
1694 2675 1877 2719 antiquum
