1978 3305
425 228 489 283 64

797 234 860 276 M.
888 235 964 277 VA
980 235 1028 278 L.
1067 235 1155 277 MA
1170 235 1452 280 RTIALIS

997 387 1241 443 XLIII.

750 542 817 570 DE
856 542 1060 572 THAIDE
1098 545 1160 572 ET
1199 523 1482 573 ΜΞΕΑΝΙΑ.ἧς

488 673 638 715 ΤΗΑῐε
662 670 794 715 habet
822 672 991 734 nigros,
1013 675 1163 719 niveos
1194 675 1382 719 Lecania
1397 710 1409 729 ‚
1434 674 1597 719 dentes.

558 743 669 798 Quae
697 742 808 787 ratio
834 742 928 787 est?
950 753 1119 805 emptos
1147 745 1241 789 haec
1265 745 1420 799 habet,
1446 744 1516 789 illa
1540 762 1661 790 suos.

469 882 483 896 ““
514 887 554 919 In
588 886 657 920 hoc
683 887 931 932 epigrammate
960 887 1094 921 nullam

417 939 580 973 lectionis
592 939 795 973 varietatem
808 939 970 986 produnt
982 952 1097 973 exem-

418 993 526 1038 plaria
539 1018 548 1033 ‚
569 1000 628 1026 aut
647 992 776 1038 scripta
789 1018 799 1034 ,
817 1001 875 1026 aut
896 1005 1030 1027 excusa.

1208 902 1240 921 2.
1273 888 1406 933 Emptos
1431 889 1497 921 ltoec
1525 889 1627 923 habet.
1650 888 1829 922 Nimirum

1155 940 1316 973 Lecania.
1332 939 1420 974 Inde
1435 949 1531 986 patet
1551 940 1675 976 dentes
1689 941 1829 975 adsciti-

1157 993 1225 1027 tios
1243 993 1338 1026 albos
1357 994 1522 1028 Romanis
1540 994 1746 1028 innotuisse.

1009 1135 1236 1192 XLIV.

920 1291 974 1318 IN
1011 1290 1327 1320 DENTONEM.

559 1420 686 1474 QUID
716 1417 881 1461 factum
909 1425 997 1469 est,
1024 1433 1156 1477 rogo,
1185 1416 1289 1477 quid
1320 1426 1498 1477 repente
1528 1417 1726 1461 factum?

559 1488 626 1532 Ad
656 1503 826 1532 coenam
856 1486 987 1542 mihi,
1009 1488 1181 1542 Dento,
1203 1486 1322 1548 quod
1348 1489 1549 1543 vocanti,

560 1559 670 1616 Quis
695 1556 871 1602 credat?
895 1566 1049 1618 quater
1078 1573 1207 1601 ausus
1232 1574 1277 1602 es
1302 1573 1475 1619 negare.

561 1629 645 1673 Sed
672 1645 753 1672 nec
776 1629 980 1689 respicis,
1005 1637 1049 1672 et
1076 1627 1189 1689 fugis
1218 1638 1498 1689 sequentem3

561 1702 703 1758 Quem
735 1699 915 1743 thermis
939 1698 1072 1743 modo
1099 1715 1292 1759 quaerere
1307 1732 1318 1753 ,
1345 1709 1388 1743 et
1411 1698 1613 1755 theatris,

560 1773 618 1814 Et
648 1769 928 1815 conclavibus
951 1769 1153 1813 omnibus
1179 1768 1362 1814 solebas.

562 1843 631 1885 Sic
660 1850 725 1885 est
750 1857 758 1883 :
786 1849 938 1901 captus
963 1857 1008 1884 cs
1036 1841 1233 1884 unctiore
1258 1855 1406 1890 coena,

560 1914 618 1956 Et
640 1911 780 1972 major
804 1912 948 1971 rapuit
973 1926 1125 1955 canem
1152 1910 1295 1955 culina

481 2073 510 2091 ι.
535 2056 624 2102 Quid
639 2057 776 2100 saelum.
814 2055 936 2088 Facete
974 2052 1098 2087 irridet

426 2114 529 2146 istum
563 2111 783 2150 Dentonem3
804 2116 927 2153 quater
957 2106 1000 2140 ad
1030 2119 1098 2140 coe-

432 2177 510 2198 nam
522 2171 664 2197 vocatus
679 2168 899 2196 recusaverat
912 2186 921 2201 ‚
938 2160 998 2205 qui
1017 2160 1099 2193 alias

429 2231 490 2264 per
508 2226 615 2251 totam
634 2216 758 2249 urbem
771 2214 871 2260 sequi
886 2213 1030 2247 Poetam
1044 2225 1098 2246 so-

427 2272 523 2304 leret.
553 2271 677 2303 Jocum
709 2269 813 2302 etiam
848 2267 972 2313 quaerit
1004 2266 1098 2299 Mar-

428 2325 517 2357 tialis
555 2336 573 2357 a
607 2322 751 2355 nomine
780 2320 975 2358 Dentonis,
1002 2318 1100 2365 quod

428 2377 568 2410 videtur
592 2388 636 2409 ex
655 2374 820 2409 dentibus
844 2372 983 2407 deduci.
1006 2371 1101 2405 Vide

430 2431 488 2464 lib.
514 2429 585 2469 XI,
605 2429 712 2474 epigr.
741 2439 813 2461 xiv.
840 2427 972 2461 Canem
994 2437 1102 2472 porro

432 2484 525 2517 illum
564 2491 687 2522 vocat,
718 2479 812 2526 quod
845 2479 999 2513 culinam
1038 2491 1102 2512 uu-

430 2537 573 2570 rtiorrm
594 2532 757 2567 odoratus
776 2533 982 2566 alliceretur.

486 2595 517 2630 ,3.
536 2589 726 2634 Sequentvm.
752 2588 809 2620 Me
833 2594 1034 2631 sequentem
1064 2593 1101 2618 ut

432 2645 574 2677 invitem
595 2649 638 2673 te.

484 2699 515 2729 Ξ).
537 2695 688 2730 Thermis,
714 2693 852 2725 flu-atris.
873 2691 954 2725 Yid.
974 2692 1035 2733 lib,
1055 2692 1099 2731 II,

1158 2054 1268 2099 epigr.
1290 2066 1371 2095 x1v;
1390 2054 1450 2088 lib.
1470 2054 1587 2100 Spect.
1607 2054 1715 2099 epigr.
1728 2065 1833 2087 11.—

1161 2107 1311 2151 (ἣκει-εκ
1324 2134 1333 2147 ,
1356 2115 1393 2140 ut
1413 2119 1431 2140 a
1449 2119 1504 2140 me
1523 2107 1557 2140 in
1565 2106 1732 2140 vitai-eris.

1214 2161 1247 2193 5.
1279 2159 1507 2200 conclavibus,
1532 2168 1597 2194 etc.
1618 2158 1833 2193 Coenationi-

1158 2213 1224 2245 bus
1237 2238 1246 2253 ‚
1263 2213 1368 2246 cellis.

1214 2278 1246 2310 7.
1278 2265 1425 2298 Unctiore
1453 2279 1556 2298 mensa
1581 2265 1752 2299 Gruterus
1786 2265 1834 2298 le-

1159 2317 1314 2363 gendum
1332 2327 1464 2359 censet,
1487 2331 1527 2352 cx
1546 2318 1657 2352 tribus
1676 2316 1780 2352 codd.
1801 2327 1833 2351 ct

1160 2371 1209 2405 sic
1228 2371 1337 2405 codex
1359 2372 1557 2405 Pulmanni.
1578 2371 1711 2417 Saepius
1731 2384 1834 2404 mensa

1161 2433 1195 2457 et
1218 2438 1303 2458 carna
1327 2434 1586 2471 permutantur.
1606 2423 1691 2459 Yid.
1709 2423 1752 2457 ad
1772 2424 1832 2456 lib.

1163 2479 1197 2519 I,
1214 2478 1324 2524 epigr.
1339 2478 1619 2512 ‹11v.—(f'm·tiore
1637 2490 1740 2510 mensa
1761 2477 1835 2516 alii;

1163 2532 1252 2565 forte
1274 2540 1370 2565 recto
1393 2544 1495 2565 seusu
1517 2531 1676 2564 ciborum
1702 2530 1831 2563 illuvie.

1217 2587 1250 2619 8.
1263 2584 1379 2618 Canem
1388 2585 1504 2617 culina.
1514 2583 1731 2629 Coenipctam
1747 2584 1838 2616 Den-

1162 2646 1279 2671 tonem
1293 2664 1302 2677 ,
1320 2638 1427 2671 instar
1440 2637 1533 2670 mnis
1547 2636 1755 2670 odorantem
1768 2635 1837 2668 lau-

1160 2691 1283 2724 tiorem
1307 2690 1493 2724 officinam.
