1978 3305
395 266 605 308 EPIGR
624 266 979 308 AMMATUM
1017 266 1139 307 Llss.
1180 266 1216 307 V
1235 266 1262 307 1.

1435 280 1523 325 ¹¹5)

730 403 911 460 XIII.

557 547 620 574 DE
659 546 853 574 STATUA
891 528 1096 575 sumzu*

191 653 312 708 QUIS
336 661 376 695 te
400 652 603 695 Phidiaco
627 652 879 705 formatam,
904 651 1038 707 Julia,
1062 652 1187 705 caelo;

261 721 342 765 Vel
368 723 463 782 quis
490 721 687 765 Palladiae
710 738 796 765 non
822 730 942 781 putet
971 723 1072 766 artis
1098 724 1235 783 opus?

191 791 386 835 Candida
413 808 501 835 non
529 793 658 835 tacita
683 791 915 852 respondet
940 793 1125 852 imagine
1152 794 1349 854 Lygdos,

258 863 316 905 Et
345 861 514 922 placido
540 861 677 923 fulget
701 864 823 906 vivus
855 864 897 905 in
926 878 1000 906 ore
1024 861 1176 923 liquor.

190 931 324 976 Ludit
349 931 563 987 Acidalio,
587 932 660 976 sed
686 949 773 976 non
801 949 953 976 manus
984 949 1158 993 aspera,
1190 934 1326 987 nodo,

145 1049 320 1088 *Statuam
332 1067 349 1087 e
359 1053 604 1088 candidissimo
618 1067 790 1087 marmore

120 1107 339 1141 Domitianus
352 1107 472 1147 Juliae,
486 1120 589 1153 quam
602 1107 791 1152 impensius

119 1161 271 1202 amabat,
287 1159 530 1201 exaedificavit,
544 1168 790 1205 argumentum

118 1213 247 1246 amoris
261 1237 271 1252 ‚
292 1225 395 1258 quem
420 1226 482 1259 per
513 1221 644 1246 cestum
657 1238 666 1253 ‚
687 1213 791 1245 Juliae

118 1278 222 1299 manu
236 1266 426 1299 haerentem
439 1291 448 1306 ‚
463 1265 669 1307 declaravit,
682 1278 791 1311 quum

118 1331 160 1351 eo
182 1331 217 1352 se
241 1331 460 1364 percussum,
478 1326 518 1352 ut
544 1319 628 1352 olim
651 1318 790 1363 Jupiter

119 1384 136 1404 a
155 1371 314 1412 Junone,
331 1379 364 1405 et
381 1371 475 1405 Mars
495 1384 513 1405 a
530 1373 668 1404 Venere
684 1370 790 1416 signi-

118 1424 255 1465 ficaret;
272 1424 441 1470 illumque
457 1432 593 1458 cestum
607 1424 656 1457 ait
670 1424 790 1464 Poeta,

119 1484 188 1510 tam
218 1489 341 1510 verum
376 1485 410 1510 et
440 1485 620 1522 potentem
638 1502 648 1518 ‚
676 1484 715 1510 ut
737 1476 789 1508 vi-

118 1528 242 1563 deatur
271 1530 314 1563 ab
346 1530 455 1575 ipsius
491 1528 677 1575 Cupidinis
700 1529 790 1562 collo

118 1581 311 1624 detractus,
333 1582 440 1616 immo
463 1582 523 1628 qui
543 1582 662 1615 vincat
693 1594 790 1614 eum-

119 1634 272 1676 dem3ut
291 1635 318 1668 si
328 1636 349 1668 J
353 1648 423 1668 uno
445 1643 504 1668 aut
520 1636 640 1668 Venus
659 1643 791 1668 costum

120 1687 313 1728 desideret,
334 1688 443 1734 possit
468 1688 567 1721 illum
588 1700 661 1721 non
683 1689 754 1733 jam
773 1699 790 1720 a

119 1740 311 1786 Cupidine,
331 1740 390 1775 sed
410 1753 427 1774 a
445 1741 539 1774 Julia
558 1749 719 1773 mutuum
737 1753 792 1773 ac-

119 1794 248 1839 cipere.
262 1794 380 1828 Rader.
393 1815 444 1820 --
457 1793 518 1827 Ad
527 1794 648 1826 Juliam
666 1793 791 1827 lemma

118 1854 170 1880 est
193 1847 230 1880 in
255 1846 375 1881 codice
395 1846 593 1880 Puhnanni.

177 1912 209 1933 1.
229 1900 309 1944 Quis
339 1908 367 1932 te
398 1899 554 1932 Phidiaco
574 1899 729 1941 sot-mavit
753 1899 788 1931 in

118 1951 239 1986 codice
255 1952 474 1986 Florentino.
486 1973 538 1979 —-
557 1952 638 1996 Quis
657 1960 685 1984 te
710 1952 790 1984 ΡΙιί-

118 2005 230 2045 diaco,
253 2013 317 2039 etc.
334 2005 422 2047 Quis
444 2013 592 2040 statuam
615 2013 708 2038 tuam
727 2005 794 2037 fin-

119 2059 168 2091 xit
188 2066 286 2092 tanto
307 2058 456 2091 artificio
470 2083 479 2099 ,
506 2067 544 2091 ut
565 2057 699 2091 Phidiae
720 2058 790 2090 exi-

119 2111 180 2144 mii
197 2111 381 2157 sculptoris
397 2123 573 2157 superasse
585 2137 594 2152 ‚
611 2111 792 2156 ipsiusque

118 2164 266 2198 Palladis
294 2172 401 2197 artem
432 2176 568 2209 aequare
604 2162 790 2197 videatur?

119 2239 170 2244 -—
185 2218 285 2251 Julla.
308 2217 395 2251 Filia
415 2216 489 2250 Titi
507 2216 732 2263 Imperatoris
759 2224 793 2249 et

119 2270 254 2303 Martiae
285 2270 448 2304 Furvillae
463 2294 472 2306 ‚
511 2271 568 2303 cui
600 2269 793 2316 impensius

120 2331 240 2356 amatae
276 2323 494 2357 Domitianus
527 2331 673 2368 patruus
708 2322 791 2355 insi-

118 2388 220 2422 gnem
242 2383 406 2416 statuam,
425 2376 564 2409 eroticis
583 2374 791 2421 quibusdam

119 2429 223 2474 signis
246 2427 288 2461 ad
304 2427 497 2462 notandum
513 2436 673 2461 mutuum
693 2441 791 2462 aino·

117 2494 191 2515 rem
219 2481 437 2522 decoratam,
464 2481 582 2514 erexit.
610 2503 660 2508 -
691 2481 790 2514 Ccelo.

121 2535 220 2581 Stylo
249 2534 450 2579 sculptorio,
479 2535 530 2567 De
558 2533 681 2568 Phidia
698 2559 708 2575 ‚
729 2534 790 2567 lib.

120 2588 193 2630 III,
215 2586 274 2621 35.
292 2586 453 2620 Phidiam
489 2595 602 2620 autem
632 2587 792 2620 nomina-

121 2640 191 2682 vit,
209 2638 304 2686 quod
321 2640 438 2686 plures
457 2640 658 2673 formaverit
676 2641 793 2672 Vene-

122 2706 187 2727 res.
209 2693 303 2726 Julia
329 2701 401 2727 erat
433 2702 501 2726 tam
530 2694 618 2726 bene
643 2693 793 2739 effigiata

850 1063 887 1087 ut
903 1054 1085 1100 pulchrior
1096 1055 1236 1088 Venere
1250 1056 1323 1101 ipsa
1335 1054 1523 1090 videretur.

908 1120 939 1139 2.
964 1105 1082 1140 Codex
1114 1107 1300 1140 Pulmanni
1321 1121 1328 1142 :
1356 1121 1416 1141 non
1431 1117 1525 1154 putat

851 1162 929 1191 artis
948 1173 1033 1205 opus.

907 1213 938 1246 3.
959 1212 1107 1246 Candida
1137 1225 1199 1245 non
1233 1222 1323 1245 tacta
1356 1214 1391 1246 in
1421 1213 1523 1248 codd.

850 1265 1004 1299 Florent.
1029 1267 1110 1299 Vat.
1137 1273 1170 1298 et
1196 1266 1357 1299 Pulman.
1379 1288 1430 1293 —
1449 1267 1523 1300 Non

851 1321 965 1357 tacita,
988 1327 1052 1351 ete.
1073 1317 1126 1351 Ad
1146 1318 1263 1351 vivum
1280 1319 1327 1352 ita
1344 1331 1501 1365 expressa
1513 1346 1520 1359 ,

850 1379 889 1404 ut
906 1371 1003 1416 loqui
1021 1370 1193 1405 videatur.
1212 1393 1263 1397 —
1279 1372 1418 1418 Lygdos.
1435 1373 1526 1405 Mar-

849 1436 927 1456 mor
943 1423 1165 1469 Lygdinum,
1185 1436 1202 1456 e
1228 1425 1348 1458 Tauro
1375 1434 1409 1458 et
1437 1425 1522 1458 Ara-

849 1477 916 1510 bia.
936 1476 1055 1522 Epigr.
1077 1489 1172 1517 xm,
1191 1489 1240 1510 vs.
1263 1489 1327 1518 213
1350 1478 1452 1511 infra.

905 1528 1035 1570 4.Edd.
1051 1530 1185 1563 Ferrar.
1201 1529 1278 1562 Ald.
1295 1531 1391 1563 Junt.
1409 1530 1523 1564 Colin.

851 1582 991 1627 Gryph.
1009 1590 1042 1615 et
1061 1583 1135 1616 aliae
1155 1595 1164 1616 :
1187 1584 1276 1615 vivus
1296 1586 1328 1615 in
1347 1596 1399 1615 ore
1420 1583 1522 1616 decor.

851 1634 963 1668 Codd.
979 1635 1139 1668 Pulman.
1158 1637 1240 1669 Vat.
1264 1636 1389 1681 aliique
1410 1647 1417 1668 :
1435 1639 1523 1669 *vivus

851 1689 881 1720 in
904 1700 956 1720 ore
975 1687 1100 1733 liquor:
1118 1687 1287 1733 splendor
1315 1689 1445 1722 scilicet
1470 1702 1523 1722 re·

850 1741 979 1773 sultans
1007 1752 1047 1773 ex
1079 1749 1188 1774 statua
1207 1741 1330 1782 Juliae,
1353 1750 1387 1774 et
1408 1741 1523 1786 fulgor

851 1791 987 1826 defluus
1008 1794 1129 1826 oculos
1149 1794 1404 1840 praestringens.
1429 1795 1520 1827 Tur-

850 1846 929 1879 neb.
949 1846 1007 1879 lib.
1032 1846 1154 1879 XXIII
1168 1873 1176 1888 ,
1195 1858 1268 1892 cap.
1291 1848 1346 1880 28.
1359 1847 1521 1880 —l'ivus

852 1901 882 1930 in
904 1912 957 1931 ore
987 1899 1096 1944 liquor.
1134 1899 1292 1932 Omnino
1330 1900 1402 1933 haec
1441 1912 1520 1933 vera

850 1951 975 1985 lectio:
999 1951 1060 1985 sed
1079 1951 1166 1997 quid
1187 1953 1252 1985 sibi
1277 1952 1381 1991 velit,
1406 1961 1521 1986 osten-

850 2003 902 2037 dit
923 2004 1124 2038 Gronovius
1154 2005 1321 2038 Diatribis
1358 2004 1400 2037 ad
1437 2005 1520 2038 Stat.

851 2057 965 2103 capite
991 2062 1057 2098 24,
1077 2058 1167 2091 circa
1194 2058 1302 2091 finem
1331 2070 1408 2103 pag.
1438 2058 1521 2091 153.

851 2111 962 2143 Vivus
978 2110 1095 2156 liquor
1114 2118 1164 2143 est
1182 2122 1303 2144 succus
1320 2111 1378 2143 ille
1397 2119 1430 2143 et
1444 2123 1519 2143 san-

850 2163 925 2208 guis
944 2163 1042 2197 faciei
1063 2163 1124 2208 qui
1143 2163 1306 2209 splendet
1325 2176 1344 2196 e
1363 2163 1493 2196 viventi
1511 2190 1519 2203 ‚

849 2217 948 2257 viva,
968 2229 1120 2261 veraque
1138 2216 1224 2249 faeie
1241 2228 1248 2249 ε
1270 2217 1327 2249 ille
1353 2216 1463 2261 fulget
1486 2216 1521 2249 in

850 2269 915 2302 hac
951 2277 1085 2303 statua.-
1114 2269 1213 2314 loqui
1236 2277 1359 2313 putes,
1381 2276 1415 2302 et
1441 2269 1521 2301 vivo

851 2334 954 2356 succo
979 2335 1015 2355 os
1046 2321 1199 2355 accendi.
1222 2322 1407 2355 Turnebus
1423 2348 1431 2363 ‚
1456 2321 1523 2355 hoc

850 2376 1021 2408 vocabulo
1061 2376 1163 2421 liquot·
1201 2374 1364 2420 intelligit
1402 2387 1522 2419 quam·

851 2426 929 2460 dam
965 2428 1148 2461 mollitiem
1181 2435 1214 2460 et
1241 2426 1523 2461 teneritudinem.

851 2479 974 2514 Claud.
992 2482 1043 2513 IV
1061 2481 1164 2515 Cous.
1183 2480 1315 2513 Honor.
1335 2495 1347 2507 ἰ
1359 2480 1523 2525 Chlamys

853 2533 965 2566 effluit
988 2546 1070 2566 auro
1095 2551 1107 2563 n
1125 2547 1134 2575 ;
1153 2532 1189 2566 id
1217 2541 1267 2566 est
1282 2559 1291 2574 ‚
1317 2533 1444 2567 emittit
1469 2545 1526 2566 au-

852 2599 951 2619 reum
976 2586 1210 2631 splendorem.
1248 2585 1333 2620 Stat.
1366 2585 1450 2619 Silv.
1483 2588 1499 2618 1
1516 2599 1524 2618 :

858 2657 870 2668 «
895 2638 1060 2685 splendor
1080 2640 1124 2674 ab
1139 2640 1209 2674 alto
1223 2638 1369 2672 defluus.
1388 2649 1400 2669 i·
1419 2640 1484 2672 En.

910 2692 940 2726 5.
956 2693 1052 2725 Ludit
1064 2692 1225 2726 Alcidalio
1235 2694 1331 2726 Junt.
1347 2705 1400 2725 an.
1417 2704 1428 2724 1
1441 2692 1458 2726 5
1470 2705 1481 2725 1
1492 2707 1522 2726 2.

1262 2760 1287 2803 ὃ
1311 2758 1316 2777 .
