1978 3305
467 226 558 271 126

830 227 891 270 M.
918 227 1057 270 VAL.
1097 227 1488 272 MARTIALIS

595 314 832 375 Legitimos
857 323 968 358 esset
991 329 1125 374 quum
1151 330 1288 375 vagus
1313 325 1413 359 ante
1435 325 1568 359 toros.

525 384 609 429 Sed
639 394 867 445 postquam
897 400 1018 427 meus
1044 392 1133 437 est,
1165 383 1284 427 nulla
1314 401 1384 428 me
1413 384 1565 446 pellice
1596 383 1720 438 laesit,

596 456 701 497 Tam
734 453 848 514 frugi
872 455 895 497 J
900 469 987 497 uno
1011 452 1141 497 vellet
1165 453 1326 498 habere
1350 457 1516 499 Jovem.

528 525 672 577 Dixit,
699 533 742 567 et
769 539 929 567 arcano
958 524 1169 584 percussit
1194 534 1371 585 pectora
1397 523 1504 568 loro.

596 593 726 654 Plaga
752 594 877 654 juvat
907 610 916 635 1
950 593 1023 637 sed
1053 603 1098 637 tu
1126 593 1239 654 jam,
1263 595 1380 650 Dea,
1404 594 1519 639 caede
1543 594 1664 638 duos.

594 708 805 776 Ενθέσμων
829 710 971 763 ἀνέδην
1001 713 1239 776 ῥεμέόμενον
1266 720 1343 778 πρὸ
1372 717 1534 778 γάμων·

527 789 664 848 Γτῖμρις
691 781 730 828 δ’
757 781 923 846 οὐδεμιῇ
952 805 999 846 με
1024 782 1280 847 παρεζτζλωσε
1305 787 1482 848 γυναικί·

594 849 690 900 Ωιδ’
716 853 861 907 εὔξαιθ’
887 846 973 916 ΙῙΪρη
1003 861 1111 904 Ζῆνα
1135 858 1320 918 σαόφρον’
1351 852 1456 901 ἰδεῖν.

525 914 584 978 ἒὶς
610 927 739 986 φάτο·
766 933 838 970 τοῦ
866 922 910 970 δὲ
932 929 1025 987 κέαρ
1050 926 1199 986 κρυφίῳ
1227 923 1454 986 μαστίξαι-0
1474 933 1594 983 κεςῷ.

596 997 665 1048 Εἷς
687 1000 850 1058 πληγεὶς
871 996 1018 1057 χαίρει·
1049 999 1141 1046 τοὺς
1167 991 1239 1040 δύο
1263 999 1414 1050 τύπτε,
1434 996 1518 1040 θεοί.

458 1143 548 1172 nu,
565 1138 606 1163 ut
621 1130 705 1163 mihi
726 1130 875 1164 Martem
893 1130 1129 1163 conciliarem.

456 1183 541 1217 Vid.
557 1182 657 1217 Iliad.
673 1183 773 1224 XIV,
793 1196 809 1215 2
821 1186 860 1222 14
877 1198 885 1224 3
903 1183 1021 1216 Valer.
1038 1183 1131 1216 Flac.

457 1237 526 1278 VI,
543 1239 616 1281 470
627 1247 634 1268 :
647 1237 754 1281 Torq.
766 1237 890 1275 Tasso,
903 1237 1003 1276 XVI,
1015 1243 1055 1269 st.
1074 1235 1132 1270 25.

496 1292 529 1323 6.
539 1290 754 1333 Esset‘z·agus.
766 1289 928 1330 Alii,isset
936 1301 1053 1333 vagus,
1066 1288 1133 1323 hoc

459 1350 526 1382 est,
537 1354 647 1387 quum
664 1350 849 1386 antequam
862 1341 928 1386 ipsi
941 1342 1109 1374 nuberem
1123 1368 1132 1383 ‚

457 1395 700 1427 moecharetur.
736 1394 949 1439 Legitimum
983 1394 1132 1428 Veneris

457 1448 620 1480 maritum
649 1447 753 1480 fuisse
777 1447 926 1480 Martem
952 1447 1007 1480 vix
1033 1460 1133 1493 repe-

457 1501 543 1541 rias;
566 1499 627 1533 sed
649 1499 742 1533 idem
762 1500 819 1533 hic
841 1499 885 1533 de
905 1501 1045 1534 Venere
1062 1499 1133 1533 dici

458 1565 557 1598 posse
570 1553 731 1586 existimo
744 1579 753 1595 ,
766 1552 865 1598 quod
878 1551 1018 1586 Didone
1032 1553 1132 1598 Virg.

460 1609 540 1639 AEn.
557 1607 621 1647 IV,
643 1618 708 1650 171
732 1617 739 1638 :
760 1624 773 1636 α
792 1606 864 1639 Nec
878 1608 948 1650 jam
964 1606 1133 1640 furtivum

460 1658 553 1692 Dido
583 1657 771 1693 meditatur
799 1671 950 1692 amorem
964 1685 973 1700 ,
1001 1659 1133 1704 Conju·

460 1712 555 1756 gium
582 1721 704 1753 vocat,
722 1712 790 1745 hoc
814 1712 972 1758 praetexit
992 1712 1134 1745 nomine

459 1765 607 1810 culpam.
623 1782 636 1795 n
647 1786 698 1791 -
710 1766 822 1809 Vagus
833 1792 841 1804 ,
854 1773 918 1797 etc.
934 1763 1135 1798 Adulteriis.

1247 1131 1281 1164 8.
1300 1129 1404 1162 Vellet
1420 1130 1532 1162 habet-e
1547 1132 1651 1162 virum
1668 1128 1776 1163 codex
1792 1129 1869 1162 Flo-

1193 1183 1364 1216 rentinus.
1378 1204 1430 1209 —-
1448 1184 1527 1216 Tam
1543 1183 1639 1227 frugi
1653 1209 1662 1223 ,
1691 1190 1757 1216 etc.
1781 1183 1868 1215 Tam

1193 1236 1454 1278 continentem,
1471 1235 1623 1269 thalamo
1642 1247 1703 1269 suo
1716 1233 1869 1268 fidelem.

1248 1301 1284 1333 9.
1307 1289 1440 1322 Arcano
1463 1289 1541 1323 loro.
1559 1288 1636 1322 Hoc
1660 1295 1730 1329 est,
1752 1296 1868 1327 ceste,

1192 1343 1291 1386 cujus
1309 1353 1432 1375 areana
1450 1342 1573 1375 virtus.
1586 1342 1652 1386 Ep.
1669 1353 1751 1374 xnl.
1771 1353 1868 1386 supr.

1250 1407 1262 1428 1
1273 1407 1306 1428 ο.
1322 1393 1445 1428 Codex
1459 1393 1648 1428 Pulmanni
1664 1406 1671 1427 :
1685 1395 1755 1438 jam
1775 1394 1845 1426 Dea
1860 1419 1867 1431 ,

1189 1461 1286 1492 parce
1310 1448 1401 1480 Deoe.
1421 1446 1534 1481 Codd.
1561 1447 1715 1480 Florent.
1736 1454 1770 1479 et
1788 1447 1870 1479 Vat.
1898 1437 1906 1442 „

1192 1513 1275 1533 cum
1293 1499 1431 1533 duobus
1451 1500 1526 1533 aliis
1549 1501 1655 1545 :jam,
1671 1500 1755 1538 Dea,
1775 1511 1872 1543 parce

1192 1554 1263 1586 Deo
1274 1566 1285 1591 ,·
1298 1553 1321 1586 i.
1334 1565 1362 1586 e.
1378 1552 1498 1586 desine
1510 1553 1599 1586 male
1611 1552 1708 1597 loqui
1719 1550 1762 1585 de
1773 1551 1870 1584 Jove.

1191 1628 1245 1632 —
1263 1607 1371 1650 Plaga
1389 1608 1493 1651 juvat.
1516 1606 1566 1639 Ut
1585 1605 1679 1638 illam
1702 1612 1806 1638 amet.
1820 1624 1872 1630 —-—

1193 1658 1258 1692 Sed
1273 1667 1305 1691 tu
1316 1661 1399 1704 jam,
1420 1667 1483 1693 etc.
1502 1659 1550 1692 Ut
1568 1658 1673 1692 Stella
1687 1656 1874 1690 Violantil-

1196 1711 1285 1753 lam,
1304 1719 1339 1745 et
1365 1712 1462 1745 hunc
1492 1712 1548 1745 illa
1569 1710 1722 1744 vicissim
1753 1719 1872 1743 mutua

1199 1765 1328 1798 amoris
1351 1764 1420 1797 fide
1440 1765 1681 1810 amplectatur.

1062 1900 1274 1955 XXII.

905 2043 959 2071 IN
1005 2026 1433 2074 PROC111,1NAM.*

675 2158 818 2214 QUOD
847 2156 975 2201 nubis
991 2191 1002 2213 ,
1026 2156 1281 2211 Proculina,
1304 2158 1571 2212 concubino,

674 2230 730 2272 lit
757 2227 978 2271 moechum
1006 2227 1162 2283 modo,
1188 2244 1305 2272 nunc
1332 2228 1437 2272 facis
1464 2229 1694 2278 maritum,

676 2299 743 2341 Ne
769 2297 835 2341 lex
859 2297 970 2342 Julia
998 2307 1038 2341 tc
1066 2307 1218 2342 notare
1245 2300 1405 2358 possit3

519 2434 606 2471 'Hic
621 2437 750 2470 nullam
768 2437 926 2470 lectionis
939 2436 1141 2470 varietatem
1202 2439 1232 2470 ὃν
1261 2438 1449 2470 λανθάνουσι
1477 2438 1595 2483 χρόνον,
1625 2441 1739 2482 γαμεῖν
1769 2435 1807 2471 δὲ
1838 2439 1875 2476 ἃς

467 2490 622 2538 produnt
636 2490 846 2535 exemplaria
863 2498 920 2523 aut
932 2502 1050 2523 excusa
1064 2515 1072 2531 ,
1084 2498 1143 2523 aut
1204 2491 1407 2535 ἑμείχευσαν,
1428 2491 1504 2524 ὅταν
1525 2492 1576 2524 ἐπ’
1594 2492 1704 2529 αὐταῖς
1723 2494 1874 2535 ληφθῶσι.

471 2545 602 2578 calamo
623 2551 769 2576 exarata.

522 2611 554 2630 α.
568 2596 720 2629 Jlu-chmn
739 2596 827 2627 ηιυιΙυ
843 2622 849 2631 ,
868 2605 932 2628 etc.
947 2596 1017 2637 Qui
1035 2595 1141 2628 modo

467 2650 620 2683 moechus
645 2657 727 2681 erat.
752 2650 917 2691 Μοιχεύεω
942 2650 998 2691 μὲν
1021 2651 1139 2681 ‘limum

1201 2543 1407 2588 Apollonius
1456 2543 1550 2589 apud
1597 2543 1874 2584 philostratum,

1202 2597 1257 2629 lib.
1285 2597 1384 2629 wll.

1258 2651 1289 2681 3.
1306 2650 1353 2681 Νι·
1367 2649 1623 2693 !‹21-J1‹liu,·qnm
1640 2661 1656 2681 a
1676 2649 1876 2682 Domitiano
