1978 3305
355 207 937 252 EPIGRAMMATUM
975 209 1097 250 LIB.
1139 209 1222 250 XI.

1392 207 1481 252 (321

159 294 270 349 Quae
299 310 377 337 nec
405 293 535 338 Stella
565 295 673 340 solet
707 312 803 339 rara
832 296 913 339 nisi
943 311 1104 355 ponere
1134 311 1268 340 coena.

227 361 327 407 Plus
357 379 437 425 ego
463 364 672 425 polliceor
695 383 703 407 :
730 364 788 408 nil
817 365 1008 409 recitabo
1034 365 1121 409 tibi.

160 433 257 491 Ipse
288 442 385 477 tuos
417 436 540 479 nobis
572 434 734 496 relegas
765 435 862 479 licet
892 452 1026 495 usque
1054 436 1288 496 Gigantas,

227 503 349 547 Rura
379 503 444 546 vel
476 514 636 548 aeterno
667 506 863 565 proxima
888 504 1083 565 Virgilio.

89 639 176 681 VII,
194 640 302 686 epigr.
321 654 402 674 xxxi
417 667 426 682 ‚
446 654 494 675 vs.
523 643 759 675 1.—-Paludis

87 703 166 723 aves.
186 694 323 726 Anates.

145 745 202 777 15.
232 744 342 777 Mensa
374 757 438 790 pro
470 759 555 778 coena
588 747 661 780 MS.
695 748 759 781 Be·

87 796 172 828 verl.
193 816 245 822 —
264 797 330 830 Nec
349 797 449 830 Stella
463 825 472 838 ,
495 807 559 832 etc.
582 800 661 833 Non
684 800 758 844 ipse

85 848 198 882 lautus
229 857 263 881 et
296 850 426 883 nobilis
458 850 575 885 Stella.
607 853 659 884 De
689 864 758 897 quo

85 900 145 933 lib.
167 901 257 934 VIII
269 927 280 941 ‚
297 902 406 947 epigr.
430 916 567 937 Lxxvur
583 931 593 946 ‚
613 912 646 937 et
663 904 756 938 alibi.

143 955 198 986 16.
232 954 293 987 Nil
328 956 465 988 recitabo
500 956 567 990 tibi.
599 958 758 1004 Namque

85 1005 246 1039 convivas
274 1019 352 1040 suos
380 1008 582 1053 importuna
609 1010 758 1043 lectione

85 1069 173 1102 saepe
183 1060 374 1093 enecabant
388 1061 458 1094 istae
468 1061 662 1096 hirudines.
677 1063 756 1096 Lib.

86 1110 131 1148 V,
150 1111 256 1156 epigr.
277 1125 414 1146 LXXVIII
429 1139 437 1153 ,
456 1127 505 1147 vs.
528 1115 573 1147 25
587 1142 596 1156 ‚
616 1114 702 1148 Vid.
724 1123 758 1148 et

84 1162 227 1196 Lucian.
241 1173 275 1197 et
291 1165 482 1211 Antholog.
502 1166 562 1200 lib.
579 1169 630 1209 II,
645 1181 673 1201 c.
697 1172 757 1213 47.

877 656 932 687 17.
964 643 1108 686 Giganto
1133 641 1212 675 cod.
1239 642 1274 674 in
1301 654 1406 686 marg.
1435 641 1489 675 ed.

819 696 897 727 Par.
924 697 1033 738 1617.
1046 693 1129 727 Vid.
1149 694 1324 728 Heinsius.
1349 693 1392 727 ad
1423 695 1489 727 Ov.

818 748 902 780 Me‘t.
922 748 938 779 I
950 773 958 788 ‚
979 759 992 779 1
1003 746 1020 779 5
1031 760 1062 780 2.
1076 768 1128 773 —
1145 747 1318 791 Gigantas.
1332 747 1406 779 Hoc
1423 756 1493 785 est,

818 812 943 845 poema
960 798 1004 831 de
1022 799 1242 844 Gigantibus.

878 853 934 886 18.
959 853 1047 884 Rara
1071 852 1144 885 MS.
1173 852 1308 885 Beverl.
1333 859 1367 884 et
1394 851 1488 896 Lug-

819 904 915 938 dum.
948 903 1029 938 edd.
1061 904 1141 938 Ald.
1173 905 1270 937 Junt.
1303 904 1415 937 Colin.
1440 925 1488 930 —

819 959 918 990 Rura.
935 957 1034 1002 Opus
1044 956 1088 990 de
1100 957 1319 1002 Agricultura
1329 983 1337 998 ,
1350 969 1419 989 non
1435 956 1489 988 in-

819 1010 923 1043 ferius
945 1008 1487 1055 GeorgicisVirgilii.—AEterm1.

818 1062 895 1096 Hoc
913 1071 964 1097 est
976 1088 984 1104 ‚
1001 1063 1210 1103 immortali,
1226 1064 1325 1108 cujus
1341 1073 1468 1094 nomen
1481 1088 1489 1101 ,

818 1117 916 1160 cujus
929 1128 1047 1148 versus
1059 1127 1238 1161 nunquam
1251 1114 1404 1148 Libitina
1415 1115 1493 1146 abo-

819 1167 914 1201 lebit.

700 1315 876 1372 LIII.

472 1471 534 1499 DE
574 1471 812 1500 CLAUDIA
855 1452 1102 1500 RUfmAff‘

153 1599 368 1642 CLAUDIA
395 1599 585 1643 caeruleis
610 1615 743 1660 quum
771 1601 824 1644 sit
845 1599 1004 1644 Rufina
1028 1602 1243 1644 Britannis

224 1668 371 1723 Edita,
397 1685 524 1729 quam
554 1671 686 1714 Latiae
715 1680 890 1731 pectora
917 1670 1052 1731 plebis
1081 1668 1232 1714 habet!

151 1738 291 1794 Quale
312 1739 442 1783 decus
465 1738 631 1785 formael
657 1742 899 1785 Romanam
926 1740 1102 1785 credere
1128 1750 1286 1785 matres

136 1877 149 1891 ⁴
167 1881 350 1916 Claudiam
371 1884 533 1918 Rufinam
554 1885 757 1918 Britannarn

82 1934 200 1968 laudat
214 1947 231 1968 a
247 1944 427 1970 venustate
438 1962 446 1976 ‚
465 1937 623 1983 ingenio,
641 1938 758 1971 fecun-

84 1986 190 2021 ditate
208 1999 215 2020 :
234 1998 466 2035 precaturque
486 1991 517 2023 ei
536 1990 647 2024 tribus
668 1991 756 2024 natis

82 2042 296 2086 natabusque
317 2041 462 2075 totidem
482 2055 625 2088 generos
642 2051 675 2076 et
691 2056 755 2076 nu-

82 2105 151 2126 rus.
173 2094 290 2127 Rader.

134 2167 186 2173 —
209 2145 337 2191 Ruffina
357 2146 436 2180 Ald.
458 2148 557 2182 Junt.
580 2148 694 2182 Coli1..
719 2156 754 2181 et

83 2198 132 2232 sic
148 2198 184 2231 in
202 2199 319 2243 primo
340 2212 452 2233 versu.

139 2263 168 2284 1.
192 2251 341 2284 Claudia.
363 2251 493 2285 Eadem
515 2253 603 2286 forte
624 2252 667 2286 de
686 2265 752 2298 qua

80 2302 141 2336 lib.
175 2303 240 2344 IV,
272 2305 380 2350 epigr.
412 2317 494 2338 x111.
521 2326 573 2331 —--
603 2305 754 2338 Caeruleis

80 2356 256 2388 Britannis.
286 2356 392 2398 Quod
422 2370 457 2391 se
484 2357 592 2403 glasto
620 2358 753 2392 colora-

80 2407 182 2449 bant,
211 2409 265 2442 vel
298 2409 394 2456 quod
421 2410 557 2444 caerulei
585 2409 754 2444 dicuntur

80 2460 269 2501 insulares,
303 2471 342 2496 ut
373 2463 419 2496 ait
448 2462 632 2497 Domitius.
660 2462 753 2496 Vide

81 2513 141 2546 lib.
161 2513 258 2555 XIV,
275 2514 384 2560 epigr.
402 2527 491 2549 xcrx.
510 2538 560 2542 —
578 2516 752 2550 Caeruleos

80 2563 231 2600 dictitari
266 2566 451 2601 insulares!
489 2568 626 2602 Scilicet
654 2568 754 2614 quod

81 2619 248 2652 caeruleus
272 2619 370 2653 color
399 2619 539 2654 Oceano
563 2621 625 2666 qui
658 2621 754 2655 insu-

818 1885 867 1918 las
897 1884 1026 1918 alluit?
1061 1884 1206 1931 puerilis
1235 1897 1333 1917 error
1363 1898 1490 1918 venan-

818 1938 904 1970 tium
937 1950 1025 1970 nova
1056 1946 1089 1971 et
1120 1934 1314 1983 παράδοξαιέ
1340 1937 1487 1971 Caez‘ulei

821 1998 992 2024 vocantur
1015 1984 1196 2031 Britanni}
1223 1989 1317 2035 quod
1345 1999 1377 2023 et
1400 1989 1486 2024 flava

815 2051 854 2076 ut
880 2043 1073 2089 plurimum
1101 2043 1236 2076 caesarie
1266 2051 1300 2076 et
1339 2042 1487 2076 candida

813 2104 894 2129 cute
923 2105 956 2129 et
985 2096 1093 2129 caesiis
1122 2096 1231 2128 oculis
1261 2104 1351 2128 sunt.
1381 2095 1487 2137 Quod

813 2149 849 2181 in
868 2149 1050 2182 Germanis
1065 2156 1099 2182 et
1116 2148 1278 2181 Sarmatis
1299 2156 1333 2181 et
1351 2149 1486 2193 populo

814 2202 972 2247 quolibet
997 2201 1095 2246 polos
1123 2209 1181 2234 aut
1206 2200 1295 2245 polis
1321 2201 1484 2246 propiora

813 2254 991 2287 habitante
1004 2253 1279 2286 animadvertere
1295 2262 1356 2287 est.
1369 2254 1412 2286 Et
1424 2253 1486 2287 diu

814 2314 893 2340 ante
915 2306 1109 2339 Martialem
1132 2306 1298 2340 Horatius
1319 2305 1421 2352 epod.
1444 2307 1487 2339 li-

813 2359 879 2392 bro
891 2384 900 2399 ‚
921 2358 979 2392 od.
994 2371 1052 2391 xv1
1064 2383 1074 2398 ‚
1089 2372 1108 2404 7
1123 2370 1130 2391 :
1147 2376 1160 2388 ιι
1177 2359 1251 2392 Nee
1262 2359 1332 2392 fera
1341 2359 1486 2392 caerulea

814 2410 955 2445 domuit
977 2411 1163 2445 Germania
1186 2412 1290 2456 pube.
1308 2429 1320 2440 n
1340 2412 1406 2445 En.

869 2476 900 2497 2.
918 2464 1034 2507 Quam.
1047 2464 1116 2498 Pro
1134 2464 1203 2498 hoc
1223 2477 1279 2496 cur
1297 2463 1376 2497 edd.
1399 2472 1482 2498 vett.

814 2525 847 2550 et
858 2517 1004 2550 Farnab.

870 2569 903 2603 3.
920 2569 1057 2603 ῘΙῙαίνεηι
1070 2568 1144 2602 MS.
1160 2570 1294 2603 Beverl.
1309 2591 1361 2595 -—
1371 2569 1487 2601 Roma-

815 2635 899 2662 nam,
919 2630 985 2656 etc.
1004 2622 1127 2667 Neque
1141 2622 1233 2655 enim
1248 2621 1342 2655 cedit
1356 2621 1487 2655 Graecis
