1978 3305
500 228 596 275 258

861 230 922 272 Μ.
949 229 1088 272 VAL.
1128 229 1518 273 MARTIALIS

706 318 849 374 Quam
875 325 1037 376 septem
1060 316 1230 359 vomuit
1248 332 1391 360 meros
1410 316 1620 370 deunces;

705 387 772 430 Ad
793 402 901 447 quos
926 385 988 429 fas
1014 386 1094 429 sibi
1115 395 1220 429 tunc
1245 395 1370 447 putat
1390 386 1550 440 redire,
1595 446 1597 449 ι

705 458 853 513 Quum
876 454 1063 516 coliphia
1089 455 1301 500 sexdecim
1324 456 1522 500 comedit.

704 529 809 570 Post
833 526 925 569 haec
950 527 1122 580 omnia,
1148 542 1282 585 quum
1310 525 1586 575 libidinatur,

703 597 807 640 Non
835 595 952 639 fellat
977 612 985 638 :
1014 605 1138 656 putat
1162 596 1247 639 hoc
1273 612 1427 656 parurn
1451 595 1598 647 virile;

704 666 789 710 Sed
812 665 939 727 plane
963 666 1128 710 inedias
1154 675 1280 709 vorat
1301 665 1477 727 puellas.

702 737 762 781 Di
787 746 977 780 mentem
1002 736 1078 779 tibi
1103 736 1208 779 dent
1231 745 1374 791 tuam,
1395 735 1598 790 Philaeni;

703 809 909 851 Cunnum
932 805 1094 867 lingere
1119 823 1214 867 quae
1242 816 1368 867 putas
1391 805 1526 850 virile.

551 963 608 985 11.
637 952 678 984 In
701 949 780 983 edd.
802 958 887 983 vett.
910 958 982 982 tunc
1001 957 1097 994 putat
1118 962 1165 981 re-

496 1006 590 1045 verti,
608 1012 642 1037 et
660 1003 708 1036 sic
723 1003 806 1048 legit
822 1002 949 1048 Delph.

550 1069 607 1090 12.
643 1057 747 1100 Quum
767 1056 913 1101 coliphia.
936 1056 1168 1087 Luctatorum

494 1122 612 1154 panes,
623 1109 682 1155 qui
694 1107 1055 1153 virespalaestritarum
1065 1118 1170 1139 mem-

492 1163 566 1195 bris
587 1161 741 1202 addunt,
760 1173 778 1193 a
791 1165 890 1193 κῶλον
909 1167 942 1193 et
957 1155 1020 1204 ἶφι,
1039 1167 1078 1192 ut
1096 1159 1170 1191 vult

494 1216 599 1248 Dom.
620 1213 848 1252 Camerinus,
869 1225 972 1258 quam
995 1212 1168 1258 etymolo-

493 1267 583 1312 giam
597 1278 746 1300 asserere
762 1267 894 1300 laborat
908 1265 1047 1299 Cornel.
1061 1265 1171 1298 Vitel-

493 1320 560 1353 lius
573 1328 694 1353 contra
704 1319 877 1352 Merulam
891 1319 1057 1351 Annotat.
1068 1329 1098 1350 c.
1111 1329 1124 1350 1
1135 1331 1166 1351 2.

494 1373 601 1407 Certo
618 1373 709 1406 enim
727 1371 889 1405 ciborum
905 1383 1031 1416 genere
1054 1369 1098 1403 ad
1112 1383 1170 1417 pa·

492 1426 620 1458 laestras
641 1433 675 1458 et
695 1433 834 1458 caeteras
848 1423 1020 1469 ejusmodi
1043 1423 1171 1457 exerci-

493 1478 665 1512 tationum
705 1477 832 1511 formas
867 1477 1166 1522 praeparabantur.

492 1532 651 1565 Juvenal.
675 1530 744 1564 Sat.
764 1531 821 1571 II,
843 1530 887 1564 53
911 1541 919 1563 z
946 1547 959 1559 u
975 1530 1169 1563 Luctantur

494 1596 627 1629 paucae,
641 1582 835 1617 comedunt
848 1582 999 1628 coliphia
1011 1595 1139 1628 paucae.
1151 1599 1163 1611 a

550 1649 563 1671 1
575 1637 608 1671 5.
625 1636 764 1677 Medias,
787 1645 852 1670 etc.
870 1644 909 1669 ut
928 1648 1032 1681 supra
1047 1648 1096 1669 vs.
1116 1634 1150 1668 3.

552 1692 608 1723 16.
631 1689 769 1723 Mentem
793 1697 896 1730 tuam,
919 1689 1079 1729 Philaeni,
1103 1696 1167 1722 etc.

492 1742 648 1775 Mentem
661 1754 777 1776 sanam
786 1767 796 1783 ‚
811 1742 864 1776 sui
877 1750 1075 1788 compotem
1084 1737 1169 1781 (suus

492 1795 585 1828 enim
596 1807 661 1841 pro
670 1797 808 1841 suijuris
818 1789 1016 1838 usitatum),
1024 1794 1077 1828 vel
1090 1805 1168 1839 quae

1227 949 1411 982 femineam
1437 957 1577 994 appetat
1604 946 1799 981 libidinem.
1833 949 1902 981 Lo-

1227 1014 1307 1035 cum
1334 1002 1438 1034 istum
1463 1001 1625 1034 nonnulli
1649 1001 1842 1046 exagitant:
1867 1009 1902 1034 at

1229 1054 1382 1087 Grutero
1397 1054 1532 1098 elegans
1548 1052 1688 1086 videtur
1702 1067 1710 1093 3
1725 1062 1764 1086 ut
1779 1052 1902 1086 videli-

1228 1115 1282 1140 cet
1300 1119 1425 1139 usurus
1444 1115 1526 1139 voto
1551 1114 1608 1139 aut
1634 1106 1904 1151 imprecatione,

1229 1159 1264 1192 id
1276 1167 1401 1204 praeter
1411 1171 1551 1193 omnem
1562 1159 1719 1192 omnium
1733 1167 1904 1205 exspecta-

1229 1212 1360 1245 tionem
1387 1221 1504 1257 optet‚
1527 1210 1625 1257 quod
1646 1213 1718 1256 jam
1742 1212 1902 1245 habebat.

1228 1264 1361 1298 Eodem
1379 1265 1450 1298 fere
1465 1277 1567 1310 graec.
1584 1277 1639 1310 ep.
1652 1276 1735 1297 xxw
1749 1290 1758 1305 ‚
1778 1277 1899 1310 supra:

1233 1319 1303 1351 «Ut
1314 1317 1416 1351 facias
1426 1317 1513 1350 illud
1525 1343 1533 1358 ‚
1547 1316 1644 1363 quod
1653 1326 1756 1362 puto,
1767 1317 1883 1362 lingua
1893 1342 1903 1356 ,

1228 1371 1320 1404 facis.
1341 1388 1354 1400 n
1384 1371 1457 1403 Nec
1478 1369 1667 1403 admodum
1690 1369 1903 1403 dissimiliter

1227 1424 1368 1457 Turnus
1385 1422 1477 1469 apud
1492 1423 1618 1468 Virgil.
1635 1425 1714 1456 AEn.
1730 1423 1799 1463 XI,
1817 1424 1902 1462 408,

1233 1493 1247 1506 «
1263 1477 1449 1522 Nunquam
1478 1476 1626 1509 animam
1654 1476 1756 1508 talem
1783 1474 1903 1508 dextra

1228 1529 1312 1571 hac,
1330 1529 1457 1562 absiste
1477 1528 1630 1569 moveri,
1652 1528 1799 1561 Amittes
1818 1539 1826 1561 :
1845 1528 1904 1561 ha-

1227 1582 1314 1616 bitet
1331 1590 1443 1615 tecum
1454 1607 1462 1622 ,
1482 1589 1516 1614 et
1531 1581 1575 1615 sit
1588 1589 1729 1627 pectore
1745 1580 1782 1614 in
1798 1580 1885 1614 isto·
1896 1607 1905 1615 .

1229 1635 1286 1668 Sic
1307 1634 1402 1681 apud
1426 1635 1590 1668 Senecam
1616 1634 1652 1667 in
1675 1633 1729 1667 sui
1753 1633 1905 1667 nominis

1228 1687 1370 1728 Medea,
1388 1688 1475 1732 968,
1493 1703 1506 1716 κ
1518 1687 1609 1720 Mihi
1625 1699 1680 1720 me
1698 1686 1859 1732 relinque
1871 1703 1901 1719 υ.

1229 1742 1273 1774 Et
1286 1741 1532 1786 Symmachus,
1550 1740 1611 1773 lib.
1630 1741 1697 1781 IV,
1712 1739 1812 1783 epist.
1830 1741 1878 1779 48
1894 1751 1903 1772 ;

1234 1810 1247 1822 κ
1266 1794 1324 1828 Dii
1336 1794 1413 1828 illos
1428 1793 1605 1827 mentibus
1620 1793 1692 1827 suis
1707 1792 1866 1838 puniant.
1886 1810 1898 1820 -

1049 1942 1352 1997 LXVIII.

838 2094 903 2122 An
942 2093 1283 2122 INSTANTIUM
1324 2072 1562 2121 nurum*

561 2222 907 2265 COMMENDARE
934 2232 1074 2271 meas,
1102 2216 1287 2260 Instanti
1314 2214 1456 2267 Rufe,
1483 2216 1715 2259 Camoenas

631 2292 792 2345 Parce,
819 2304 1003 2350 precor,
1033 2282 1216 2331 socero:
1248 2287 1357 2330 seria
1389 2285 1535 2328 forsan
1566 2294 1695 2328 amat.

540 2432 555 2446 ¹⁹
572 2434 684 2478 Hujus
696 2431 966 2479 Epigrammatis
979 2431 1164 2465 lectionem

488 2499 559 2520 non
581 2487 715 2520 variant
740 2486 969 2524 membranae,
998 2492 1058 2518 aut
1083 2483 1164 2517 libri

488 2539 657 2585 impressi.

544 2605 573 2626 1.
599 2593 745 2626 Instanti.
778 2592 928 2631 Socero,
957 2589 1072 2635 inquit
1097 2590 1164 2622 Ra-

485 2644 607 2684 dorus,
627 2653 721 2678 ratus
739 2645 870 2679 scilicet
882 2656 954 2677 esse
973 2645 1008 2677 τὸ
1029 2644 1166 2675 Instanti

1224 2428 1334 2463 dandi
1351 2441 1468 2462 casum
1485 2440 1502 2462 a
1520 2433 1564 2473 τῷ
1582 2429 1728 2466 Instatis,-
1739 2440 1802 2472 ego
1818 2440 1903 2461 vero

1225 2491 1310 2528 puto
1328 2495 1400 2515 esse
1420 2482 1454 2515 in
1469 2481 1628 2515 vocativo
1641 2507 1650 2520 ,
1669 2488 1702 2513 et
1718 2481 1840 2513 referri
1859 2480 1901 2514 ad

1225 2536 1355 2569 Rufum
1367 2561 1375 2576 ‚
1403 2536 1500 2579 cujus
1520 2533 1680 2567 meminit
1710 2533 1812 2567 Poeta
1841 2533 1901 2567 lib.

1224 2588 1330 2628 VIII,
1347 2588 1456 2634 epigr.
1472 2600 1527 2628 m,
1541 2600 1558 2619 α
1571 2600 1599 2627 ι;
1615 2586 1784 2619 «Instanti
1800 2586 1900 2619 litera

1226 2642 1303 2675 Rufi
1315 2660 1344 2680 ιι,
1355 2650 1387 2674 et
1398 2641 1458 2673 lib.
1476 2640 1680 2684 xl1,epigr.
1695 2651 1791 2678 xcvx,
1803 2651 1850 2673 vs.
1866 2644 1897 2678 ἡ.
