1978 3305
426 246 1008 289 EPIGRAMMATUM
1047 246 1170 288 LIB.
1213 246 1264 287 V.

145 331 278 376 pugili,
306 331 367 376 qui
397 329 574 375 flagellum
607 330 699 371 fert,
725 340 759 364 et
784 332 820 364 in

146 385 244 428 cujus
259 391 362 419 caesto
378 383 465 416 clavi
484 392 585 416 erant
604 384 718 417 ferrei.
737 384 821 417 Vir-

145 435 247 481 gilius
262 440 278 469 ε’
295 452 309 466 ι
329 436 440 481 Terga
462 436 569 469 boum
599 437 746 482 plumbo
771 437 823 470 in-

145 496 244 529 sut0,
265 488 428 533 ferroque
442 488 612 534 rigebant.
629 506 643 519 x
661 490 820 523 Turneb.

144 539 307 575 Adverss.
323 541 378 573 111
394 568 402 580 ‚
431 554 448 574 2
459 555 471 574 1
487 567 497 582 ‚
518 542 674 586 cistigero.
686 564 739 568 —
749 542 821 575 Nu-

145 594 214 625 bere
227 607 239 626 .·
265 595 414 639 nupsisti,
439 602 505 627 etc.
528 594 611 627 Haec
631 594 743 627 Gellia
764 603 821 627 tu-

144 644 240 679 mida
273 647 319 679 ob
347 647 567 679 nobilitatem
586 671 596 688 ‚
632 645 716 679 dum
749 659 821 679 non

147 699 221 731 vult
243 699 380 732 nubere
400 699 647 743 angusticlavio
660 724 668 737 ‚
693 711 757 732 nec
778 697 821 732 ad

145 751 334 785 senatorias
344 751 483 796 nuptias
492 751 675 797 pervenire
689 760 820 797 potest3

146 811 185 836 ut
201 811 316 836 tamen
330 816 403 836 non
420 804 486 837 nisi
500 804 675 837 laticlavio
690 805 818 844 nubat,

145 857 266 901 nupsit
287 856 441 889 cistifero
456 882 465 898 ,
485 857 556 890 hoc
575 865 643 897 est,
672 865 820 890 externae

146 908 322 954 religionis
345 909 538 943 sacrificulo
554 935 563 951 ,
586 910 646 955 qui
665 919 817 943 attamen

145 969 180 994 et
208 961 398 995 laticlavius
420 971 516 1004 erat,
534 963 698 1008 portabat
724 963 818 996 enim

146 1014 333 1055 Calasirin‚
351 1015 484 1048 lineum
503 1016 573 1048 lato
598 1015 695 1048 clavo
716 1028 819 1048 orna·

146 1075 232 1100 tum.
254 1067 390 1100 Rubens.
412 1090 462 1094 —
482 1068 643 1111 Cisttsero.
664 1069 818 1102 Tul-neb.

145 1119 206 1152 lib.
239 1120 310 1162 III,
335 1133 410 1166 cap.
445 1134 485 1155 21
504 1147 513 1162 ‚
536 1121 618 1166 legit
644 1124 790 1166 castig-ero
807 1149 816 1162 ,

1493 260 1515 287 2
1527 260 1551 304 7

881 342 985 376 quem
1001 342 1066 374 pro
1085 329 1388 374 contemptissimo
1405 337 1438 362 et
1458 328 1554 361 vilis-

881 384 969 416 simo
999 383 1142 415 homine
1166 381 1252 427 poni
1274 381 1475 422 existimat,
1495 381 1556 414 ab·

877 435 1066 482 jectissimo
1089 434 1237 480 Cybeles
1259 434 1475 474 sacrificulo,
1495 434 1555 478 qui

881 489 1014 522 ferebat
1036 488 1215 529 cistulam,
1235 487 1271 520 in
1290 498 1358 532 qua
1377 486 1556 531 religionis

881 541 997 574 Isiacae
1024 549 1124 574 erant
1149 551 1296 580 arcana;
1316 551 1381 573 nec
1409 539 1556 584 Cybeles

882 602 1017 626 tantum
1029 618 1038 634 ‚
1052 592 1111 626 sed
1123 593 1268 635 Bacchi,
1283 592 1396 633 Isidis,
1407 590 1556 625 Osiridis

881 646 1096 692 symbolum,
1111 654 1277 691 praeterea
1292 645 1555 678 Eleusiniorum

881 710 1068 732 sacrorum.
1084 697 1239 731 Vidend.
1253 698 1395 744 Baptist.
1415 697 1468 730 Pii
1484 700 1556 730 An-

879 759 954 784 not.
984 751 1098 784 Prior.
1126 749 1332 784 Calderinus
1361 750 1406 784 de
1432 750 1557 783 Judaeo

880 803 1046 849 intelligit
1064 829 1072 843 ‚
1099 804 1159 836 cui
1189 804 1353 848 cophinum
1375 805 1557 848 soenumque

878 857 1030 901 supellex.
1063 857 1186 901 Inepte
1216 857 1336 900 legunt
1370 855 1427 888 alii
1458 855 1556 888 Celti-

879 910 960 942 bero.
997 909 1211 942 Dicebautur
1241 908 1345 942 etiam
1380 916 1557 942 senatores

879 961 1023 1008 quidam
1052 963 1202 1004 risdfiri,
1226 962 1286 1007 qui
1311 961 1410 994 cistas
1433 961 1557 994 suffra-

879 1015 1016 1060 giorum
1037 1015 1072 1047 in
1092 1015 1242 1047 comitiis
1261 1013 1496 1055 custodirent,
1512 1013 1557 1046 de

883 1069 1013 1113 quibus
1046 1068 1197 1113 explicat
1217 1076 1336 1112 argute
1354 1067 1422 1099 hoc
1448 1066 1557 1112 epigr.

885 1121 1057 1166 interpres
1077 1121 1257 1154 Plinianus
1270 1145 1279 1161 ,
1302 1129 1326 1153 t.
1340 1120 1384 1160 V,
1402 1132 1476 1165 pag.
1497 1121 1557 1153 80.

723 1270 975 1326 XVIII.

597 1428 665 1455 AD
704 1408 1109 1464 QUINTIANUM.*

286 1560 428 1615 QUOD
449 1558 527 1601 tibi
549 1559 785 1602 Decembri
806 1575 977 1615 mense,
992 1575 1079 1619 quo
1107 1557 1256 1601 volant
1280 1574 1472 1618 mappae,

217 1628 496 1688 Gracilesque
517 1627 658 1689 ligulae
674 1664 685 1684 ‚
713 1630 912 1690 cereique
930 1665 940 1684 ‚
964 1629 1235 1689 chartaeque,

199 1766 213 1780 ⁴¹
235 1772 382 1805 Excusat
409 1785 479 1805 non
504 1773 606 1806 missa
631 1772 820 1806 Saturnali-

146 1824 213 1858 bus
231 1837 376 1858 munera
391 1851 400 1867 ‚
419 1833 453 1858 et
472 1838 512 1858 eo
531 1839 567 1859 se
585 1825 820 1859 liberaliorem

147 1875 232 1910 dicit
259 1878 450 1920 Martialis,
482 1877 578 1923 quod
608 1891 741 1924 pauper
769 1879 822 1912 nil

146 1928 288 1963 donarit
313 1930 438 1971 diviti,
465 1930 502 1964 id
527 1940 592 1970 est,
617 1931 706 1964 nihil
730 1932 820 1977 peti-

145 1984 235 2016 verit
249 1984 290 2016 ab
304 1984 365 2017 illo
381 1997 390 2026 ;
411 1983 471 2017 sed
492 1985 640 2017 multum
657 1983 820 2026 donavit,

146 2037 207 2081 qui
221 2044 387 2070 aeternum
406 2037 584 2070 victurum
601 2050 738 2070 carmen
757 2038 823 2070 ini-

148 2089 191 2121 sit
203 2114 212 2130 ,
228 2102 298 2134 quo
313 2090 462 2123 amicum
480 2090 561 2124 fecit
576 2091 822 2124 immortalem.

205 2154 236 2175 1.
258 2143 425 2175 Decembri
439 2156 549 2176 mense.
572 2145 613 2176 In
632 2143 824 2177 Saturnali-

146 2195 211 2227 bus
223 2220 232 2235 ‚
251 2195 312 2228 lib.
327 2196 392 2236 IV,
406 2196 514 2241 epigr.
534 2208 616 2229 vat
629 2221 638 2235 ,
657 2209 705 2229 vs.
729 2208 760 2229 1.
773 2217 825 2223 —

150 2247 272 2279 Volant
283 2261 415 2293 mappoe.
428 2249 532 2282 Ultro
551 2249 712 2293 citroque
731 2249 824 2282 inter

148 2300 277 2333 amicos
317 2301 427 2334 missae
464 2302 694 2335 saturnalium
736 2312 823 2335 tein-

148 2365 235 2396 pore
247 2378 256 2393 ‚
275 2365 428 2398 quasque
448 2355 604 2399 patronis
620 2363 691 2388 tum
714 2355 827 2388 mitte-

146 2405 231 2438 bant
246 2405 461 2439 clientes.—
473 2407 613 2452 Mappoe.
630 2407 728 2449 Quid
743 2408 824 2449 sint,

148 2465 182 2490 et
208 2470 278 2503 quo
300 2471 398 2491 more
422 2459 577 2501 usitatae,
604 2459 738 2493 dictum
762 2461 823 2494 lib.

147 2511 213 2549 IV,
233 2511 436 2556 epigramm.
459 2525 588 2546 Lxxxxx
603 2538 612 2553 ‚
635 2526 685 2546 vs.
709 2517 741 2552 4.

206 2576 240 2595 2.
273 2565 412 2608 Liguloe.
445 2565 611 2610 Lingulas
645 2566 828 2599 Gramma-

150 2615 207 2648 tici
233 2615 381 2657 dicunt3
402 2617 462 2650 lib.
487 2619 585 2657 XIV,
606 2618 713 2663 epigr.
736 2631 800 2651 cxx
819 2630 827 2650 ε

149 2680 253 2712 quam
286 2669 420 2704 Gellius
445 2671 493 2704 sic
516 2670 662 2713 definit,
684 2672 744 2705 lib.
774 2671 828 2713 X,

881 1785 954 1818 cap.
983 1772 1025 1806 25
1046 1784 1054 1806 :
1076 1790 1088 1802 u
1102 1772 1272 1806 Existimo
1298 1772 1465 1817 lingulam
1484 1772 1556 1803 Ve-

882 1835 971 1859 teres
1000 1825 1126 1859 dixisse
1148 1824 1340 1870 gladiolum
1366 1825 1559 1869 oblongum

883 1879 919 1912 iu
935 1879 1085 1924 speciem
1099 1879 1222 1923 linguae
1236 1879 1378 1911 factum.
1401 1896 1414 1907 »ι
1438 1877 1560 1921 Ligula

880 1932 1013 1965 veroin
1031 1932 1152 1966 calceis
1169 1944 1187 1964 a
1202 1930 1342 1977 ligando
1357 1929 1558 1964 deducitur.

884 1985 1006 2030 Ligula
1039 1994 1089 2018 est
1121 1984 1226 2017 etiam
1255 1983 1351 2029 apud
1382 1983 1533 2015 Plinium
1550 2007 1559 2020 ,

883 2038 944 2071 lib.
968 2039 1036 2071 XX
1050 2063 1059 2078 ‚
1080 2050 1155 2083 cap.
1179 2039 1197 2070 5
1216 2064 1225 2079 ‚
1243 2049 1350 2081 genus
1372 2047 1562 2075 mensurae;

883 2091 940 2124 hic
954 2100 1067 2124 autem
1082 2099 1167 2136 puto
1183 2089 1387 2123 sumendam
1404 2101 1475 2121 esse
1494 2100 1561 2132 pro

887 2143 1040 2189 gladiolo
1049 2142 1310 2189 argenteo.Vid.
1323 2150 1355 2175 et
1366 2141 1477 2186 epigr.
1490 2153 1560 2186 seq.

886 2209 936 2230 vs.
952 2210 964 2230 1
979 2197 1242 2242 1.-Cereique,
1257 2196 1444 2239 clear-lneque.
1463 2195 1563 2227 Dona

885 2249 1053 2282 nimirum
1074 2262 1149 2295 quae
1172 2248 1265 2281 mitti
1285 2248 1442 2281 solebant
1462 2259 1471 2288 ;
1500 2246 1561 2279 lib.

885 2303 984 2343 XIV,
1000 2302 1109 2348 epigr.
1122 2315 1156 2343 x,
1173 2310 1205 2334 et
1217 2313 1267 2334 xx.
1281 2301 1429 2334 «Cereos
1439 2299 1559 2332 Satur-

885 2355 1023 2389 nalibus
1052 2354 1190 2387 muneri
1212 2353 1339 2386 (labant
1357 2352 1564 2386 humiliores

886 2407 1163 2454 potentioribus;
1189 2407 1272 2453 quia
1296 2405 1449 2440 candelis
1475 2417 1563 2450 pau-

886 2473 1001 2506 peres,
1012 2460 1202 2505 locupletes
1216 2459 1324 2493 cereis
1336 2459 1535 2492 utebantur.
1545 2476 1558 2487 »

887 2514 1011 2546 Festus.
1021 2512 1114 2546 Vide
1129 2513 1286 2546 Macrob.
1304 2513 1364 2545 lib.
1384 2512 1401 2543 I
1420 2512 1560 2544 Saturu.

888 2578 963 2611 cap.
982 2578 1001 2610 7
1017 2578 1027 2607 ς
1045 2574 1079 2599 et
1091 2566 1186 2599 conf.
1206 2566 1266 2599 lib.
1284 2566 1452 2609 X.IV‚ep.
1472 2575 1561 2596 an.

887 2638 940 2644 —-
959 2619 1157 2665 Chat-tneque.
1179 2617 1272 2651 Vide
1295 2618 1481 2659 Nostrum,
1502 2616 1561 2649 lib.

891 2672 991 2712 XIV,
1006 2672 1116 2717 epigr.
1130 2685 1151 2706 x
1162 2697 1171 2712 ‚
1193 2680 1228 2704 et
1250 2683 1296 2704 xi.
