1978 3305
425 180 486 236 54

415 271 501 313 pose'.
523 267 619 300 Nihil
641 275 756 300 tamen
784 274 857 300 erat
885 266 1094 312 promissum

420 320 576 353 muneris
609 320 651 352 ab
676 319 819 352 homine
841 318 983 352 laudato
1004 331 1012 352 :
1035 319 1096 352 sed

423 373 492 406 lioc
515 385 590 405 voc.
623 372 698 405 vult
740 371 889 416 intelligi
919 370 1096 417 quoddam

421 425 495 458 fieri
509 425 610 458 tacite
623 432 762 470 pactum
773 424 865 457 inter
880 423 1098 458 laudatorem

422 486 455 510 et
477 477 676 517 laudatum,
697 485 734 510 ut
756 477 814 509 ille
836 476 1096 522 quodammodo

797 182 861 225 M.
880 182 1021 225 VAL.
1059 181 1453 224 MARTIALIS

1155 279 1190 301 se
1219 267 1351 312 obliget
1372 267 1466 312 justo
1487 265 1632 312 praemio
1649 264 1768 299 laudes
1781 292 1790 308 ‚
1809 279 1828 300 e

1156 319 1283 364 quibus
1301 319 1497 353 immortale
1514 331 1642 352 nomen
1663 319 1730 364 ipsi
1748 331 1828 352 con-

1156 372 1234 417 tigit
1245 372 1395 405 auctoris
1408 371 1529 405 eximii
1542 371 1735 413 beneficio,
1745 384 1829 416 pen-

1155 423 1334 458 sare.Vid.
1354 424 1462 470 epigr.
1481 437 1538 466 1v‚
1560 433 1593 459 et
1611 437 1736 458 Lxxxlx
1749 450 1759 466 ‚
1777 437 1826 458 vs.

1161 489 1201 510 10
1216 503 1226 519 ,
1258 489 1271 511 1
1285 490 1315 511 1.
1329 478 1397 511 En.

946 612 1302 668 XXXVII.

825 763 892 791 DE
929 763 1131 792 Euorlo
1170 741 1426 792 PUELLA-²*

559 883 745 927 PUELLA
770 881 945 926 senibus
972 880 1142 926 dulcior
1165 881 1273 925 mihi
1298 882 1467 943 cycnis,

557 953 684 1013 Agna
708 951 855 996 Galesi
879 950 1052 996 mollior
1070 951 1337 1008 Phalantini,

559 1021 743 1066 Concha
765 1023 946 1067 Lucrini
971 1022 1194 1067 delicatior
1215 1023 1379 1083 stagni3

561 1094 645 1138 Cui
668 1109 749 1137 nec
777 1092 944 1154 lapillos
969 1093 1174 1154 praeferas
1194 1093 1444 1154 Erythraeos
1459 1128 1470 1147 ‚

474 1228 490 1242 ⁹
509 1233 558 1266 De
574 1233 762 1265 Herotionte
771 1232 880 1277 puella
899 1230 977 1265 Ald.
995 1232 1095 1265 Junt.

425 1285 541 1319 Colin.
571 1285 709 1330 Gryph.
740 1293 807 1318 etc.
839 1285 890 1318 De
924 1286 1099 1318 Herotione

425 1339 528 1372 uuella
549 1336 754 1371 Beverlandi
774 1337 849 1371 MS.

477 1412 528 1418 —-
544 1392 654 1436 Luget
679 1391 827 1424 Erotion
852 1390 1024 1436 puellam,
1055 1389 1099 1424 de

427 1456 493 1489 qua
515 1456 637 1489 supra,
654 1444 765 1489 epigr.
781 1457 886 1484 xxxv,
906 1452 940 1476 et
963 1456 1037 1476 eam
1056 1444 1099 1476 ab

427 1497 609 1542 elegantia,
627 1496 891 1542 pulchritudine
904 1523 913 1538 ‚
930 1497 1099 1530 suavitate

425 1549 660 1583 commendat.
678 1551 830 1583 Demum
847 1550 953 1583 vertit
969 1550 1097 1594 stylum

425 1603 462 1636 in
494 1603 626 1635 Paetum
639 1628 648 1644 ,
681 1603 740 1648 qui
772 1603 970 1636 Martialem
1002 1603 1100 1636 velut

423 1656 576 1689 fractum
591 1664 626 1689 et
642 1656 784 1689 mollem
800 1654 1101 1701 reprehendebat,

424 1707 524 1754 qurd
549 1709 705 1741 vcrnulae
741 1718 889 1742 mortem
918 1717 1101 1754 tantopere

424 1761 643 1807 deploraret,
662 1774 772 1807 quum
790 1761 932 1795 sibimet
961 1770 1100 1795 mortua

425 1827 533 1848 uxore
552 1815 623 1859 ipse
641 1823 754 1847 tamen
771 1823 966 1855 constaret,
982 1823 1016 1847 ct
1033 1815 1101 1848 for-

426 1867 508 1900 titer
528 1880 645 1901 casum
664 1880 766 1900 sumu
783 1867 898 1900 ferret.
921 1867 986 1901 Cui
1007 1867 1099 1900 Mar-

425 1920 515 1953 tialis
528 1920 613 1953 salse
626 1919 838 1965 respondet,
850 1928 999 1953 mortem
1016 1933 1100 1953 uxo-

425 1973 472 2006 ris
487 1972 600 2006 videri
617 1985 717 2019 posse
736 1972 877 2019 quidem
896 1973 1076 2018 expetiisse
1089 1997 1099 2014 ‚

426 2026 510 2071 quia
532 2024 614 2060 inde
635 2027 877 2072 locupletatus.
895 2026 1012 2059 Rader.

483 2093 513 2113 1.
538 2079 664 2113 Puella.
695 2080 746 2112 De
769 2092 837 2125 qua
865 2081 936 2124 jam
965 2078 1099 2113 dictum

428 2132 536 2177 epigr.
556 2145 656 2173 xxxv,
675 2143 771 2178 supr.
795 2133 899 2165 Senes
916 2133 1016 2178 cycni
1033 2133 1101 2165 exi-

427 2185 496 2217 mio
512 2186 643 2230 pollent
657 2184 810 2218 candore
820 2211 829 2227 ,
842 2194 875 2219 et
887 2185 1100 2226 suavissime,

427 2246 462 2270 nt
483 2238 598 2270 multis
613 2239 725 2284 placet
740 2265 748 2281 ,
765 2247 842 2271 ante
861 2247 1007 2271 mortem
1024 2252 1102 2271 can-

427 2298 523 2323 tant:
548 2291 627 2324 licet
661 2291 695 2323 id
726 2300 853 2336 negent
880 2292 1025 2325 sanioris
1046 2293 1101 2337 ju—

425 2343 506 2376 dicii
527 2352 693 2377 auctores.
708 2345 814 2385 Quasi
838 2345 983 2378 innuere
999 2345 1103 2378 vellet

427 2397 573 2429 Erotion
593 2396 833 2431 candidiorem
856 2398 960 2431 fuisso
977 2411 1101 2443 cycno,

427 2450 635 2494 fluminisque
661 2459 832 2491 cantasse,
860 2460 893 2485 et
921 2464 1006 2496 agna
1034 2452 1102 2484 Ta-

429 2503 565 2535 rentina
587 2503 796 2536 molliorem.

485 2571 516 2590 ν..
543 2557 715 2588 I'lmlunini
739 2555 823 2590 edd.
850 2565 929 2589 velt.
962 2558 1102 2589 l'lmlun-

427 2610 506 2640 [hini
527 2608 601 2641 t'ml.
628 2609 822 2642 l’ulm.mni.
877 2631 896 2635 -
915 2611 1010 2652 ‚lgna
1031 2612 1098 2642 (ιίι-

1158 1232 1226 1265 lesi.
1245 1231 1390 1266 Galesus
1405 1239 1456 1265 est
1471 1231 1545 1277 agri
1563 1230 1746 1264 Tarentini
1765 1229 1834 1264 ssu-

1158 1285 1235 1318 vius
1247 1311 1256 1327 ,
1269 1285 1328 1318 ubi
1341 1285 1459 1318 multae
1472 1297 1554 1318 oves
1564 1308 1574 1323 ‚
1591 1296 1741 1329 quarum
1755 1284 1835 1317 lana

1159 1346 1210 1371 est
1238 1338 1467 1371 nobilissima.
1498 1337 1577 1370 Lib.
1608 1338 1688 1376 XI,
1724 1337 1833 1383 epigr.

1158 1403 1262 1424 xmn.
1293 1392 1388 1424 Duce
1406 1390 1577 1424 Phalanto
1599 1398 1833 1424 restauratum

1160 1453 1193 1477 et
1213 1444 1404 1487 habitatum
1421 1444 1729 1488 Tarentum.Ergo
1743 1444 1835 1476 hene

1157 1497 1299 1542 legitur,
1316 1497 1507 1530 Phalantini
1516 1511 1529 1536 ;
1543 1509 1614 1529 non
1625 1522 1634 1537 ‚
1646 1496 1833 1529 Phalanini.

1158 1551 1269 1584 Erant
1295 1550 1402 1583 mollia
1426 1550 1699 1583 Tarentinarum
1726 1560 1834 1594 pecu-

1159 1602 1244 1635 dum
1265 1604 1388 1636 vellera
1402 1629 1411 1645 ,
1431 1603 1513 1648 quia
1533 1602 1685 1648 pellibus
1704 1602 1836 1646 intege-

1158 1656 1288 1689 hantnr
1319 1654 1362 1689 ad
1394 1655 1668 1690 teneritudinem
1694 1666 1835 1688 conser—

1159 1708 1331 1749 vandam,
1353 1718 1391 1743 ut
1418 1717 1517 1742 notat
1541 1708 1767 1753 Porphyrion
1791 1706 1835 1740 ad

1159 1762 1282 1796 Horat.
1307 1763 1423 1795 Carm.
1455 1763 1513 1803 II,
1548 1765 1581 1794 6.
1616 1761 1673 1794 Sic
1700 1760 1836 1806 μαλακὰ

1159 1814 1314 1859 πρόὲατα
1349 1814 1514 1848 dicuntur
1545 1813 1706 1858 Polybio.
1731 1812 1836 1858 Apud

1162 1868 1378 1913 Megarenses
1407 1880 1550 1913 quoque
1575 1879 1657 1899 oves
1688 1867 1836 1912 pellibus

1161 1929 1338 1954 contectae.
1351 1921 1543 1954 Favorinus
1553 1932 1560 1953 :
1570 1921 1748 1965 “Itemque
1758 1919 1837 1964 qui·

1161 1973 1241 2006 dam
1259 1974 1465 2007 Tarentinas
1483 1986 1564 2006 oves
1584 1972 1707 2007 dicunt
1728 1985 1747 2006 a
1766 1973 1836 2006 Te-

1161 2039 1257 2063 rens,
1273 2025 1367 2072 quod
1381 2035 1430 2060 est
1442 2027 1650 2060 Sabinorum
1668 2025 1818 2070 lingua.»

1216 2079 1248 2113 3.
1271 2081 1399 2112 Lucrini
1428 2082 1545 2124 stagni-
1569 2081 1679 2111 Lacus
1708 2079 1766 2111 ille
1787 2086 1837 2111 est

1162 2131 1197 2165 in
1218 2132 1408 2178 Campania
1430 2145 1542 2179 prope
1562 2132 1670 2165 Baias.
1686 2147 1738 2152 —
1756 2131 1835 2163 Non

1161 2185 1256 2231 quod
1297 2194 1410 2218 ostrea
1458 2185 1603 2218 Lucrini
1646 2184 1837 2229 gnlonibns

1163 2239 1406 2284 expetebatur.
1427 2237 1486 2271 sed
1504 2238 1582 2283 qnia
1606 2255 1618 2267 ιι
1639 2237 1775 2271 Laevior
1790 2250 1840 2270 as-

1163 2291 1264 2324 siduo
1295 2291 1431 2324 detritis
1468 2303 1610 2337 aequorc
1638 2290 1791 2324 conchis.
1819 2308 1833 2320 ι

1165 2344 1246 2377 Yid.
1267 2345 1378 2389 epigr.
1400 2357 1432 2386 ι,
1448 2345 1507 2385 54.

1218 2402 1251 2438 Δ.
1288 2399 1426 2443 Ι,ιι]>ι“ΙΙυ.ι·
1460 2399 1624 2442 praseras.
1663 2396 1838 2429 Pretiosos

1164 2463 1288 2496 nempe
1302 2477 1311 2492 ‚
1332 2452 1398 2484 hoc
1416 2459 1484 2487 cst.
1508 2463 1659 2496 gemmas
1684 2458 1779 2481 nat-is
1803 2449 1836 2481 in

1164 2504 1248 2537 mari
1267 2505 1399 2537 Rubro.
1413 2506 1457 2537 At
1475 2503 1665 2537 Farnabins
1681 2501 1837 2536 ostendit

1165 2556 1333 2591 ‹nn-fundi
1355 2570 1537 2603 perperam
1559 2569 1651 2589 mare
1677 2557 1834 2589 llnbrum

1165 2620 1194 2643 vt
1219 2611 1449 2655 l·'.1·)'tlu·;1·nm.
