1978 3305
426 249 1009 294 EPIGRAMMATUM
1046 251 1168 293 LIB.
1208 252 1263 293 X.

1428 250 1522 296 515

259 336 474 391 Millibus,
499 347 548 381 ut
574 338 754 381 nimium
781 354 962 381 munera
990 354 1121 399 parca
1144 337 1291 391 dares;

187 409 244 451 Et
275 407 486 469 populare
517 424 688 452 sacrum
720 408 784 452 bis
816 407 949 451 millia
977 407 1088 451 dena
1119 407 1295 453 tulisset.

257 477 500 522 Discidium
526 495 615 521 non
641 488 705 521 est
726 478 834 533 hoc,
856 477 1080 522 Proculeia
1102 495 1110 520 z
1133 477 1303 523 lucrum
1325 489 1400 523 est.

118 610 242 644 nempe
261 597 363 632 ludos
379 598 611 643 Megalense53
633 609 740 643 quare
759 606 792 630 et

117 664 272 698 purpura
299 650 507 696 Megalensis
526 650 563 683 in
591 650 685 695 vulgi
708 662 790 695 pro-

116 706 274 737 verbium
290 704 396 736 venit.

170 770 206 801 7.
226 758 274 790 Et
293 757 446 801 populare
471 768 604 788 sacrum.
637 754 789 788 Florales

115 808 215 843 ludos
237 809 401 854 intelligit
421 808 578 848 Merula,
598 807 634 840 in
659 807 789 852 quibus

114 862 232 895 missio
248 861 353 895 fiebat
374 862 411 894 in
425 861 599 907 populum
616 860 659 893 ab
672 859 713 893 iis
727 859 788 904 qui

112 915 258 960 gratiam
285 914 396 959 plebis
426 921 633 960 quaererent.
650 912 788 946 Persius

113 966 230 1006 Sat.V,
249 979 317 1011 177
330 967 502 1012 :«Vigila,
519 974 553 999 et
570 965 662 999 cicer
678 965 792 999 insere

111 1019 205 1064 large
217 1019 356 1053 Rixanti
366 1020 498 1065 populo
508 1045 516 1059 ‚
527 1016 648 1052 nostra
660 1027 699 1052 ut
714 1018 791 1051 Flo-

851 597 936 630 ralia
951 597 1087 642 possint
1111 599 1229 643 Aprici
1253 599 1449 633 meminisse
1472 612 1525 633 se-

850 662 922 682 nes.
949 666 962 678 n
990 650 1181 695 Subjungit
1210 652 1345 684 Merula
1378 652 1527 686 Floralia

850 700 942 735 edita
957 701 1061 735 fuisse
1074 701 1234 736 aedilibus
1247 704 1401 743 arbitris,
1415 713 1448 738 et
1466 705 1527 738 ad-

849 753 967 796 ducit,
978 762 1017 787 ut
1033 753 1249 789 demonstret
1263 782 1272 799 ‚
1282 756 1374 789 Festi
1388 757 1504 790 locum
1518 770 1526 791 ε

852 825 865 837 α
876 807 1062 852 Popularia
1073 820 1167 841 sacra
1177 833 1186 848 ‚
1196 817 1235 841 ut
1247 810 1292 842 ait
1303 810 1419 843 Labeo
1428 837 1436 851 ‚
1450 823 1527 856 quae

848 872 968 893 omnes
991 860 1082 893 cives
1103 860 1251 903 faciunt,
1271 873 1336 894 nec
1356 863 1458 895 certis
1477 863 1527 896 fa-

850 912 956 946 miliis
974 913 1139 946 attributa
1156 923 1247 947 sunt.
1268 931 1281 944 n
1299 915 1392 960 Ergo
1405 940 1414 956 ,
1428 913 1526 948 addit

851 964 1025 1007 Raderus,
1041 966 1195 1011 populare
1215 980 1336 999 sacrum
1355 976 1405 1001 est
1423 980 1527 1013 gene-

851 1018 954 1052 ratim
973 1017 1120 1052 dictum.

708 1153 922 1209 XLII.
986 1207 990 1209 ,

593 1309 656 1338 ΑΒ
695 1288 1047 1337 DINDYMUM*

178 1419 287 1461 TAM
317 1416 448 1460 dubia
478 1425 542 1460 est
572 1415 732 1476 lanugo
759 1414 860 1469 tibi,
882 1423 972 1457 tam
1004 1413 1168 1471 mollis,
1199 1425 1246 1459 ut
1276 1415 1391 1460 illam

249 1486 419 1531 Halitus
434 1522 445 1542 ‚
471 1496 514 1530 et
544 1485 677 1541 soles,
700 1495 745 1529 et
768 1483 873 1528 levis
897 1500 1001 1528 aura
1028 1494 1152 1529 terat.

179 1557 390 1601 Celantur
417 1555 543 1601 simili
569 1565 756 1600 ventura
785 1554 981 1616 Cydonia
1014 1553 1129 1611 lana⁷

247 1627 407 1671 Pollice
436 1628 634 1687 virgineo
658 1642 755 1687 quae
782 1624 966 1686 spoliata
991 1626 1144 1669 nitent.

176 1699 347 1742 Fortius
376 1698 574 1759 impressi
601 1698 770 1758 quoties
795 1695 875 1739 tibi
902 1695 1021 1739 basia
1047 1696 1258 1756 quinque,

247 1768 458 1812 Barbatus
482 1767 633 1824 labris,
655 1767 896 1827 Dindyme‚
919 1765 977 1809 fio
998 1766 1094 1810 tuis.

162 1878 337 1916 'Didmum
356 1882 438 1916 cod.
456 1881 663 1916 Beverland.
676 1881 785 1923 Quod

106 1947 211 1980 quam
235 1936 358 1969 falsum
380 1936 437 1968 vel
459 1948 499 1968 ex
525 1935 594 1968 hoc
618 1934 762 1979 aspicias
776 1961 785 1976 ‚

105 1987 202 2034 quod
233 2000 297 2022 nec
331 1988 442 2022 Graeci
474 2000 538 2021 nec
570 1987 684 2021 Latini
714 1999 780 2020 no-

105 2041 210 2075 minis
242 2040 508 2075 similitudinem
540 2041 679 2074 habeat.
703 2040 780 2074 Tali

105 2103 219 2128 autem
251 2094 393 2128 nomine
431 2094 514 2127 olim
553 2093 780 2138 signabantur

106 2147 228 2181 molles
240 2156 274 2181 et
283 2147 475 2181 effeminati
488 2146 553 2180 viri
565 2172 574 2188 ,
591 2155 626 2179 et
635 2172 644 2186 ‚
657 2154 696 2179 ut
707 2146 780 2179 Au-

105 2201 194 2233 sonii
212 2201 328 2234 verbis
342 2201 481 2246 loquar,
492 2215 504 2227 π
514 2199 661 2245 pulcher
679 2211 778 2244 paene

105 2253 221 2296 puella
248 2265 337 2298 puer
357 2271 387 2285 ιι.
409 2253 602 2298 Phrygium
627 2264 710 2285 vero
734 2252 778 2285 ab

104 2305 238 2350 origine
261 2317 392 2338 nomen
417 2303 626 2338 crediderim
643 2330 652 2345 ‚
682 2303 778 2349 quod

103 2369 217 2403 neque
230 2357 393 2392 mollities
401 2357 600 2403 Phrygibus
609 2355 775 2397 defuerit,

104 2419 137 2444 et
157 2411 227 2444 illic
245 2423 345 2444 mons
360 2409 559 2456 Dindymus
572 2409 777 2449 celebretur,

105 2462 197 2496 unde
214 2463 345 2510 Cybele
366 2462 601 2508 Dindymene.
616 2462 683 2495 En.

161 2528 192 2550 1.
215 2517 294 2549 Tam
315 2516 422 2549 dubia.
440 2517 493 2549 De
514 2515 581 2548 hoc
596 2513 778 2559 Dindymo

103 2568 176 2602 vid.
191 2581 268 2615 sup.
284 2569 422 2615 l.V‚ep.
440 2580 516 2609 xm,
530 2567 590 2601 ubi
606 2567 779 2612 Didymum

105 2621 302 2667 scripsimus
315 2647 324 2662 ‚
339 2630 372 2655 et
384 2622 445 2655 lib.
460 2619 538 2654 eod.
553 2631 699 2654 Lxxxin.
712 2620 779 2652 En.

161 2688 190 2707 2.
213 2675 411 2709 Halitus.....
434 2687 511 2707 aura
527 2681 618 2705 {er-ot.
641 2673 726 2712 Pro,
744 2672 780 2704 in

844 1892 919 1913 eam
947 1879 1187 1913 vehementius
1216 1889 1250 1913 et
1283 1881 1407 1914 fortius
1432 1891 1517 1927 agat.

899 1933 934 1966 3.
951 1931 1105 1966 Celantur
1123 1933 1231 1969 simili,
1258 1941 1323 1966 etc.
1343 1934 1420 1967 Hoc
1441 1944 1490 1968 est
1509 1960 1515 1971 ‚

843 1984 882 2019 id
903 1984 1059 2019 mollitiae
1070 2011 1080 2027 ,
1098 1984 1136 2019 id
1153 1986 1350 2020 tenerrimae
1367 1987 1517 2020 levitatis

839 2038 931 2072 inest
958 2038 1066 2081 lanae,
1092 2050 1160 2084 qua
1185 2037 1386 2072 induuntur
1413 2053 1517 2086 opera

839 2103 916 2137 quae
930 2103 948 2125 e
959 2089 1108 2136 Cydone
1121 2092 1266 2125 Romam
1279 2090 1512 2127 advehuntur.

893 2144 927 2178 5.
958 2144 1093 2188 impensi
1117 2156 1185 2189 pro
1211 2146 1352 2188 impressi
1376 2146 1515 2180 exhibet

838 2195 887 2230 id.
898 2196 976 2230 cod.
993 2195 1213 2230 Beverlandi.
1226 2218 1279 2224 —
1294 2198 1439 2243 QuInque
1450 2211 1516 2244 pro

833 2262 938 2295 pauca
950 2263 963 2289 ,·
990 2249 1122 2294 pariter
1142 2262 1270 2295 nempe
1290 2250 1345 2283 vel
1365 2259 1514 2295 quatuor

838 2301 980 2335 dixisset
1015 2301 1071 2334 vel
1106 2314 1182 2342 sex,
1212 2302 1239 2335 si
1261 2303 1315 2335 vel
1343 2303 1512 2349 rhythmo

837 2363 957 2400 aptum
973 2352 1009 2386 id
1026 2354 1145 2388 fuisset
1156 2380 1165 2396 ,
1178 2355 1231 2387 vel
1246 2355 1294 2389 sic
1309 2356 1343 2388 in
1359 2365 1510 2390 mentem

836 2406 1026 2441 incidisset.

892 2462 928 2493 6.
949 2459 1109 2493 Bar-batus
1134 2459 1252 2499 labris,
1286 2468 1351 2493 etc.
1377 2460 1513 2507 Nempe

838 2511 935 2558 quod
952 2512 1058 2545 barba
1077 2511 1201 2545 fortius
1219 2512 1351 2550 basiate
1374 2513 1438 2547 tihi
1458 2527 1514 2548 ex-

839 2565 910 2598 silit
923 2591 932 2606 ,
953 2573 987 2598 et
1007 2564 1042 2597 in
1066 2564 1162 2598 labra
1180 2565 1266 2599 mihi
1283 2566 1337 2599 vel
1350 2578 1453 2611 genas
1466 2568 1512 2601 ita

839 2617 956 2654 cadit,
977 2625 1016 2651 ut
1040 2612 1206 2662 lanugine
1228 2630 1292 2663 ego
1319 2626 1376 2652 tua
1399 2620 1513 2653 subito

841 2671 1004 2704 barbatus
1019 2670 1110 2703 fiam.

1212 2711 1301 2787 33²
