1978 3305
444 230 543 275 216

822 232 886 275 M.
912 232 1055 281 VAL.
1093 231 1482 282 MARTIALIS

584 318 726 378 Seque
746 317 947 361 obserata
967 315 1119 361 clausit
1139 318 1291 361 anxius
1315 316 1444 374 cella,

586 386 777 431 Gulosus
800 385 870 431 ille
893 396 1069 448 postero
1094 387 1163 432 die
1187 387 1349 432 vendit.

446 509 629 543 Vaticano.
658 530 710 535 -
740 509 806 541 Per
831 508 980 542 ducentas
1007 510 1118 544 scalas.

444 562 508 596 His
529 561 644 595 verbis
664 559 795 595 indicat
815 560 992 596 Sanctram
1014 562 1120 596 istum

445 616 510 648 sub
533 614 656 660 tegulis
678 626 877 660 pauperum
900 627 999 650 more
1018 615 1119 652 habi-

445 676 541 701 tasse.
562 667 640 701 Lib.
663 667 698 711 1,
719 667 828 713 epigr.
849 680 972 708 cxvn1.

1234 522 1292 543 22.
1322 509 1453 543 Vendit.
1481 503 1768 555 Ᾱπροσδοκήτως,
1795 524 1853 544 ex·

1179 563 1402 609 spectabatur
1429 562 1482 596 uti
1507 575 1613 608 rapax
1646 571 1680 597 et
1713 563 1855 609 gulosus

1179 615 1323 650 Sanctra
1339 624 1477 650 voraret
1492 615 1555 649 ista
1573 628 1582 649 :
1600 616 1658 650 ille
1674 628 1759 652 vero
1777 629 1855 650 ava·

1180 681 1239 703 rus
1258 677 1294 702 et
1313 669 1416 707 miser
1435 667 1607 703 vendidit.

1058 812 1238 868 XXI.

844 962 912 990 DE
950 961 1164 993 NATALI
1202 940 1467 991 LUCANL*

516 1070 627 1113 HAEC
656 1078 721 1113 est
749 1067 822 1112 illa
851 1068 963 1124 dies,
988 1084 1084 1129 quae
1114 1070 1262 1130 magni
1289 1069 1464 1113 conscia
1490 1078 1665 1130 partus,

587 1140 815 1183 Lucanum
839 1137 1032 1200 populis,
1053 1148 1097 1183 et
1120 1138 1196 1183 tibi
1209 1175 1220 1195 ,
1243 1138 1386 1193 Polla,
1407 1138 1536 1183 dedit.

517 1206 635 1258 Heu!
663 1209 784 1259 Nero
814 1208 1026 1265 crudelis,
1051 1208 1257 1270 nullaque
1288 1209 1471 1254 invisior
1496 1209 1652 1254 umbra
1673 1246 1685 1265 ‚

588 1280 756 1329 Debuit
776 1280 862 1325 hoc
889 1279 1043 1329 saltem
1065 1297 1154 1325 non
1179 1279 1349 1325 licuisse
1375 1280 1465 1324 tibi.

500 1401 514 1416 '
537 1405 697 1440 Natalem
718 1406 813 1440 diem
838 1415 872 1441 et
892 1406 1031 1441 fatalem
1052 1408 1124 1441 Lu-

448 1460 544 1501 cani,
563 1458 687 1494 eodem
708 1460 958 1506 epigrammate
977 1459 1070 1494 canit
1091 1470 1125 1494 et

449 1511 622 1557 deplorat.
655 1512 698 1547 C.
727 1513 863 1547 Caesare
894 1513 1102 1547 Germanico
1117 1539 1126 1556 ‚

450 1565 599 1607 iterum,
623 1573 658 1599 et
677 1566 718 1599 L.
742 1565 897 1600 Caesiano
919 1579 1009 1600 coss.
1037 1567 1125 1600 Cor·

450 1617 570 1659 daban,
592 1630 672 1664 quae
689 1618 866 1666 Hispaniae
886 1619 1020 1653 Baeticae
1042 1631 1126 1665 pro-

448 1670 583 1713 vincia,
601 1679 765 1706 natusest
780 1673 966 1715 Lucanus,
985 1673 1037 1706 IV
1053 1673 1125 1706 No-

451 1735 527 1757 nar.
546 1724 737 1759 Novembr.

508 1789 539 1811 1.
561 1777 678 1822 Magni
694 1781 818 1812 conscia
835 1786 960 1824 partus.
976 1778 1127 1819 Lucani,

450 1828 577 1863 nobilis
596 1839 720 1875 poetae.

508 1895 539 1916 2.
554 1883 667 1922 Polla,
683 1883 781 1917 dedit.
795 1884 894 1918 Polla
906 1884 1125 1930 Argentaria,

452 1946 543 1969 uxor
560 1935 706 1970 Lucani.

507 1989 540 2022 3.
561 1989 662 2023 Nulla
681 1998 727 2022 est
745 1992 873 2023 invisior
888 1990 997 2023 umbra
1016 1992 1050 2024 in
1069 2003 1127 2024 co-

450 2039 528 2074 dice
539 2042 721 2076 VaticanO.
739 2064 790 2069 ——
805 2043 898 2076 Heu!
916 2043 1002 2077 Nero
1018 2044 1127 2076 crude-

449 2094 501 2128 lis.
526 2094 799 2141 Conspiraverat
818 2096 979 2130 Lucanus
1000 2097 1037 2130 iu
1061 2097 1129 2130 Ne·

1184 1419 1304 1440 ronem
1319 1433 1328 1448 ‚
1353 1405 1450 1452 quod
1479 1407 1571 1440 fama
1596 1407 1761 1441 carminis
1789 1410 1863 1455 ejus

1183 1459 1409 1506 premebatur
1433 1472 1452 1493 a
1472 1460 1616 1494 Nerone
1648 1469 1683 1494 et
1711 1460 1799 1494 iliud
1824 1461 1864 1494 in

1184 1513 1303 1546 lucem
1322 1511 1425 1546 edere
1444 1513 1717 1559 prohibebatur;
1740 1522 1862 1548 contra

1185 1578 1310 1612 quem,
1343 1573 1382 1599 ut
1411 1566 1506 1600 canit
1531 1565 1697 1611 Papinius
1713 1592 1722 1608 ,
1749 1576 1800 1601 est
1826 1567 1862 1600 in

1185 1619 1322 1652 theatro
1337 1627 1540 1653 coronatus.
1563 1638 1616 1644 —
1631 1619 1792 1666 Nullaque
1813 1623 1863 1652 in-

1187 1674 1281 1705 visior
1301 1672 1421 1705 umbra.
1445 1671 1586 1705 Nullius
1608 1671 1701 1706 caede
1717 1673 1864 1706 invisior

1185 1737 1290 1771 quam
1307 1725 1449 1759 Lucani.
1470 1724 1528 1758 Sic
1544 1723 1588 1758 de
1608 1725 1778 1760 Cicerone
1796 1726 1856 1759 lib.

1187 1779 1234 1820 V,
1257 1778 1368 1825 epigr.
1390 1791 1475 1819 Lxx,
1497 1791 1547 1812 vs.
1573 1791 1605 1811 2.

1243 1835 1276 1871 4.
1305 1832 1381 1865 Νοη
1404 1832 1535 1864 licuisse.
1566 1830 1769 1865 Interlicere
1794 1839 1864 1865 tam

1188 1884 1368 1930 egregium
1386 1885 1540 1918 Poetam.
1559 1883 1711 1918 Videtur
1733 1883 1774 1918 ad
1796 1884 1865 1918 Ne-

1188 1938 1284 1971 ronis
1303 1936 1439 1972 dictum
1459 1938 1649 1983 respicere,
1669 1937 1729 1983 qui
1747 1939 1866 1971 multis

1189 1991 1311 2025 occisis
1322 2016 1330 2032 ,
1341 1991 1488 2024 nescisse
1499 1991 1666 2024 hactenus
1677 1992 1846 2025 Caesarein
1857 2016 1867 2031 ,

1190 2051 1360 2089 quantum
1383 2043 1595 2089 Imperatori
1613 2044 1752 2086 liceret,
1771 2043 1866 2078 dice·

1191 2109 1228 2130 re
1244 2097 1386 2132 solebat.
1410 2097 1528 2130 Rader.

1047 2239 1266 2295 XXII.

1011 2390 1072 2418 DF.
1113 2390 1311 2418 EODEM.

527 2490 674 2532 Vuis
699 2489 914 2550 Apollinei
937 2506 1097 2551 magno
1125 2490 1417 2534 memorabilis
1443 2500 1541 2534 ortu

513 2622 542 2641 1.
569 2610 682 2650 ram,
702 2618 766 2643 etc.
789 2612 917 2646 Lucani
939 2622 1048 2658 poeta:
1067 2615 1130 2646 snb

455 2661 626 2707 Apollinis
653 2662 828 2707 piaesidio.
857 2687 908 2692 ——
939 2665 1131 2699 Memor-alu-

1192 2614 1249 2651 la»,
1276 2622 1339 2646 etc.
1373 2613 1494 2645 (il-uus
1519 2621 1552 2645 ct
1579 2611 1807 2646 celebrandus
1838 2620 1868 2646 et

1193 2665 1319 2711 dignus
1338 2666 1504 2699 int-moria
1523 2664 1596 2698 (lies
1618 2665 1751 2698 natalis.
