1978 3305
378 249 959 291 EPIGRAMMATUM
997 249 1120 290 LlB.
1161 249 1245 289 IX.
1416 246 1507 303 [151

255 334 406 378 Malim
435 336 652 387 convivis,
679 351 809 395 quam
832 333 1042 396 placuisse
1068 334 1228 394 coquis.

116 451 183 483 que
199 430 321 472 caetera
335 436 371 471 id
387 451 496 483 genus
512 450 588 484 quae
606 438 641 470 in
663 450 791 483 pompa

115 491 169 524 vel
185 491 366 536 triumpho
387 492 544 525 ferebant
564 491 725 524 Romani.

108 546 110 548 ’
172 547 205 582 4.
233 544 347 577 Malim
380 546 523 577 convivis.
553 544 678 576 Sensus
707 551 757 576 est
784 558 789 574 :

116 595 237 629 Malim
263 608 338 629 mea
358 597 511 630 carmina
532 596 668 641 placere
686 596 793 628 lecto-

851 438 948 470 ribus
958 445 1062 482 atque
1072 436 1290 469 auditoribus
1300 462 1309 477 ‚
1323 448 1426 482 quam
1439 449 1524 482 poe-

853 491 895 523 tis
910 489 1053 522 aemulis.
1069 489 1125 522 Sic
1142 489 1211 522 cibi
1225 501 1298 522 non
1313 489 1445 535 coquis,
1466 489 1525 522 sed

852 542 1008 575 convivis
1024 550 1204 587 parantur.
1215 540 1309 575 Vide
1327 555 1403 587 quae
1418 541 1525 576 modo

853 594 896 627 ad
917 595 1042 627 lemma
1059 596 1267 628 notavimus.
1288 595 1355 627 Eu-

629 705 1014 789 LXXXIII.

627 849 682 876 IN
723 829 1022 876 MUNNAMf

189 952 409 994 DIXERAT
435 947 679 1009 astrologus
710 949 954 1008 periturum
979 958 1021 991 te
1047 950 1156 1004 cito,
1180 951 1372 1004 Munna3

262 1021 380 1075 Nee,
403 1029 526 1080 puto,
554 1018 763 1062 mentitus
789 1018 957 1062 dixerat
986 1017 1056 1062 ille
1078 1020 1179 1075 tibi;

193 1091 306 1134 Nam
330 1099 379 1133 tu
404 1089 506 1133 dum
533 1090 689 1132 metuis
704 1124 715 1141 ‚
745 1105 799 1132 ne
824 1088 927 1149 quid
954 1099 1053 1149 post
1075 1089 1162 1134 fata
1184 1089 1401 1151 relinquas
1417 1126 1427 1141 ,

262 1161 454 1204 Hausisti
484 1160 646 1220 patrias
674 1158 920 1203 luxuriosus
947 1176 1066 1219 opes.

192 1233 348 1291 Bisque
378 1240 499 1274 tuum
533 1229 675 1273 decies
700 1245 788 1272 non
813 1239 906 1273 toto
933 1229 1072 1273 tabuit
1097 1245 1234 1287 ann03

261 1302 346 1345 Dic
373 1301 504 1355 mihi,
533 1316 622 1343 non
649 1300 733 1343 hoc
759 1309 845 1354 est,
868 1301 1061 1354 Munna,
1083 1302 1223 1361 perire
1246 1301 1360 1345 cito?

174 1410 188 1422 ¹
200 1411 240 1443 In
258 1410 393 1443 Cinnam
410 1408 558 1453 alii‚qui
577 1408 679 1440 etiam
696 1407 731 1440 in
744 1421 794 1441 vs.

127 1476 140 1496 1
160 1472 195 1497 et
210 1466 230 1496 6
249 1462 353 1496 Cinna
371 1470 521 1506 ponunt.
538 1461 645 1493 Numa
660 1473 744 1493 vero
760 1461 794 1493 in

121 1515 241 1550 codice
260 1515 446 1548 Vaticano.
463 1512 548 1547 Vid.
570 1513 633 1546 lib.
657 1514 707 1554 X,
725 1514 796 1558 epi-

122 1581 268 1614 gramm.
290 1579 408 1601 xxxvr.

173 1641 226 1648 —-
236 1620 441 1665 Astrologus
451 1619 621 1652 Munnam
632 1615 700 1658 (vel
715 1618 798 1651 Cin-

122 1687 202 1707 nam
214 1699 223 1715 ‚
243 1681 282 1707 ut
298 1670 376 1713 alii)
398 1671 558 1711 divitem,
577 1671 674 1705 brevi
689 1671 798 1704 mori·

123 1736 241 1760 turum
264 1724 490 1771 praedixerat3
509 1725 644 1757 Munna
660 1723 800 1757 decoxit

123 1780 239 1813 subito
250 1791 355 1812 omne
364 1778 626 1823 patrimonium,
636 1788 700 1810 nec
710 1789 801 1810 mor-

124 1841 202 1866 tuus
229 1840 291 1866 est.
315 1832 421 1864 Poeta
452 1829 647 1864 veridicum
682 1837 797 1863 tamen

123 1886 227 1919 fuisse
237 1886 285 1917 ait
296 1884 507 1928 astrologum
517 1909 526 1927 ‚
536 1896 617 1917 vere
631 1882 725 1916 enim
737 1894 798 1927 pe-

124 1940 206 1972 risse
229 1938 418 1978 Munnam,
435 1949 543 1982 quum
563 1937 659 1970 bona
681 1935 799 1968 omnia

124 1991 308 2037 perierint.
323 1990 440 2023 Rader.

913 1421 942 1441 2.
967 1409 1031 1441 Illa
1055 1407 1112 1441 tibi
1131 1408 1355 1443 Pulmannus.
1378 1412 1438 1443 Ille
1459 1412 1537 1444 milii

857 1459 935 1493 Ald.
963 1461 1061 1494 Junt.
1084 1462 1199 1496 Colin.
1223 1463 1299 1495 Par.
1328 1466 1443 1508 1617,
1467 1474 1533 1498 etc.

913 1513 947 1546 5.
962 1514 1019 1546 Bis
1034 1522 1176 1560 quartum
1193 1516 1292 1548 decies
1308 1516 1376 1549 alii.
1392 1538 1444 1543 —
1463 1518 1535 1550 Bis-

858 1580 915 1612 que
937 1574 1020 1598 tuum
1042 1567 1152 1600 decies.
1176 1568 1255 1601 Scil.
1281 1569 1536 1613 patrimonium

859 1627 1021 1652 constans
1054 1620 1159 1653 vicies
1194 1622 1347 1654 centenis
1381 1622 1537 1655 millibus

859 1672 1072 1704 sestertium.

913 1727 948 1757 6.
972 1725 1082 1757 Perire
1102 1728 1176 1758 cim.
1196 1726 1343 1771 Elegans
1361 1739 1441 1760 sane
1461 1729 1535 1773 epi-

857 1790 1009 1822 gramma
1022 1803 1031 1818 ,
1046 1786 1079 1810 et
1098 1790 1116 1811 e
1134 1778 1339 1812 Graecorum
1357 1781 1536 1824 myrothe-

859 1830 920 1863 ciis
942 1839 1132 1875 sumptum.
1156 1831 1246 1864 Nam
1269 1833 1394 1865 ἄσωτον
1416 1834 1537 1878 appel-

858 1883 930 1915 lant
940 1909 948 1923 ,
961 1883 1143 1916 hominem
1155 1884 1375 1918 luxuriosum
1389 1894 1422 1919 et
1436 1888 1537 1931 cujus

859 1936 950 1970 salus
957 1944 1007 1969 est
1016 1935 1195 1982 deplorata
1203 1949 1242 1971 ac
1250 1938 1352 1983 plane
1361 1938 1524 1972 exhausta
1535 1965 1543 1980 ‚

860 1988 1081 2022 facultatibus
1101 1990 1174 2023 scil.
1194 1990 1379 2025 exhaustis.
1400 1992 1538 2024 Heraltl.

667 2106 999 2162 LXXXIV.

425 2240 493 2268 AD
531 2239 789 2267 CAESAREM
827 2239 1140 2268 ΒοΜΙΤιΑΝυ
1159 2240 1206 2267 Μ.
1225 2221 1239 2236 ⁴

198 2331 344 2373 INTER
374 2336 493 2370 tanta
519 2337 603 2370 tuae
633 2326 864 2380 miracula,
890 2329 1056 2381 Caesar,
1081 2343 1242 2380 arenae,

199 2442 284 2483 Σεῖο
305 2445 571 2499 κυνηγετικῶν
597 2437 649 2479 ἐνὶ
669 2437 866 2496 θαύμασι,
889 2439 1072 2496 Καῖσαρ,
1094 2438 1271 2498 ἀγώνων,

183 2551 195 2565 ”
213 2557 253 2588 In
267 2555 334 2590 hoc
346 2554 593 2599 epigrammate
606 2550 804 2584 exhibendo

132 2609 181 2641 nil
198 2608 332 2642 variant
345 2615 403 2640 aut
417 2605 538 2649 scripti
552 2605 650 2643 libri,
670 2612 729 2637 aut
745 2605 805 2637 im-

132 2661 248 2705 pressi.

917 2571 970 2577 --
983 2551 1218 2586 Histrionibus
1233 2553 1454 2589 Domitianus
1469 2570 1543 2590 sce-

866 2616 910 2636 na
948 2603 1177 2638 interdixerat
1192 2617 1202 2646 ;
1234 2604 1384 2641 edictum
1425 2609 1541 2643 laudat

870 2657 986 2690 Poeta.
1002 2657 1137 2690 Verum
1156 2658 1182 2691 si
1204 2659 1304 2693 altius
1327 2671 1404 2694 cum
1422 2662 1542 2708 Lipsio

1360 2731 1372 2746 2

1283 2747 1346 2789 29
