1978 3305
445 233 542 289 340

819 231 883 275 M.
905 231 1046 274 VAL.
1086 227 1476 272 MARTIALIS

585 321 735 378 Quum
756 327 934 362 revocat
953 327 1126 372 tauros,
1147 325 1190 360 et
1211 316 1302 359 sine
1322 324 1470 359 mente
1489 322 1646 377 pecu's;

511 393 676 435 Tantus
700 390 745 433 in
765 389 958 433 Ausonia
980 387 1158 431 fremuit
1178 385 1310 430 modo
1335 395 1477 430 terror
1501 401 1645 430 arena.
1838 407 1852 431 5

585 461 694 517 Quis
719 476 810 503 non
837 475 930 503 esse
956 473 1134 519 gregem
1158 454 1384 501 crederet?
1403 472 1516 499 unus
1538 465 1651 499 erat:

510 531 594 575 Sed
616 530 738 591 cujus
763 537 1002 573 tremerent
1021 528 1101 589 ipsi
1123 542 1296 588 quoque
1317 527 1415 587 jura
1438 525 1606 582 leones,

581 601 666 645 Cui
694 600 894 644 diadema
920 599 1044 642 daret
1073 613 1292 641 marmore
1321 597 1438 657 picta
1464 598 1641 640 Nomas.

511 674 552 715 O
581 680 795 732 quantum
825 686 904 731 per
934 668 1045 713 colla
1077 668 1234 724 decus,
1260 683 1388 728 quem
1417 667 1574 727 sparsit
1597 666 1833 722 lloliorem‚

581 744 725 785 Aurea
745 740 904 784 lunatae
927 755 1062 800 quum
1090 739 1207 783 stetit
1231 737 1387 781 umbra
1410 733 1546 796 jubae!
1823 764 1853 779 ,ο

578 881 862 940 Πτυρομένους
886 879 1078 938 ταύρους,
1102 876 1168 920 καὶ
1195 876 1302 930 βοτὰ
1326 870 1536 936 δειμαλέα·

510 951 664 994 Τόσσον
693 952 730 992 ἐν
759 948 941 1005 Αὐσονίῳ
971 949 1137 1032 μύκημρι
1164 942 1311 1007 φρύαξε
1337 945 1491 1006 θεάτρῳ

578 1009 705 1081 Ᾰρτι
732 1019 793 1070 τίς
825 1021 896 1062 οὐκ
922 1018 1067 1079 ἀγέλην
1092 1017 1183 1072 ᾤετ’
1206 1014 1273 1069 ἄνς
1297 1013 1348 1066 εἷς
1375 1017 1492 1076 μόνος
1517 1013 1562 1062 ἧν

512 1090 573 1134 Οὔ
591 1108 667 1149 *κεν
702 1089 943 1149 ἀνακτορίην
973 1087 1088 1131 αὐτοὶ
1115 1083 1326 1145 (ροὲέοιντο
1349 1087 1529 1139 λέοντες,

578 1152 632 1203 Q
660 1176 723 1204 κεν
755 1154 880 1202 ἔδωκε
906 1158 1052 1219 κράτος
1080 1157 1367 1217 μαρμαρόεσσα
1398 1155 1557 1216 Νομάς.

507 1234 584 1279 Οἴη
617 1229 852 1290 ἐπαυχενίης
877 1229 1013 1289 τριχὸς
1041 1226 1087 1275 ἦν
1118 1225 1256 1288 χάριςῘ
1285 1225 1365 1270 οἷον
1393 1228 1528 1286 ἔχευσε

574 1304 656 1352 Τῆς
690 1302 858 1361 χαίτης,
885 1301 945 1343 ὅτ’
976 1300 1108 1359 ἔμιμν’
1133 1299 1402 1358 ἀτρεμέουσα,
1429 1293 1569 1347 σέὲαςῖ

436 1439 517 1474 dam
537 1438 618 1473 edd.
638 1446 672 1472 et
691 1439 739 1472 sic
755 1438 793 1471 in
811 1437 940 1483 Delph.
954 1435 1113 1469 -Palli-

432 1494 503 1527 (lus.
537 1493 697 1526 Leonum
730 1491 848 1536 rugitu
882 1489 1110 1523 exanimatus.

434 1547 490 1580 Sic
510 1557 613 1592 supra
629 1556 637 1578 ;
655 1561 668 1575 «ι
684 1545 818 1590 Raptor
835 1544 872 1576 in
888 1543 1034 1576 hircano
1053 1541 1114 1587 qui

435 1599 524 1644 fugit
545 1597 636 1631 albus
656 1609 762 1643 equo.
775 1614 789 1626 n

491 1652 523 1685 5.
556 1652 678 1684 Tantus
701 1653 732 1683 in
754 1650 920 1688 Ausonia,
941 1656 1006 1681 etc.
1030 1647 1112 1680 Non

434 1705 573 1738 minore
593 1703 710 1749 rugitu
728 1702 911 1736 infremuit
928 1713 1044 1746 nuper
1059 1700 1114 1733 leo

434 1766 606 1791 terrorem
623 1756 798 1789 incutiens
816 1755 853 1788 in
871 1755 1031 1787 Romano
1047 1765 1116 1786 am-

432 1811 646 1856 phitheatro.

491 1875 524 1908 7.
546 1864 613 1908 Ipsi
634 1875 764 1908 quoque·
789 1860 866 1894 Hoc
886 1868 957 1901 est,
982 1860 1116 1893 Tantus

437 1924 510 1949 erat
531 1916 586 1949 leo
607 1915 664 1948 ille
684 1912 867 1947 exhibitus'
880 1913 916 1946 in
936 1924 1056 1953 arena,
1076 1919 1116 1944 ut

435 1970 527 2003 inter
546 1968 634 2002 alios
648 1968 768 2000 leones
783 1966 945 1999 leonibus
956 1965 1040 2011 ipsis
1054 1977 1116 1998 rex

434 2021 548 2056 videri
564 2028 691 2067 posset.

492 2076 526 2109 8.
549 2075 614 2108 Cui
628 2073 773 2106 diadema
791 2072 881 2105 daret
900 2083 1052 2103 marmore
1063 2073 1114 2115 pi-

436 2137 488 2162 cla
507 2140 610 2160 comas
629 2127 665 2160 in
683 2124 786 2160 codd.
808 2125 963 2158 Florem.
982 2132 1016 2157 et
1034 2124 1114 2156 Vat.

439 2181 503 2215 Cui
530 2180 675 2213 diadema
705 2179 819 2211 darent
847 2191 1003 2210 marmora
1027 2179 1115 2222 picta

436 2248 539 2267 comus
555 2232 664 2267 codex
678 2231 878 2265 Pulmanni.
892 2251 943 2256 -—
956 2230 1116 2263 Marmore

433 2290 534 2332 picta.
548 2286 726 2319 Marmore
740 2285 830 2318 clara
846 2282 1027 2322 Nulnidia;
1043 2282 1118 2315 Nu—

439 2339 546 2373 midia
591 2339 684 2372 onim
729 2337 906 2370 maculoso
942 2348 1115 2369 marmore

439 2391 651 2426 abundabat.
670 2412 720 2417 —
737 2391 868 2424 Nomas.
885 2389 1005 2423 Graeca
1025 2401 1091 2422 vox
1104 2413 1112 2427 ,

438 2459 515 2491 quae
528 2445 634 2478 latine
648 2442 847 2476 Numidiam
865 2443 974 2482 valen
992 2450 1026 2475 ct
1045 2442 1115 2474 Nu-

436 2497 541 2531 midae
558 2498 655 2543 prius
674 2495 852 2530 Nomades
874 2494 958 2528 dicti
977 2507 995 2528 n
1015 2497 1112 2539 νέμω.

435 2550 572 2583 Sallust.
597 2560 630 2583 ct
651 2549 741 2583 Plin.
762 2549 822 2582 lib.
849 2549 893 2581 V.

489 2618 509 2646 9
516 2630 522 2636 .
535 2604 634 2646 (haum
642 2615 735 2646 ,ψιινμ
741 2605 764 2634 it
772 2603 916 2633 honorem
927 2599 1004 2634 ΑΜ.
1014 2601 1112 2633 Junt.

435 2657 548 2689 Colin.
569 2655 706 2699 Gryph.
734 2655 843 2699 Lang.
864 2654 977 2687 Pulm.
1002 2654 1110 2686 Plant.

1171 1435 1313 1469 Junian.
1344 1435 1473 1481 Delph.
1506 1442 1571 1468 etc.
1601 1433 1777 1468 Gruterus
1802 1434 1851 1468 le-

1171 1489 1220 1533 git
1234 1491 1362 1534 sparsit,
1380 1487 1537 1533 loquitur
1552 1487 1646 1520 enim
1664 1486 1709 1520 de
1728 1499 1766 1520 re
1780 1488 1853 1532 jam

1172 1541 1272 1574 facta.
1290 1540 1384 1574 Vide
1413 1540 1506 1586 Opp.
1533 1544 1661 1585 Cyneg.
1689 1539 1752 1574 lib.
1778 1540 1851 1582 111,

1171 1606 1222 1627 vs.
1244 1593 1303 1639 37.
1321 1615 1373 1619 —-
1389 1594 1422 1627 O
1436 1601 1585 1640 quantum
1601 1593 1704 1626 decus.
1724 1593 1744 1625 J
1748 1593 1853 1626 ubam

1172 1646 1343 1692 insignem
1362 1655 1462 1680 vocat
1476 1646 1568 1679 decus
1585 1659 1596 1679 .·
1613 1654 1652 1680 ut
1667 1653 1701 1679 et
1721 1645 1854 1679 Graecis

1173 1708 1207 1733 et
1227 1699 1392 1733 Romanis
1415 1699 1694 1741 usitatissimum,
1711 1699 1769 1744 qui
1790 1698 1853 1732 ubi

1174 1753 1279 1794 feras,
1301 1765 1428 1799 equos,
1450 1752 1610 1786 homines
1627 1752 1772 1798 pingere
1793 1763 1852 1784 oc-

1173 1806 1330 1851 cipiunt,
1351 1806 1494 1851 jubam‚
1518 1806 1650 1846 crines,
1679 1804 1852 1838 caesariem

1173 1859 1271 1905 prius
1292 1871 1355 1905 per
1376 1859 1469 1892 hanc
1493 1871 1616 1892 vocem
1635 1859 1727 1891 decus
1746 1856 1852 1903 signi-

1174 1913 1300 1954 ficant,
1323 1910 1454 1945 deinde
1481 1921 1515 1946 et
1537 1912 1683 1958 proprio
1707 1911 1853 1944 nomine

1174 1965 1338 1998 efferunt.
1359 1965 1427 1998 En.

1233 2029 1287 2050 10.
1320 2018 1431 2051 Aurea
1461 2017 1600 2057 Iunatoe,
1633 2025 1698 2050 etc.
1731 2015 1851 2057 Quum

1174 2070 1267 2103 fulva
1286 2071 1369 2115 juba
1390 2070 1549 2103 horreret
1567 2078 1680 2103 erecta
1696 2068 1852 2114 undique

1174 2123 1210 2156 in
1227 2124 1348 2156 orbem
1363 2149 1372 2164 ‚
1388 2122 1430 2156 ad
1446 2121 1591 2156 modum
1608 2123 1720 2168 plenae
1736 2122 1830 2155 lunae
1842 2147 1851 2163 ,

1175 2178 1317 2222 ejusque
1348 2176 1547 2209 extremitas
1582 2187 1686 2209 aureo
1717 2175 1853 2221 fulgore

1174 2228 1384 2275 splenderet.
1400 2227 1490 2262 Edd.
1502 2236 1586 2262 vett.
1599 2228 1756 2261 habuere
1767 2226 1851 2260 unda

1167 2283 1269 2327 julae,
1285 2280 1379 2327 quod
1391 2289 1424 2315 et
1440 2290 1558 2328 aptum
1573 2293 1713 2314 sensum
1731 2280 1853 2326 etpul-

1174 2335 1381 2369 cherrimam
1404 2335 1588 2380 imaginem
1607 2334 1711 2368 simul
1733 2333 1850 2368 efficit.

1175 2389 1219 2421 At
1231 2387 1335 2422 codd.
1344 2388 1482 2421 Thumi.
1493 2386 1684 2421 Vat.130dl.
1696 2387 1850 2420 Florem.

1175 2451 1207 2475 et
1230 2441 1414 2474 Pulmann.
1436 2454 1503 2473 cum
1524 2443 1610 2473 stetit
1627 2439 1734 2473 umbra
1748 2439 1850 2484 juber.

1174 2496 1286 2536 Quam
1312 2506 1427 2527 veram
1456 2506 1528 2527 esse
1552 2493 1761 2538 scripturam
1777 2513 1787 2528 ‚
1817 2500 1851 2524 ct

1174 2548 1313 2579 umbram
1339 2559 1578 2593 saepenumero
1603 2545 1673 2579 dici
1707 2544 1849 2591 capillos

1174 2609 1205 2633 ct
1220 2601 1332 2634 crines
1345 2599 1559 2633 demonstrat
1573 2598 1776 2633 Gronovius
1790 2597 1848 2635 lib,

1175 2653 1237 2693 lv,
1257 2653 1340 2686 Obs.
1361 2665 1435 2697 cap.
1462 2665 1516 2695 ¹7-
