1978 3305
469 238 568 296 [190

843 237 904 278 M.
930 237 1010 278 VA
1023 237 1072 278 L.
1113 235 1207 278 MA
1222 236 1505 279 RTIALIS

610 323 733 366 Eheu
761 340 891 382 quain
924 323 1052 366 fatuae
1079 333 1179 367 sunt
1208 322 1308 376 tibi,
1329 324 1494 379 Roma,
1517 322 1648 384 togael

471 449 542 469 nou
563 436 668 469 habet
683 449 691 476 ;
708 449 752 469 ne
767 436 873 469 habet
890 435 1034 481 quidem
1053 435 1148 469 uude

472 498 688 522 muneretur.

527 546 558 576 ii.
581 542 654 574 Heu
675 554 768 587 quam
785 542 944 585 perfamae
965 540 1045 576 edd.
1068 549 1148 575 vett.

472 605 506 627 et
521 594 648 639 Delph.
668 594 725 627 lieu
741 595 808 626 lieri
825 607 916 638 quam
926 595 992 637 fat.
1009 594 1148 627 Thuan.

471 647 545 679 Heu
572 647 648 679 mihi
673 660 764 692 quam
785 648 853 689 sut.
876 647 956 681 Vat.
982 647 1010 680 si
1032 646 1151 680 audias

470 699 739 734 Beverlandum.
758 701 798 732 Iu
823 712 928 745 marg.
953 709 1079 734 uostrae
1095 700 1152 733 ed.

1209 437 1292 469 Var.
1324 435 1463 481 scripsit
1490 437 1620 470 amicus
1648 438 1683 470 iu
1714 438 1886 471 Vaticano

1209 501 1280 522 esse
1298 489 1362 521 Hei
1384 489 1468 522 mihi.
1480 490 1650 535 —Togoe.
1667 490 1763 535 Toga
1781 490 1889 523 sumi·

1211 550 1268 575 tur
1289 541 1347 575 hic
1364 554 1428 588 pro
1447 550 1563 587 togato
1585 543 1767 588 quolibet:
1783 543 1888 587 togati

1210 606 1295 627 vero
1311 602 1393 628 sunt
1412 594 1557 629 clientes
1569 621 1578 636 ,
1595 607 1682 640 quos
1697 596 1743 628 ob
1765 594 1801 628 id
1820 603 1889 628 sto·

1210 646 1300 680 lidos
1324 655 1445 687 vocat,
1477 646 1576 693 quod
1600 648 1705 694 gratis
1740 648 1890 681 serviant

1212 701 1282 734 suis
1302 700 1468 747 patronis.

1092 836 1266 892 XIX.

475 980 683 1009 Ml'rTlT
722 981 940 1009 LIBRUM
981 980 1136 1009 SUUM
1178 981 1247 1008 AD
1288 979 1538 1008 PLlNlUM
1577 970 1894 1016 (CAECMAUM

995 1040 1376 1100 SECUNDUM.)*

687 1175 787 1218 NEC
819 1172 999 1217 doctum
1032 1173 1157 1228 satis,
1188 1181 1232 1216 et
1256 1188 1414 1233 parum
1443 1187 1670 1224 severum,

686 1243 771 1288 Sed
796 1260 885 1288 non
907 1242 1167 1288 rusticulum
1191 1243 1320 1287 nimis
1345 1240 1562 1298 libellum,

690 1314 920 1370 Facundo,
950 1330 1070 1371 mea,
1098 1313 1258 1370 Plinio,
1288 1312 1467 1366 Thalia,

689 1387 711 1429 l
729 1421 741 1441 ‚
771 1385 918 1447 perfer
939 1402 948 1428 ε
974 1385 1119 1429 brevis
1141 1394 1208 1429 est
1227 1383 1353 1428 labor
1374 1393 1564 1445 peractae

688 1455 838 1500 Altum
856 1457 1032 1500 vincere
1053 1457 1271 1499 tramitem
1292 1455 1510 1499 Suburrae.

691 1526 787 1571 Illic
814 1526 995 1588 Orphea
1018 1528 1218 1588 protinus
1244 1525 1410 1570 videbis

692 1597 781 1642 Udi
810 1598 973 1642 vertice
1002 1597 1221 1641 lubricum
1247 1596 1435 1650 theatri,

536 1704 549 1717 ¹²
574 1707 778 1753 Alloquitur
805 1707 964 1748 Musam;
993 1705 1135 1740 mandat
1151 1731 1160 1747 ‚

484 1770 523 1795 ut
539 1760 682 1795 domum
701 1761 807 1794 Plinii
823 1760 861 1794 in
880 1760 1055 1806 Exquiliis
1069 1772 1164 1806 quae-

484 1823 557 1856 rat,
584 1813 752 1859 adeatque
780 1822 993 1847 reverenter.
1016 1813 1109 1846 Tum
1131 1821 1166 1846 et

485 1867 641 1901 Plinium
654 1865 772 1900 laudat
782 1867 825 1899 ab
837 1867 1035 1912 eloquentia
1046 1892 1055 1907 ‚
1067 1867 1165 1911 cujus

486 1920 593 1954 laude
614 1932 695 1954 cum
712 1920 885 1953 Cicerone
901 1918 1096 1953 contendit.

545 1986 576 2007 1.
602 1974 670 2006 Nec
695 1973 819 2005 doctum
840 1975 940 2011 satis,
967 1981 1031 2005 etc.
1055 1971 1167 2017 Super

486 2039 631 2060 rumore
657 2025 817 2059 defuncti
840 2025 1010 2058 Martialis
1036 2025 1071 2057 in
1094 2024 1166 2070 epi—

487 2081 574 2114 stola
594 2080 656 2112 ult.
675 2079 736 2112 lib.
758 2079 811 2111 III
831 2077 874 2111 ad
894 2077 1070 2115 Priscum.
1090 2090 1167 2123 gra-

489 2141 581 2166 tatur
606 2132 761 2172 Plinius,
780 2130 901 2164 laudat
920 2139 954 2164 et
974 2131 1064 2164 bene
1089 2143 1168 2176 pre-

488 2194 588 2219 catur
615 2185 731 2218 Poetae
762 2183 806 2218 de
832 2184 900 2217 hoc
931 2184 1039 2229 epigr.
1072 2184 1169 2229 cujus

489 2247 625 2285 partem
642 2238 690 2271 ibi
704 2237 875 2278 referem,
893 2237 1079 2283 Alloquitur
1094 2236 1169 2270 Mu-

490 2305 556 2325 sam
570 2321 579 2333 ,
599 2292 716 2337 inquit
732 2290 776 2325 de
788 2290 960 2332 Martiali,
977 2290 1118 2330 mandat,
1137 2296 1171 2321 ut

491 2346 615 2379 domum
628 2357 726 2377 meam
744 2344 900 2390 Esquiliis
914 2351 1048 2389 (μιαν-αῖ,
1064 2343 1173 2377 adeat-

493 2412 550 2445 que
568 2406 752 2438 reverenter,
770 2405 835 2431 etc.

549 2466 582 2485 2.
615 2451 681 2485 Sed
714 2463 776 2483 non
790 2477 798 2489 ‚
839 2457 906 2483 etc.
940 2450 1018 2483 Non
1056 2457 1168 2483 tamen

496 2505 643 2538 omnino
662 2504 907 2549 inelegantem.

552 2557 583 2590 ⁴3.
620 2558 745 2590 Thulin.
779 2557 876 2590 Musa
910 2555 1072 2589 carminis
1106 2556 1170 2587 mvi

497 2611 600 2654 iocosi
622 2622 755 2655 prmses.
773 2610 851 2642 Lib.
873 2610 935 2649 IV,
956 2609 1064 2655 epigr.
1084 2620 1148 2641 vui
1166 2635 1173 2645 ,

499 2677 544 2696 vs.
577 2677 613 2696 ι’)
629 2691 636 2702 ,
656 2673 687 2695 vt
707 2663 765 2694 lib.
791 2664 807 2693 Χ
824 2663 874 2702 ll,
892 2673 1048 2707 e1›.xvi.
1068 2675 1113 2693 xz.
1147 2667 1171 2700 ἱ.

1280 1710 1314 1746 4.
1329 1707 1486 1739 Per-actus.
1497 1705 1710 1750 Aliiparatoe,
1725 1704 1772 1738 ait
1790 1702 1904 1738 editor

1224 1759 1352 1805 Delph.
1372 1757 1471 1805 quod
1488 1770 1562 1791 non
1577 1757 1778 1792 invenimus
1790 1757 1827 1790 in
1845 1769 1906 1790 no-

1224 1812 1304 1845 stris
1334 1810 1415 1845 edd.
1441 1811 1548 1844 Forte
1574 1809 1748 1845 scribend.
1774 1817 1905 1855 peracta

1225 1873 1324 1898 notat
1337 1864 1733 1898 Pulmannus.—Brevis
1743 1871 1789 1896 est
1803 1863 1903 1896 labor.

1225 1919 1353 1953 Sensus
1379 1925 1430 1951 est
1452 1929 1460 1950 ε
1487 1917 1602 1950 Facile
1621 1917 1812 1962 proclivem
1842 1916 1905 1948 Su-

1226 1972 1370 2005 burram
1379 1971 1510 2011 vinces,
1518 1982 1596 2015 quae
1606 1982 1677 2003 nou
1687 1971 1789 2015 longe
1802 1968 1908 2003 distat

1227 2024 1270 2057 ab
1291 2022 1423 2057 aedibus
1442 2023 1560 2056 Plinii.
1578 2043 1630 2049 -——-
1651 2023 1810 2055 Peracta».
1832 2021 1908 2054 Hoc

1229 2085 1280 2110 est
1299 2084 1467 2122 superatae
1489 2076 1670 2115 Suburrae,
1687 2076 1748 2108 lib.
1765 2076 1811 2115 V,
1834 2075 1908 2120 epi-

1228 2143 1371 2175 gramm.
1390 2141 1465 2162 xxu
1482 2140 1489 2160 t
1507 2146 1520 2157 ι
1532 2128 1608 2161 Alta
1622 2128 1817 2161 Suburrani
1836 2128 1910 2160 vin-

1230 2181 1340 2216 cenda
1355 2190 1405 2216 est
1418 2182 1538 2214 semita
1552 2181 1644 2214 clivi.
1655 2198 1668 2210 ι»
1682 2180 1841 2214 Raderus
1856 2192 1911 2213 ex·

1230 2236 1335 2282 plicat
1352 2248 1359 2268 :
1375 2235 1489 2267 Labor
1504 2234 1560 2267 hic
1578 2243 1616 2267 ut
1635 2233 1736 2268 adeas
1752 2233 1909 2268 Plinium

1231 2289 1339 2322 facilis
1361 2297 1431 2329 est,
1454 2296 1702 2334 posteaquam,
1724 2300 1746 2320 o
1768 2285 1910 2327 Thalia,

1230 2355 1266 2375 es
1282 2342 1438 2375 absoluta
1457 2350 1490 2374 et
1510 2342 1661 2386 perlecta
1674 2366 1683 2381 ,
1701 2349 1804 2386 atque
1823 2339 1910 2373 adeo

1232 2404 1351 2440 parata
1369 2404 1408 2428 ut
1429 2406 1539 2427 exeas.

1287 2451 1321 2481 6.
1342 2448 1413 2481 Illic
1434 2447 1573 2492 Orphea.
1596 2448 1756 2480 Statuam
1775 2444 1910 2491 Orphei

1233 2501 1386 2545 intellige
1417 2500 1621 2534 collocatam
1661 2500 1694 2531 in
1730 2498 1911 2533 cacumine

1234 2555 1380 2593 theatri,
1406 2555 1578 2599 perfusam
1607 2565 1733 2598 nempe
1759 2551 1912 2584 odoratis

1235 2608 1300 2640 illis
1325 2606 1601 2652 aspersionibus,
1625 2605 1668 2639 «le
1696 2605 1823 2649 quilius
1850 2604 1909 2636 lib.

1235 2661 1345 2706 ἆρα-ί.
1368 2661 1474 2705 “PlgF-
1502 2672 1555 2692 ιιι.
