1978 3305
352 239 939 284 EPIGRAMMATUM
975 239 1099 282 LIB.
1138 240 1224 282 IX.

1391 243 1485 302 4¹7

227 328 423 371 Privatos
452 327 611 388 gaudet
635 343 751 370 nunc
777 325 971 374 habitare
994 328 1142 370 Lares.

155 399 305 458 thue
326 397 408 441 fuit
430 398 651 458 quondam
673 396 830 458 placidi
854 397 1039 441 conviva
1061 395 1305 453 Molorchi,

224 469 294 512 Sic
321 467 460 512 voluit
486 468 602 513 docti
622 467 816 512 Vindicis
837 483 927 511 esse
951 468 1084 511 Deus.

119 622 759 669 13.Molorcl1i.QuipastorNemeaeus,
818 621 869 655 tio
904 629 1092 667 exceptus,
1125 621 1231 655 feram
1263 622 1402 655 Nemeae
1438 623 1492 656 in-

83 678 181 722 cujus
197 675 327 710 indicio
338 676 519 719 Hercules,
531 675 574 709 ab
584 687 626 709 eo
640 673 759 719 hospi-

819 673 967 707 terfecit.
985 673 1062 707 Lib.
1077 674 1143 715 IV,
1155 674 1264 720 epigr.
1279 686 1417 717 Lxlv,v.
1434 675 1491 709 30.

687 808 878 865 XLV.
917 777 920 779 ’

482 967 550 994 DE
592 964 787 994 EADEM
825 945 1086 993 STATUA*

292 1093 499 1136 ALclm-:N
531 1088 663 1132 modo
689 1086 885 1131 Vindicis
915 1087 1148 1148 rogabam,

288 1164 414 1206 Esset
444 1161 567 1221 cujus
591 1174 702 1220 opus
725 1156 936 1218 laborque
961 1157 1072 1203 felix.

288 1233 401 1276 Risit
425 1228 550 1289 (nam
581 1227 690 1274 solet
713 1223 849 1285 hoc),
873 1227 1043 1289 levique
1073 1239 1181 1273 nutu
1196 1264 1207 1283 ,

286 1303 439 1347 Graece
467 1298 679 1361 numquid
694 1334 705 1354 ‚
731 1298 818 1353 ait,
839 1300 973 1342 Poeta
987 1335 998 1355 ‚
1029 1297 1199 1344 nescis?

284 1373 501 1433 Inscripta
524 1381 590 1415 est
611 1370 747 1423 basis,
770 1368 1018 1430 indicatque
1042 1386 1217 1414 nomen.

286 1452 497 1484 ΛιΣῙΠΠοϊ
524 1441 642 1502 lege,
662 1438 823 1483 Phidiae
848 1441 1010 1499 putavi.

129 1579 142 1592 ³
161 1580 377 1630 Elegantiam
396 1591 430 1616 et
449 1579 637 1616 artificium
660 1582 749 1627 ejus-

74 1635 156 1670 dem
172 1645 293 1671 statuae
307 1635 427 1670 laudat
442 1643 555 1682 poeta.

131 1703 161 1723 1.
184 1707 197 1719 ι
214 1689 344 1724 Alcides
362 1689 494 1723 mavult
511 1689 605 1734 Lips.
623 1687 749 1721 Nescio

73 1754 115 1775 an
133 1755 205 1776 non
227 1741 415 1789 legendum
439 1742 502 1783 sit,
523 1741 660 1774 Alc1'den
677 1734 749 1783 (vel

71 1789 217 1839 Alcides)
237 1796 328 1828 modo
343 1795 505 1828 Vindicem
527 1794 676 1838 rogabam
688 1807 700 1833 ;
715 1801 749 1826 et

71 1860 154 1882 sane
178 1849 257 1882 lect.
286 1860 396 1882 meam
428 1848 612 1881 confirmat
637 1846 748 1881 codex

72 1901 223 1942 Petavii,
244 1901 304 1935 ubi
325 1914 390 1946 pro
413 1901 591 1940 Vindicem,
619 1900 747 1945 legitur

72 1955 161 1987 male
195 1954 343 1987 Iudicem.
366 1971 378 1983 n
409 1954 574 1987 flamm.
602 1975 652 1978 —
677 1952 746 1986 Sed

71 2007 226 2052 priorem
248 2007 432 2040 lectionem
449 2007 575 2052 prohat
588 2005 745 2039 Raderus

70 2060 125 2094 his
147 2060 261 2094 verbis
278 2072 286 2093 :
303 2060 587 2104 «Interrogabam
605 2071 667 2104 ego
683 2060 745 2092 Al-

71 2111 171 2146 ciden
185 2139 195 2155 ,
219 2126 238 2146 a
264 2125 335 2158 quo
356 2121 443 2146 esset
463 2112 596 2146 artifice
623 2113 743 2146 factus.

71 2165 178 2208 Risit,
197 2166 330 2211 inquit,
358 2167 470 2207 Deus,
500 2173 552 2206 et,
583 2174 619 2198 ut
642 2164 678 2197 id
700 2164 744 2198 de

71 2219 146 2251 Deo
175 2217 344 2252 credibile
371 2217 569 2258 videretur,
589 2218 635 2251 ait
655 2218 744 2251 Her-

71 2271 183 2304 culem
194 2271 262 2304 hoc
272 2271 382 2304 solere
393 2297 402 2313 ‚
415 2283 495 2304 nam
508 2271 609 2304 facies
625 2279 745 2304 statuae

71 2336 143 2356 non
156 2331 229 2357 erat
242 2331 339 2356 torva
351 2349 359 2364 ‚
370 2321 429 2356 sed
442 2323 560 2356 hilaris
569 2349 578 2363 ‚
588 2331 621 2356 et
632 2324 745 2368 epulis

70 2385 158 2421 apta.
177 2394 190 2406 ιι
211 2376 332 2421 Papin.
356 2376 416 2408 lib.
443 2377 494 2408 IV
520 2376 614 2421 Sylv.
635 2391 648 2402 υ
664 2376 743 2409 Non

71 2437 167 2462 torva
189 2429 339 2474 effigies,
358 2429 537 2474 epulisque
559 2429 668 2461 aliena
691 2441 745 2461 re-

71 2483 190 2516 missis,
212 2499 224 2511 n
252 2482 295 2515 Et
313 2481 419 2527 paulo
441 2481 529 2514 infra
548 2493 554 2513 :
584 2480 661 2513 «Sic
680 2481 744 2513 mi-

71 2534 112 2568 tis
126 2535 225 2568 vultu
236 2561 244 2576 ‚
258 2534 365 2568 veluti
381 2532 425 2566 de
439 2542 580 2578 pectore
593 2532 746 2578 gaudens

72 2587 242 2621 Hortetur
255 2596 397 2621 mentes.
417 2604 486 2615 »—-
498 2588 571 2632 Ego
593 2585 746 2619 credide-

71 2639 137 2672 rim
165 2640 282 2686 potius
304 2653 374 2674 non
398 2641 532 2681 Deum,
551 2638 610 2674 sed
630 2652 668 2672 ex
690 2638 747 2672 ad-

148 2715 207 2755 ΙΙ.

810 1581 980 1615 stantibus
996 1581 1188 1627 quemlibet
1210 1580 1254 1615 de
1276 1583 1352 1615 Deo
1373 1582 1486 1617 inter-

808 1634 921 1679 rogari
953 1647 969 1666 a
1000 1643 1116 1680 poeta.
1148 1633 1203 1668 Sic
1237 1635 1351 1669 Graeci
1371 1647 1380 1669 ε
1401 1636 1486 1675 θεοὺς

807 1685 1017 1731 &pezo-&mico
1032 1688 1058 1720 εἰ
1073 1688 1170 1726 ὅντως
1184 1688 1290 1729 ὄντες,
1305 1689 1392 1727 θεοὺς
1407 1702 1485 1722 πυν-

805 1740 940 1785 θάνομαι
959 1741 1007 1781 εἰ,
1029 1754 1060 1773 κ.
1088 1754 1118 1773 τ.
1140 1745 1168 1773 λ.
1189 1741 1276 1782 Quae
1297 1741 1325 1774 si
1346 1740 1389 1774 ad
1407 1753 1484 1774 ver-

805 1793 887 1826 bum
917 1793 1124 1838 expresseris
1149 1805 1157 1826 :
1191 1793 1275 1826 Deos
1303 1794 1412 1827 dubito
1443 1808 1484 1826 cm

803 1848 879 1887 sint,
894 1847 978 1878 Deos
993 1847 1150 1890 interrogo
1163 1859 1203 1878 an
1221 1849 1296 1887 sint,
1312 1860 1390 1892 pro,
1409 1848 1482 1880 Du-

804 1898 887 1939 bito,
906 1902 1065 1943 interrogo
1078 1926 1088 1940 ,
1107 1912 1148 1930 aa
1166 1899 1226 1931 Dii
1240 1902 1311 1932 sint.
1332 1900 1401 1932 ED.

863 1952 896 1985 5.
918 1953 1074 1997 Inscripta
1095 1959 1141 1983 est
1161 1951 1254 1984 basis.
1281 1952 1376 1986 Basis
1397 1953 1479 1985 sub-

802 2005 1021 2038 sternebatur
1046 2005 1182 2045 statuis;
1209 2005 1265 2038 cui
1289 2014 1348 2038 aut
1370 2005 1479 2038 artifi—

802 2057 849 2091 cis
861 2083 870 2099 ,
889 2066 947 2091 aut
963 2056 1190 2098 dedicatoris‚
1206 2066 1264 2090 aut
1286 2059 1358 2102 ejus
1377 2059 1477 2103 eujus

803 2119 889 2144 esset
913 2119 1043 2151 statua,
1063 2119 1122 2144 aut
1140 2110 1213 2143 haec
1236 2110 1353 2143 omnia
1375 2111 1479 2143 simul

802 2163 1080 2196 inscribebantur
1091 2189 1099 2205 ,
1118 2171 1151 2196 et
1166 2175 1203 2195 ea
1219 2163 1342 2208 saepius
1358 2176 1376 2196 e
1392 2175 1480 2196 mar-

801 2229 911 2250 more.
922 2216 1010 2249 Plin.
1021 2216 1081 2249 lib.
1093 2217 1147 2248 HI
1157 2241 1165 2256 ,
1177 2215 1276 2260 epist.
1295 2218 1328 2248 6.
1340 2216 1468 2248 Hei-ald

857 2272 891 2302 6.
912 2272 1141 2304 ΛΪΣΙΠΠΟΥ,
1161 2268 1242 2312 lega.
1265 2268 1476 2314 Inscriptuin

803 2330 853 2355 est
868 2322 961 2363 βάσει
974 2347 983 2361 ‚
998 2333 1184 2354 Arxmnor
1200 2322 1286 2364 ἔργω
1305 2322 1375 2354 scil.
1398 2322 1478 2355 Non

804 2383 921 2407 autem
935 2374 1097 2406 omnihus
1114 2374 1295 2418 operibus,
1315 2373 1374 2407 sed
1392 2386 1479 2419 prae-

806 2427 1050 2465 stantioribus‚
1076 2438 1204 2459 nomen
1233 2438 1333 2458 suum
1359 2428 1481 2460 inscri-

806 2480 934 2513 bebant
961 2479 1118 2511 artifices,
1142 2501 1195 2504 —
1218 2478 1343 2511 Plaa'iae
1360 2483 1485 2525 luteae-i.

806 2533 882 2565 Hoc
892 2540 941 2565 est
953 2544 959 2564 :
976 2530 1201 2564 credideram
1216 2543 1279 2576 ego
1290 2532 1393 2565 fuisse
1403 2533 1483 2566 Phi-

806 2584 871 2618 diae
903 2584 1034 2630 potius,
1059 2585 1117 2629 qui
1149 2585 1248 2616 finxit
1274 2585 1396 2618 Joveln
1414 2611 1424 2623 ,
1449 2595 1481 2618 et

807 2638 956 2671 nobilior
979 2637 1162 2671 statuarius
1183 2637 1248 2670 fuit
1271 2637 1435 2683 Lysippo.

1215 2725 1272 2752 27

1255 2754 1263 2768 A
