1978 3305
464 212 556 258 106

830 213 890 256 M.
913 213 1063 256 VAL.
1101 212 1489 256 MARTIALIS

668 296 852 343 AEdilem
876 307 1002 359 rogat
1021 297 1133 342 udus
1154 296 1330 342 aleator.

667 367 913 413 Saturnalia
936 368 1145 412 transiere
1169 377 1284 425 tota,

666 440 761 483 Nec
782 437 1042 483 munuscula
1070 454 1229 500 parva,
1253 454 1335 482 nec
1356 439 1527 482 minora

667 509 825 552 Misisti
847 508 977 565 mihi,
999 508 1150 565 Galla,
1172 525 1267 569 quae
1293 507 1472 553 solebas.

665 580 778 623 Sane
798 579 860 623 sic
884 579 1013 623 abeat
1031 596 1154 624 meus
1173 578 1432 623 December.

456 722 538 756 dere
552 729 632 768 post
651 721 847 758 Saturnalia
866 722 963 757 nefas
983 716 1131 758 erat)—

457 777 491 808 E
510 778 640 820 popina.
659 775 733 809 Ubi
750 776 938 818 lurcones,
957 788 1132 822 ganeones

457 837 491 861 et
518 828 686 862 aleatores
714 828 757 861 ab
780 828 955 863 AEdilibus
984 829 1133 875 vestiga-

455 882 595 915 bantur.
607 880 750 923 Seneca,
761 880 805 915 de
815 882 992 916 Vit.Beat.
1007 893 1082 928 cap.
1097 883 1131 916 8.

513 935 548 968 5.
566 934 711 968 AEdilem
727 942 831 980 rogat.
849 935 899 968 Ut
914 934 980 968 sibi
995 942 1130 980 parcat,

457 1000 522 1021 nec
542 987 578 1020 in
594 989 651 1032 jus
669 987 795 1021 trahat.
812 1009 864 1014 —
887 987 976 1021 Udus
995 987 1130 1027 aleator,

457 1041 540 1074 vino
561 1039 704 1074 madens
717 1066 726 1082 ,
749 1048 808 1074 aut
828 1052 959 1086 vapore
980 1040 1132 1086 popinae.

512 1094 545 1127 6.
578 1092 764 1127 Saturnalia
797 1095 959 1126 transiere.
995 1092 1134 1134 Quibus

458 1158 586 1191 nempe
604 1146 761 1180 solebant
777 1146 878 1180 amici
897 1144 942 1178 ad
959 1157 1031 1179 sese
1046 1145 1134 1179 invi-

459 1211 535 1232 cem
547 1211 693 1232 munera
705 1199 855 1232 mittere.
869 1199 936 1244 Ep.
952 1210 1002 1240 1v,
1018 1199 1078 1242 89.

513 1265 533 1296 7
542 1277 550 1284 .
567 1269 580 1282 κ
589 1252 659 1285 Pro
672 1251 853 1284 munuscula
866 1264 968 1297 parva
979 1259 1066 1297 puto
1079 1263 1134 1285 re-

457 1303 664 1350 ponendum
693 1305 876 1337 munuscula
898 1317 1000 1350 parca
1013 1331 1022 1345 ,
1049 1304 1136 1350 quia

460 1360 580 1390 minora
589 1357 764 1403 sequitur,
777 1368 822 1390 ne
831 1356 884 1391 bis
895 1356 989 1391 idem
1002 1356 1106 1391 dicat.
1116 1374 1129 1388 u

458 1412 512 1444 Ita
528 1410 692 1444 Heinsius
711 1409 755 1444 ad
771 1408 877 1444 Ovid.
896 1423 931 1457 p.
952 1409 1040 1451 354.

513 1465 546 1498 8.
570 1461 778 1497 Beverlandi
796 1462 873 1496 MS.
897 1471 932 1497 et
950 1462 1030 1497 cod.
1050 1463 1135 1497 Pul-

458 1528 554 1550 man.
576 1529 668 1563 qnam
689 1516 810 1549 solebas
816 1529 830 1556 ;
849 1523 884 1550 et
901 1517 951 1550 sic
969 1516 1135 1551 Heinsius

457 1570 560 1603 infra.

514 1636 548 1667 9.
570 1621 676 1656 «Sane
687 1634 754 1668 pro
767 1622 816 1656 At
828 1635 866 1655 ne
878 1634 971 1656 nunc
983 1622 1133 1669 legitur:

458 1675 522 1721 qui
542 1688 660 1709 naevus
683 1683 797 1709 totum
816 1675 926 1709 ferme
949 1676 1135 1721 Epigram-

459 1729 542 1762 mati
569 1740 714 1762 acumen
740 1728 998 1763 intervenerat.
1027 1730 1137 1763 Resti-

458 1791 596 1816 tuamus
613 1780 869 1827 lepidissimum
887 1782 1038 1817 Carmen
1049 1807 1059 1824 ,
1078 1795 1137 1816 an-

458 1844 599 1881 tequam
611 1847 756 1869 manum
773 1833 819 1868 de
834 1835 899 1869 hac
915 1835 1033 1870 tabula
1046 1836 1138 1870 tolli-

457 1901 554 1931 mus,
578 1888 714 1923 Gallam
738 1888 908 1922 Martialis
928 1888 1138 1923 Nasonianis

456 1941 620 1976 Heroisin
636 1940 800 1976 addendo
813 1941 1022 1976 :Saturnalia
1035 1950 1134 1976 trans-

456 1997 519 2029 iere
547 2003 634 2035 [σίας
654 1995 723 2029 Nec
741 1995 923 2028 munuscula
939 2008 1040 2041 parca
1051 2021 1062 2036 ‚
1082 2009 1138 2029 nec

459 2051 581 2082 minora
595 2049 718 2083 Misisti
735 2048 823 2089 mihi,
847 2048 962 2089 Galla,
983 2061 1075 2095 quam
1089 2062 1138 2082 so·

460 2103 555 2136 lebas.
566 2102 630 2142 At,
645 2115 683 2135 ne
694 2103 739 2135 sic
751 2101 845 2134 abeat
856 2115 938 2136 meus
948 2101 1133 2143 December,

458 2155 528 2189 Scis
545 2163 628 2188 certe
638 2163 732 2201 puto,
751 2163 858 2188 vestra
871 2156 953 2200 jam,
972 2163 1037 2189 etc.
1054 2155 1136 2189 Om-

458 2209 515 2242 nia
521 2210 592 2254 jam
604 2208 737 2255 optime
747 2220 784 2242 so
798 2207 940 2243 habent.
954 2208 1135 2243 Prioribus

458 2262 614 2296 versibus
645 2261 756 2308 tangit
787 2261 897 2296 Gallae
931 2261 1112 2296 avaritiam
1123 2284 1132 2301 ,

457 2327 534 2361 quae
551 2327 660 2361 quum
670 2316 787 2349 solens
804 2327 910 2361 parva
924 2327 1062 2361 semper
1073 2315 1136 2348 mi-

457 2369 540 2402 serit
552 2369 776 2409 munuscula,
787 2381 882 2403 nunc.
893 2369 1010 2403 mittat
1022 2368 1131 2402 nulla.

459 2422 647 2466 Perperam
676 2422 872 2467 legebatur,
902 2435 972 2468 quae
998 2421 1131 2456 solebas.

458 2473 596 2508 Deinde
614 2474 697 2507 Sana
713 2487 780 2519 pro
793 2476 842 2509 Ae
858 2488 894 2508 nc
911 2474 1134 2521 frigidissime

458 2527 628 2572 profecto.
653 2528 780 2562 Allusit
801 2528 845 2562 ad
864 2528 1053 2562 formulam
1074 2529 1136 2562 mi-

460 2580 621 2614 nantium
635 2607 644 2624 ,
672 2581 769 2614 “Non
801 2581 848 2615 sic
875 2581 995 2616 abibit.
1015 2600 1027 2612 ι-
1063 2582 1116 2615 Ne
1130 2608 1138 2621 ,

462 2633 575 2680 inquit
587 2660 596 2674 ,
609 2634 752 2680 impune
767 2634 854 2669 seras
868 2634 1034 2670 indonata
1048 2635 1134 2669 mihi

1190 723 1266 758 haec
1278 722 1456 757 transiisse
1472 720 1689 763 Saturnalia,
1707 729 1742 755 at
1755 722 1871 767 proxi-

1191 776 1258 810 mis
1275 773 1448 810 Kalendis
1461 774 1597 809 Martiis
1613 775 1714 809 istam
1727 786 1791 820 ego
1806 774 1870 808 illi-

1190 828 1412 862 beralitatem
1437 836 1534 862 tuam
1556 827 1633 874 pari
1650 827 1870 874 parcimonia

1190 881 1302 927 probe
1329 881 1512 916 ulciscar.»
1541 881 1595 914 Ita
1625 880 1747 914 scribit
1775 879 1870 914 idem

1189 934 1357 968 Heinsius
1384 932 1429 968 ad
1457 932 1578 968 Ovidii
1600 932 1746 968 Heroid.
1766 933 1868 979 epist.

1192 999 1271 1028 xx1,
1301 987 1384 1021 213.
1413 987 1520 1021 «Sane
1546 987 1721 1032 eleganter
1747 997 1870 1020 conce·

1192 1038 1290 1073 denti
1326 1039 1482 1073 inservit.
1517 1039 1672 1085 Injurius
1705 1046 1799 1073 certe
1833 1038 1870 1071 in

1192 1092 1390 1126 Martialem
1416 1092 1483 1126 fuit
1503 1092 1690 1134 Heinsius,
1716 1092 1781 1138 qui
1800 1091 1870 1125 hoc

1192 1145 1225 1179 ei
1251 1145 1389 1191 eripere
1412 1146 1457 1179 sit
1479 1153 1642 1186 conatus,
1668 1156 1808 1191 proque
1828 1157 1870 1178 eo

1191 1210 1367 1243 reponere
1387 1199 1438 1232 At
1453 1211 1501 1231 ne.
1521 1197 1616 1232 Vide
1637 1199 1805 1231 Burman.
1825 1195 1870 1230 ad

1194 1250 1298 1285 Ovid.
1311 1251 1335 1286 l.
1347 1263 1377 1286 c.
1391 1259 1427 1285 et
1439 1251 1609 1285 Nostrum
1623 1251 1715 1285 infra
1728 1251 1790 1284 lib.
1802 1251 1871 1291 VI,

1192 1304 1304 1350 epigr.
1319 1317 1455 1338 mxu.»
1473 1304 1556 1338 Ant.
1572 1304 1610 1337 de
1623 1303 1871 1351 Boon—,Meus
1926 1351 1932 1353 Α

1193 1358 1376 1391 December.
1409 1357 1491 1399 Quo
1526 1370 1644 1391 mense
1677 1355 1871 1391 Saturnalia

1192 1410 1351 1444 virorum
1384 1410 1666 1452 celebrabantur3
1702 1408 1872 1444 Kalendis

1192 1475 1278 1497 vero
1309 1463 1449 1497 Martiis
1484 1463 1682 1497 Saturnalia
1718 1462 1873 1496 foemina-

1193 1529 1285 1551 rum.
1304 1516 1399 1551 Suet.
1425 1517 1462 1550 in
1481 1517 1697 1563 Vespasiano
1718 1529 1726 1549 :
1754 1516 1872 1549 «Sicut

1193 1570 1436 1604 Saturnalibus
1454 1569 1559 1604 dabat
1576 1570 1658 1604 viris
1677 1569 1870 1616 apophore-

1194 1631 1243 1660 ta,
1259 1623 1307 1657 ita
1320 1632 1354 1657 et
1364 1622 1533 1657 Kalendis
1545 1622 1667 1657 Martii
1680 1622 1842 1657 foeminis.
1852 1638 1865 1651 ›-

1194 1676 1407 1718 Macrobius,
1423 1676 1484 1711 lib.
1500 1677 1535 1717 Ι,
1549 1688 1625 1722 cap.
1643 1688 1658 1710 1
1669 1689 1686 1709 2
1702 1687 1711 1709 :
1728 1676 1793 1709 «Et
1805 1686 1874 1709 ser-

1193 1730 1246 1764 vis
1268 1723 1402 1774 (mense
1424 1726 1570 1770 Martio)
1588 1741 1701 1763 coenas
1720 1740 1874 1775 appone-

1194 1784 1279 1818 bant
1306 1791 1474 1817 matronae
1488 1794 1496 1816 :
1526 1790 1567 1816 ut
1591 1781 1728 1816 domini
1753 1781 1874 1815 Satur-

1194 1836 1372 1870 nalibus.»
1395 1836 1595 1877 Juvenalis,
1620 1843 1684 1869 sat.
1711 1846 1768 1875 1x‚
1799 1833 1869 1870 53:

1196 1889 1363 1923 «Munera
1399 1889 1570 1923 foemineis
1597 1896 1720 1923 tractat
1742 1897 1874 1922 secreta

1196 1940 1492 1977 Kalendis.·Vid.
1507 1942 1594 1976 Hor.
1610 1942 1677 1983 ΙΠ,
1691 1940 1748 1975 od.
1765 1943 1799 1976 8.
1809 1941 1872 1976 His

1197 1995 1366 2030 Kalendis
1389 1995 1613 2030 celebrabant
1634 1994 1786 2029 natalem
1805 1995 1874 2028 Ve-

1194 2049 1300 2083 neris.
1313 2050 1426 2084 Docet
1442 2047 1582 2082 amandi
1597 2048 1760 2093 magister
1770 2060 1816 2081 ne
1831 2060 1872 2081 eo

1196 2110 1360 2148 tempore
1376 2102 1573 2148 puellarum
1587 2108 1774 2147 captentur
1791 2101 1873 2134 ami-

1193 2155 1284 2190 citiae
1292 2181 1302 2198 ,
1310 2155 1391 2201 quia
1401 2155 1515 2190 solent
1525 2163 1608 2189 tunc
1620 2153 1789 2200 temporis
1797 2154 1873 2200 plu-

1193 2209 1281 2243 rima
1289 2210 1440 2255 projure
1449 2221 1512 2242 suo
1524 2207 1693 2253 flagitare.
1703 2208 1779 2241 Art.
1791 2208 1870 2240 Am.

1195 2263 1232 2304 1,
1257 2262 1350 2303 403:
1375 2262 1476 2296 -Nec
1511 2268 1649 2295 teneras
1681 2268 1798 2294 tutum
1822 2269 1873 2294 est

1195 2327 1332 2361 semper
1350 2323 1489 2361 captare
1505 2315 1639 2357 puellas
1650 2326 1660 2356 ;
1673 2313 1771 2359 Saepe
1787 2312 1870 2348 dato

1195 2369 1318 2402 melius
1329 2378 1486 2414 tempore
1499 2368 1559 2401 fiet
1571 2367 1665 2402 idem
1679 2379 1687 2400 :
1702 2367 1782 2400 Sive
1797 2365 1873 2400 dies

1194 2422 1327 2456 suberit
1345 2422 1486 2463 natalis,
1501 2422 1573 2455 sive
1589 2419 1762 2462 calendae,
1778 2421 1871 2462 Quas

1197 2476 1371 2510 Yenerem
1382 2475 1486 2509 Marti
1500 2475 1722 2509 continuasse
1731 2474 1843 2519 juvat.
1854 2492 1866 2502 ›-

1199 2528 1305 2563 x‹ldit
1321 2536 1440 2575 postea
1458 2541 1465 2562 :
1491 2546 1504 2558 n
1521 2529 1648 2573 Magna
1667 2526 1871 2572 superstitio

1195 2582 1257 2616 tihi
1275 2582 1319 2615 sit
1336 2582 1460 2615 natalis
1479 2581 1598 2615 amicae
1612 2608 1620 2622 ,
1643 2581 1792 2625 Quaque
1810 2579 1871 2612 ali-

1196 2634 1280 2682 quid
1297 2634 1452 2670 dandum
1466 2643 1515 2669 cst
1528 2660 1537 2674 ,
1550 2634 1606 2668 illa
1618 2634 1661 2667 sit
1673 2642 1748 2667 atra
1759 2632 1843 2667 dies.
1854 2650 1866 2662 -
