1978 3305
321 248 907 294 EPIGRAMMATUM
945 248 1070 291 LlB.
1096 248 1243 290 VIII.

1391 243 1479 291 331

228 336 471 381 Redditur:
502 336 615 380 hanc
647 335 787 380 lucem
819 334 957 379 lactea
987 349 1159 394 gemma
1189 343 1321 378 notet.

159 407 360 461 Defluat,
384 417 427 450 et
453 406 571 451 lento
603 406 876 467 splendescat
904 404 1078 448 turbida
1107 403 1195 448 lino

231 477 457 538 Amphora
482 487 666 521 centeno
695 474 871 521 consule
901 475 1015 520 facta
1044 475 1198 518 minor.

160 548 399 608 Continget
428 564 514 591 nox
546 546 721 608 quando
749 547 857 590 meis
886 556 975 589 tam
1007 544 1190 589 candida
1219 543 1404 588 mensis?
1482 564 1495 587 r,

230 620 340 660 Tam
360 618 478 678 justo
503 617 678 661 dabitur
703 616 878 677 quando
904 615 1045 660 calere
1070 613 1222 658 mero?

164 689 311 744 Quum
344 697 412 743 te,
443 687 621 743 Flacce,
649 687 755 730 mihi
784 685 935 730 reddet
960 685 1192 745 Cythereia
1216 686 1410 746 Cypros,

233 759 436 801 Luxuriae
468 757 543 800 fiet
572 767 661 800 tam
695 757 810 800 bona
839 772 970 813 causa
999 771 1117 798 meae.

153 883 185 904 2.
214 871 331 903 Lactea
353 883 488 915 gemma.
518 870 609 903 Albo
639 870 772 904 calculo

96 935 301 969 prosperos,
317 923 419 969 nigro
435 922 509 956 dies
527 923 695 957 infaustos
713 936 775 957 no-

97 977 217 1009 tabant
241 976 386 1022 Antiqui
407 988 416 1009 :
436 988 540 1021 quem
561 988 696 1010 morem
715 976 774 1010 alii

99 1042 117 1062 a
141 1028 296 1074 Scythis,
321 1041 340 1062 a
361 1028 556 1062 Thracibus
578 1029 637 1062 alii
658 1037 774 1062 ortum

99 1089 235 1127 putant.
248 1082 327 1127 Ipsa
339 1082 523 1128 margarita
536 1083 611 1116 vice
623 1082 692 1116 albi
707 1082 775 1116 cal-

100 1135 182 1168 culi.
199 1134 278 1168 Lib.
298 1135 368 1176 IX,
387 1134 496 1181 epigr.
519 1147 607 1175 mn,
628 1148 663 1169 v.
684 1135 702 1169 5
717 1162 727 1177 ,
745 1144 778 1169 et

101 1188 161 1221 lib.
182 1187 256 1227 XI,
278 1188 388 1233 epigr.
410 1200 530 1221 xxxw.

157 1241 191 1274 3.
208 1239 274 1273 Ed.
292 1241 399 1285 antiq.
418 1241 553 1274 Ferrar.
570 1240 653 1274 anni
670 1245 778 1285 1471.

102 1291 181 1326 Ald.
203 1293 303 1326 Junt.
327 1293 442 1326 Colin.
467 1294 606 1339 Gryph.
629 1302 694 1327 etc.
715 1302 782 1326 tur-

104 1345 178 1378 bida
185 1346 272 1387 limo,
285 1345 380 1391 quod
389 1346 485 1379 varie
495 1346 680 1392 torquebat
690 1359 783 1380 exer-

104 1399 275 1444 cebatque
291 1399 511 1445 interpretes.
528 1400 648 1433 Lectio
665 1408 784 1433 nostra

105 1450 252 1485 debetur
265 1451 449 1485 Scriverio.
462 1471 515 1478 -
526 1454 575 1486 Et
588 1453 671 1486 lento
685 1453 786 1498 splen-

107 1504 224 1538 descat.
244 1505 382 1538 Vinum
401 1506 494 1538 enim
514 1514 655 1539 centurn
675 1518 785 1539 anno-

108 1569 186 1590 rum
205 1569 245 1590 ex
266 1558 436 1603 amphora
453 1558 626 1599 effusum,
648 1559 675 1592 si
694 1571 788 1593 com-

110 1619 330 1652 moveretur,
348 1610 532 1644 turbidum
554 1611 672 1646 fiebat.

167 1667 198 1703 4.
217 1663 392 1709 Amphora.
415 1668 598 1698 Annosum
617 1665 739 1698 vinum
755 1673 790 1698 et

111 1716 283 1749 saeculare.
300 1717 498 1750 ——Centeno
514 1719 647 1751 consule.
666 1718 788 1763 Longo

112 1777 289 1814 tempore,
306 1770 424 1803 multis
440 1771 549 1804 annis.
567 1770 660 1804 Vide
676 1771 739 1804 lib.
753 1772 769 1803 I
780 1796 790 1812 ‚

832 870 942 916 epigr.
957 881 1055 903 xxv11
1067 895 1077 910 ‚
1092 881 1140 902 vs.
1159 881 1195 914 7.
1210 890 1261 896 —
1274 870 1377 903 Facta
1393 873 1503 904 minor.

834 923 929 964 Quia
952 921 1102 956 subinde
1120 922 1227 967 longo
1251 922 1348 956 senio
1374 923 1507 968 aliquid

833 975 984 1022 deperit.

890 1028 923 1062 5,
945 1029 966 1062 J
969 1036 1042 1062 unt.
1064 1028 1145 1061 anni
1173 1042 1185 1062 1
1197 1029 1238 1063 51
1250 1041 1266 1061 2
1290 1036 1354 1061 tam
1372 1028 1510 1061 candida

837 1084 951 1115 mansis
964 1109 973 1123 ‚
995 1081 1051 1115 vel
1070 1083 1246 1115 mausis—
1257 1081 1429 1126 Continget
1448 1094 1510 1114 nox

838 1135 1123 1181 quando....Quum
1147 1143 1196 1176 te,
1229 1143 1293 1169 etc.
1317 1133 1509 1179 Ecquando

839 1189 965 1222 iterum
986 1188 1052 1221 erit
1069 1188 1157 1221 mihi
1176 1200 1276 1233 aeque
1288 1189 1378 1234 justa
1392 1187 1510 1221 convi-

840 1241 887 1274 vii
907 1240 1050 1274 caussa?
1074 1249 1166 1274 certe
1181 1241 1244 1274 ubi
1264 1240 1359 1275 idem
1370 1240 1512 1274 Flaccus

841 1292 986 1327 redierit
1003 1306 1044 1326 ex
1065 1294 1186 1339 Cypro
1198 1321 1206 1335 ‚
1222 1307 1298 1340 quae
1317 1293 1428 1327 insula
1443 1294 1513 1326 Ve-

841 1347 917 1380 neri
931 1359 1027 1380 sacra
1043 1355 1113 1388 est,
1132 1359 1238 1393 quam
1259 1346 1423 1393 proximo
1442 1359 1515 1380 ma·-

842 1400 874 1434 ri
894 1408 956 1433 aut
975 1401 1129 1445 genitam
1144 1427 1153 1442 ‚
1172 1409 1231 1434 aut
1247 1408 1341 1434 certe
1363 1399 1517 1445 erupisse

845 1453 975 1486 ferunt.

900 1519 934 1551 7.
960 1505 1127 1553 Cythereia
1148 1505 1283 1551 Cypros.
1309 1505 1391 1538 Non
1421 1504 1517 1550 quod

846 1560 882 1592 in
902 1559 1014 1592 insula
1030 1560 1149 1606 Cypro
1167 1560 1250 1592 urbs
1264 1557 1416 1602 Cythere
1429 1556 1518 1603 (Cy-

847 1613 946 1646 there
962 1612 1052 1645 enim
1072 1612 1155 1645 urbs
1171 1620 1205 1645 et
1225 1611 1338 1644 insula
1357 1620 1408 1645 est
1420 1612 1520 1656 juxta

848 1661 1070 1707 Laconiam);
1091 1663 1153 1698 sed
1171 1664 1268 1710 quod
1282 1664 1432 1706 Veneri,
1447 1676 1523 1709 quae

852 1726 886 1753 et
911 1717 1094 1764 Cydaereis,
1118 1726 1248 1751 sacrata
1264 1717 1318 1751 sit.

905 1773 936 1805 8.
949 1772 1112 1804 Luxurioe.
1123 1771 1231 1805 Festae
1244 1769 1473 1804 accubationi.

704 1907 942 1963 XLVI.

501 2053 574 2081 An
613 2052 839 2082 CESTUM
876 2033 1151 2082 ΡυΕΒυΜ.ῃ

190 2159 393 2215 QUANTA
425 2168 498 2202 tua
529 2169 594 2216 est
623 2160 847 2221 probitas,
868 2169 1032 2221 quanta
1058 2170 1124 2204 est
1148 2159 1329 2204 infantia
1357 2160 1531 2208 formae,

262 2229 389 2272 Ceste
416 2246 542 2290 puer,
573 2247 710 2291 puero
736 2231 897 2275 castior
921 2228 1184 2292 Hippolyto!

177 2348 191 2361 ‘¹
212 2353 271 2385 Ad
287 2352 412 2386 Cestum
434 2354 638 2389 inscribitur
661 2356 697 2388 in
718 2355 799 2389 Ald.

125 2406 224 2439 Junt.
249 2406 364 2440 Colin.
387 2407 526 2453 Gryph.
546 2407 632 2442 aliis.

180 2478 231 2485 -—-
253 2458 460 2493 Celebratur
492 2460 528 2493 in
563 2461 666 2494 Cesto
693 2473 803 2507 puero

128 2511 316 2546 concordia
336 2513 456 2546 formae
470 2521 573 2559 atque
586 2512 775 2559 pudicitiae.

183 2577 209 2597 1.
227 2566 268 2598 In
285 2563 349 2599 Ed.
367 2566 441 2599 citt.
461 2575 579 2612 quanta
595 2575 643 2598 est
651 2575 806 2611 [παππαπ-

134 2620 177 2649 ῖὶα
198 2618 346 2660 sormae;
374 2618 407 2651 in
439 2618 560 2652 codice
589 2619 771 2653 Pulmanni
797 2632 803 2653 ε

134 2679 247 2715 quantu
264 2679 308 2703 cst
325 2674 474 2704 {testantia
495 2674 598 2710 Ιὶυηιε.
619 2672 807 2706 Farnahius

861 2356 965 2401 legit:
981 2356 1089 2388 Tanta
1111 2364 1165 2389 tua
1181 2364 1227 2388 est
1240 2355 1395 2401 probitas,
1419 2364 1535 2401 quarela

861 2417 910 2441 est
937 2410 1074 2452 infantia
1097 2409 1224 2451 sormae.
1251 2407 1343 2442 Vide
1371 2409 1433 2441 lib.
1466 2409 1516 2441 XI
1529 2436 1539 2451 ‚

864 2462 973 2508 epig-r.
984 2473 1024 2494 v:
1047 2462 1153 2494 Tanta
1170 2462 1228 2494 tibi
1241 2470 1287 2495 est
1305 2464 1382 2494 recti
1398 2475 1536 2494 reveren-

866 2517 930 2554 tia,
958 2515 1080 2553 Caemr,
1106 2524 1137 2547 et
1155 2518 1253 2561 aequi,
1278 2516 1409 2559 Quanta
1427 2515 1540 2548 Numoe

861 2569 979 2610 fuerat.
999 2568 1170 2601 Caeterum
1187 2568 1291 2602 lectio
1306 2576 1422 2601 nostra
1435 2566 1541 2601 debe·-

869 2629 925 2654 tur
939 2621 1103 2654 Grutero.

925 2687 956 2706 2.
980 2673 1106 2706 Castior
1125 2674 1310 2718 llis›s›0()'l<›.
1331 2676 1352 2706 W
1366 2673 1422 2707 isle
1443 2686 1541 2717 argu-
