<?xml version="1.0" encoding="UTF-8"?>
<!DOCTYPE html PUBLIC "-//W3C//DTD XHTML 1.0 Transitional//EN"
    "http://www.w3.org/TR/xhtml1/DTD/xhtml1-transitional.dtd">
<html xmlns="http://www.w3.org/1999/xhtml" xml:lang="en" lang="en">
 <head>
  <title>
</title>
<meta http-equiv="Content-Type" content="text/html;charset=utf-8" />
  <meta name='ocr-system' content='tesseract 3.04.00' />
  <meta name='ocr-capabilities' content='ocr_page ocr_carea ocr_par ocr_line ocrx_word'/>
</head>
<body>
  <div class='ocr_page' id='page_1' title='image "./epigrammata02martuoft/epigrammata02martuoft_0350.png"; bbox 0 0 1978 3305; ppageno 0'>
   <div class='ocr_carea' id='block_1_1' title="bbox 470 232 568 278">
    <p class='ocr_par' dir='ltr' id='par_1_1' title="bbox 470 232 568 278">
     <span class='ocr_line' id='line_1_1' title="bbox 470 232 568 278; baseline 0 0"><span class='ocrx_word' id='word_1_1' title='bbox 470 232 568 278; x_wconf 79' lang='lat'>336</span> 
     </span>
    </p>
   </div>
   <div class='ocr_carea' id='block_1_2' title="bbox 846 234 1492 278">
    <p class='ocr_par' dir='ltr' id='par_1_2' title="bbox 846 234 1492 278">
     <span class='ocr_line' id='line_1_2' title="bbox 846 234 1492 278; baseline 0.003 -2"><span class='ocrx_word' id='word_1_2' title='bbox 846 235 907 276; x_wconf 92' lang='lat' dir='ltr'>M.</span> <span class='ocrx_word' id='word_1_3' title='bbox 928 234 1069 276; x_wconf 88' lang='lat' dir='ltr'>VAL.</span> <span class='ocrx_word' id='word_1_4' title='bbox 1107 234 1492 278; x_wconf 89' lang='lat' dir='ltr'><strong>MARTIALIS</strong></span> 
     </span>
    </p>
   </div>
   <div class='ocr_carea' id='block_1_3' title="bbox 530 319 1754 1153">
    <p class='ocr_par' dir='ltr' id='par_1_3' title="bbox 607 319 1625 365">
     <span class='ocr_line' id='line_1_3' title="bbox 607 319 1625 365; baseline 0.001 -1"><span class='ocrx_word' id='word_1_5' title='bbox 607 319 762 365; x_wconf 83' lang='lat' dir='ltr'>Cultus</span> <span class='ocrx_word' id='word_1_6' title='bbox 786 337 793 362; x_wconf 93' lang='lat'>:</span> <span class='ocrx_word' id='word_1_7' title='bbox 818 320 873 363; x_wconf 92' lang='lat' dir='ltr'>ab</span> <span class='ocrx_word' id='word_1_8' title='bbox 903 320 987 364; x_wconf 87' lang='lat' dir='ltr'>hoc</span> <span class='ocrx_word' id='word_1_9' title='bbox 1013 319 1161 364; x_wconf 81' lang='lat' dir='ltr'>mallet</span> <span class='ocrx_word' id='word_1_10' title='bbox 1186 329 1312 364; x_wconf 79' lang='lat' dir='ltr'>vecta</span> <span class='ocrx_word' id='word_1_11' title='bbox 1335 320 1466 364; x_wconf 83' lang='lat' dir='ltr'>fuisse</span> <span class='ocrx_word' id='word_1_12' title='bbox 1492 338 1625 365; x_wconf 85' lang='lat' dir='ltr'>soror.</span> 
     </span>
    </p>

    <p class='ocr_par' dir='ltr' id='par_1_4' title="bbox 539 388 1650 521">
     <span class='ocr_line' id='line_1_4' title="bbox 539 388 1650 450; baseline 0.001 -16"><span class='ocrx_word' id='word_1_13' title='bbox 539 393 667 434; x_wconf 91' lang='lat' dir='ltr'>Hunc</span> <span class='ocrx_word' id='word_1_14' title='bbox 696 406 777 434; x_wconf 86' lang='lat' dir='ltr'>nec</span> <span class='ocrx_word' id='word_1_15' title='bbox 807 390 1048 450; x_wconf 87' lang='lat' dir='ltr'>Cinyphius</span> <span class='ocrx_word' id='word_1_16' title='bbox 1079 399 1230 434; x_wconf 86' lang='lat' dir='ltr'>tonsor</span> <span class='ocrx_word' id='word_1_17' title='bbox 1258 388 1508 446; x_wconf 78' lang='lat' dir='ltr'>violaverit3</span> <span class='ocrx_word' id='word_1_18' title='bbox 1532 401 1576 435; x_wconf 85' lang='lat' dir='ltr'>et</span> <span class='ocrx_word' id='word_1_19' title='bbox 1603 401 1650 435; x_wconf 89' lang='lat' dir='ltr'>tu</span> 
     </span>
     <span class='ocr_line' id='line_1_5' title="bbox 607 459 1408 521; baseline 0 -18"><span class='ocrx_word' id='word_1_20' title='bbox 607 462 705 521; x_wconf 90' lang='lat' dir='ltr'>Ipse</span> <span class='ocrx_word' id='word_1_21' title='bbox 736 470 810 503; x_wconf 85' lang='lat' dir='ltr'>tua</span> <span class='ocrx_word' id='word_1_22' title='bbox 839 461 955 521; x_wconf 84' lang='lat' dir='ltr'>pasci</span> <span class='ocrx_word' id='word_1_23' title='bbox 986 461 1094 516; x_wconf 81' lang='lat' dir='ltr'>vite,</span> <span class='ocrx_word' id='word_1_24' title='bbox 1122 462 1271 520; x_wconf 83' lang='lat' dir='ltr'>Lyaee,</span> <span class='ocrx_word' id='word_1_25' title='bbox 1291 459 1408 504; x_wconf 87' lang='lat' dir='ltr'>velis.</span> 
     </span>
    </p>

    <p class='ocr_par' dir='ltr' id='par_1_5' title="bbox 537 529 1732 644">
     <span class='ocr_line' id='line_1_6' title="bbox 537 529 1732 591; baseline 0.001 -18"><span class='ocrx_word' id='word_1_26' title='bbox 537 532 678 590; x_wconf 79' lang='lat' dir='ltr'>Terga</span> <span class='ocrx_word' id='word_1_27' title='bbox 706 531 864 591; x_wconf 85' lang='lat' dir='ltr'>premit</span> <span class='ocrx_word' id='word_1_28' title='bbox 887 532 1054 591; x_wconf 87' lang='lat' dir='ltr'>pecoris</span> <span class='ocrx_word' id='word_1_29' title='bbox 1084 531 1265 591; x_wconf 84' lang='lat' dir='ltr'>geminis</span> <span class='ocrx_word' id='word_1_30' title='bbox 1291 532 1427 574; x_wconf 91' lang='lat' dir='ltr'>Amor</span> <span class='ocrx_word' id='word_1_31' title='bbox 1451 545 1607 575; x_wconf 88' lang='lat' dir='ltr'>aureus</span> <span class='ocrx_word' id='word_1_32' title='bbox 1634 529 1732 584; x_wconf 88' lang='lat' dir='ltr'>alis;</span> 
     </span>
     <span class='ocr_line' id='line_1_7' title="bbox 603 599 1483 644; baseline 0.001 -1"><span class='ocrx_word' id='word_1_33' title='bbox 603 599 816 644; x_wconf 86' lang='lat' dir='ltr'>Palladius</span> <span class='ocrx_word' id='word_1_34' title='bbox 846 609 995 644; x_wconf 88' lang='lat' dir='ltr'>tenero</span> <span class='ocrx_word' id='word_1_35' title='bbox 1026 599 1136 644; x_wconf 87' lang='lat' dir='ltr'>lotos</span> <span class='ocrx_word' id='word_1_36' title='bbox 1161 600 1216 644; x_wconf 88' lang='lat' dir='ltr'>ab</span> <span class='ocrx_word' id='word_1_37' title='bbox 1246 617 1321 644; x_wconf 91' lang='lat' dir='ltr'>ore</span> <span class='ocrx_word' id='word_1_38' title='bbox 1347 609 1483 644; x_wconf 85' lang='lat' dir='ltr'>sonat.</span> 
     </span>
    </p>

    <p class='ocr_par' dir='ltr' id='par_1_6' title="bbox 535 670 1661 802">
     <span class='ocr_line' id='line_1_8' title="bbox 535 670 1508 732; baseline -0.002 -17"><span class='ocrx_word' id='word_1_39' title='bbox 535 671 604 715; x_wconf 85' lang='lat' dir='ltr'>Sic</span> <span class='ocrx_word' id='word_1_40' title='bbox 635 670 930 730; x_wconf 61' lang='lat' dir='ltr'>Methymnaeo</span> <span class='ocrx_word' id='word_1_41' title='bbox 953 672 1124 732; x_wconf 84' lang='lat' dir='ltr'>gavisus</span> <span class='ocrx_word' id='word_1_42' title='bbox 1144 672 1306 715; x_wconf 89' lang='lat' dir='ltr'>Arione</span> <span class='ocrx_word' id='word_1_43' title='bbox 1330 670 1508 731; x_wconf 89' lang='lat' dir='ltr'><strong>delphin</strong></span> 
     </span>
     <span class='ocr_line' id='line_1_9' title="bbox 602 740 1661 802; baseline 0.002 -19"><span class='ocrx_word' id='word_1_44' title='bbox 602 740 829 802; x_wconf 83' lang='lat' dir='ltr'>Languida</span> <span class='ocrx_word' id='word_1_45' title='bbox 853 758 941 785; x_wconf 91' lang='lat' dir='ltr'>non</span> <span class='ocrx_word' id='word_1_46' title='bbox 966 743 1144 785; x_wconf 80' lang='lat' dir='ltr'>tacitum</span> <span class='ocrx_word' id='word_1_47' title='bbox 1172 758 1249 802; x_wconf 86' lang='lat' dir='ltr'>per</span> <span class='ocrx_word' id='word_1_48' title='bbox 1273 741 1383 784; x_wconf 84' lang='lat' dir='ltr'>freta</span> <span class='ocrx_word' id='word_1_49' title='bbox 1406 741 1521 785; x_wconf 83' lang='lat' dir='ltr'>vexit</span> <span class='ocrx_word' id='word_1_50' title='bbox 1540 758 1661 786; x_wconf 89' lang='lat' dir='ltr'>onus.</span> 
     </span>
    </p>

    <p class='ocr_par' dir='ltr' id='par_1_7' title="bbox 533 810 1754 942">
     <span class='ocr_line' id='line_1_10' title="bbox 533 810 1640 873; baseline 0.002 -19"><span class='ocrx_word' id='word_1_51' title='bbox 533 810 708 855; x_wconf 83' lang='lat' dir='ltr'>Imbuat</span> <span class='ocrx_word' id='word_1_52' title='bbox 735 812 955 872; x_wconf 83' lang='lat' dir='ltr'>egregium</span> <span class='ocrx_word' id='word_1_53' title='bbox 984 812 1116 873; x_wconf 86' lang='lat' dir='ltr'>digno</span> <span class='ocrx_word' id='word_1_54' title='bbox 1144 812 1251 855; x_wconf 87' lang='lat' dir='ltr'>mihi</span> <span class='ocrx_word' id='word_1_55' title='bbox 1280 818 1455 855; x_wconf 74' lang='lat' dir='ltr'>nectare</span> <span class='ocrx_word' id='word_1_56' title='bbox 1481 828 1640 856; x_wconf 88' lang='lat' dir='ltr'>munus</span> 
     </span>
     <span class='ocr_line' id='line_1_11' title="bbox 601 881 1754 942; baseline 0.001 -18"><span class='ocrx_word' id='word_1_57' title='bbox 601 882 703 925; x_wconf 87' lang='lat' dir='ltr'>Non</span> <span class='ocrx_word' id='word_1_58' title='bbox 727 898 856 942; x_wconf 83' lang='lat' dir='ltr'><strong>grege</strong></span> <span class='ocrx_word' id='word_1_59' title='bbox 885 881 938 925; x_wconf 89' lang='lat' dir='ltr'>de</span> <span class='ocrx_word' id='word_1_60' title='bbox 963 881 1148 936; x_wconf 85' lang='lat' dir='ltr'>domini,</span> <span class='ocrx_word' id='word_1_61' title='bbox 1177 882 1251 925; x_wconf 87' lang='lat' dir='ltr'>sed</span> <span class='ocrx_word' id='word_1_62' title='bbox 1282 891 1379 936; x_wconf 79' lang='lat' dir='ltr'>tua,</span> <span class='ocrx_word' id='word_1_63' title='bbox 1408 883 1559 935; x_wconf 78' lang='lat' dir='ltr'>Ceste,</span> <span class='ocrx_word' id='word_1_64' title='bbox 1589 899 1754 927; x_wconf 88' lang='lat' dir='ltr'>manus.</span> 
     </span>
    </p>

    <p class='ocr_par' dir='ltr' id='par_1_8' title="bbox 532 951 1613 1083">
     <span class='ocr_line' id='line_1_12' title="bbox 532 951 1613 1007; baseline 0.001 -12"><span class='ocrx_word' id='word_1_65' title='bbox 532 953 686 1006; x_wconf 84' lang='lat' dir='ltr'>Ceste,</span> <span class='ocrx_word' id='word_1_66' title='bbox 712 952 843 996; x_wconf 85' lang='lat' dir='ltr'>decus</span> <span class='ocrx_word' id='word_1_67' title='bbox 868 968 1049 1007; x_wconf 86' lang='lat' dir='ltr'>mensae‚</span> <span class='ocrx_word' id='word_1_68' title='bbox 1079 953 1211 996; x_wconf 84' lang='lat' dir='ltr'><strong>misce</strong></span> <span class='ocrx_word' id='word_1_69' title='bbox 1235 953 1380 996; x_wconf 86' lang='lat' dir='ltr'>Setina</span> <span class='ocrx_word' id='word_1_70' title='bbox 1406 969 1414 995; x_wconf 94' lang='lat'>:</span> <span class='ocrx_word' id='word_1_71' title='bbox 1441 951 1613 996; x_wconf 84' lang='lat' dir='ltr'>videtur</span> 
     </span>
     <span class='ocr_line' id='line_1_13' title="bbox 600 1022 1439 1083; baseline 0 -18"><span class='ocrx_word' id='word_1_72' title='bbox 600 1023 699 1082; x_wconf 88' lang='lat' dir='ltr'>lpse</span> <span class='ocrx_word' id='word_1_73' title='bbox 721 1039 829 1082; x_wconf 89' lang='lat' dir='ltr'>puer</span> <span class='ocrx_word' id='word_1_74' title='bbox 855 1022 1004 1077; x_wconf 80' lang='lat' dir='ltr'>nobis,</span> <span class='ocrx_word' id='word_1_75' title='bbox 1033 1023 1123 1083; x_wconf 90' lang='lat' dir='ltr'>ipse</span> <span class='ocrx_word' id='word_1_76' title='bbox 1150 1023 1267 1066; x_wconf 86' lang='lat' dir='ltr'>sitire</span> <span class='ocrx_word' id='word_1_77' title='bbox 1299 1038 1439 1083; x_wconf 88' lang='lat' dir='ltr'>caper.</span> 
     </span>
    </p>

    <p class='ocr_par' dir='ltr' id='par_1_9' title="bbox 530 1091 1570 1153">
     <span class='ocr_line' id='line_1_14' title="bbox 530 1091 1570 1153; baseline 0.001 -18"><span class='ocrx_word' id='word_1_78' title='bbox 530 1093 618 1135; x_wconf 84' lang='lat' dir='ltr'>Det</span> <span class='ocrx_word' id='word_1_79' title='bbox 642 1109 871 1136; x_wconf 87' lang='lat' dir='ltr'>numerum</span> <span class='ocrx_word' id='word_1_80' title='bbox 898 1092 1062 1153; x_wconf 86' lang='lat' dir='ltr'>cyathis</span> <span class='ocrx_word' id='word_1_81' title='bbox 1087 1093 1272 1136; x_wconf 83' lang='lat' dir='ltr'><strong>Instanti</strong></span> <span class='ocrx_word' id='word_1_82' title='bbox 1297 1091 1418 1136; x_wconf 88' lang='lat' dir='ltr'>litera</span> <span class='ocrx_word' id='word_1_83' title='bbox 1442 1092 1570 1148; x_wconf 83' lang='lat' dir='ltr'>Rufi;</span> 
     </span>
    </p>
   </div>
   <div class='ocr_carea' id='block_1_4' title="bbox 457 1224 1133 2277">
    <p class='ocr_par' dir='ltr' id='par_1_10' title="bbox 460 1224 1132 1364">
     <span class='ocr_line' id='line_1_15' title="bbox 517 1224 1129 1271; baseline -0.002 -13"><span class='ocrx_word' id='word_1_84' title='bbox 517 1237 572 1258; x_wconf 90' lang='lat'>10.</span> <span class='ocrx_word' id='word_1_85' title='bbox 591 1225 697 1258; x_wconf 79' lang='lat' dir='ltr'>Soror.</span> <span class='ocrx_word' id='word_1_86' title='bbox 718 1225 816 1258; x_wconf 88' lang='lat' dir='ltr'>Helle</span> <span class='ocrx_word' id='word_1_87' title='bbox 829 1250 838 1266; x_wconf 90' lang='lat'>,</span> <span class='ocrx_word' id='word_1_88' title='bbox 855 1224 985 1271; x_wconf 66' lang='lat' dir='ltr'>Phryxi</span> <span class='ocrx_word' id='word_1_89' title='bbox 1006 1236 1106 1258; x_wconf 89' lang='lat' dir='ltr'>soror</span> <span class='ocrx_word' id='word_1_90' title='bbox 1122 1237 1129 1256; x_wconf 89' lang='lat'>:</span> 
     </span>
     <span class='ocr_line' id='line_1_16' title="bbox 461 1277 1132 1323; baseline 0 -13"><span class='ocrx_word' id='word_1_91' title='bbox 461 1278 503 1311; x_wconf 86' lang='lat' dir='ltr'>ab</span> <span class='ocrx_word' id='word_1_92' title='bbox 519 1278 586 1310; x_wconf 89' lang='lat' dir='ltr'>hoc</span> <span class='ocrx_word' id='word_1_93' title='bbox 605 1277 698 1310; x_wconf 87' lang='lat' dir='ltr'>enim</span> <span class='ocrx_word' id='word_1_94' title='bbox 715 1290 820 1323; x_wconf 86' lang='lat' dir='ltr'>capro</span> <span class='ocrx_word' id='word_1_95' title='bbox 838 1278 865 1311; x_wconf 89' lang='lat' dir='ltr'>si</span> <span class='ocrx_word' id='word_1_96' title='bbox 882 1285 979 1311; x_wconf 88' lang='lat' dir='ltr'>vecta</span> <span class='ocrx_word' id='word_1_97' title='bbox 995 1277 1132 1319; x_wconf 87' lang='lat' dir='ltr'>fuisset,</span> 
     </span>
     <span class='ocr_line' id='line_1_17' title="bbox 460 1331 1011 1364; baseline 0 -1"><span class='ocrx_word' id='word_1_98' title='bbox 460 1332 496 1364; x_wconf 88' lang='lat' dir='ltr'>in</span> <span class='ocrx_word' id='word_1_99' title='bbox 514 1343 609 1363; x_wconf 85' lang='lat' dir='ltr'>mare</span> <span class='ocrx_word' id='word_1_100' title='bbox 627 1343 698 1363; x_wconf 92' lang='lat' dir='ltr'>non</span> <span class='ocrx_word' id='word_1_101' title='bbox 719 1331 839 1364; x_wconf 88' lang='lat' dir='ltr'>fuisset</span> <span class='ocrx_word' id='word_1_102' title='bbox 859 1342 1011 1363; x_wconf 86' lang='lat' dir='ltr'>excussa.</span> 
     </span>
    </p>

    <p class='ocr_par' dir='ltr' id='par_1_11' title="bbox 459 1381 1133 1481">
     <span class='ocr_line' id='line_1_18' title="bbox 518 1381 1133 1428; baseline -0.002 -12"><span class='ocrx_word' id='word_1_103' title='bbox 518 1395 576 1416; x_wconf 86' lang='lat'>11.</span> <span class='ocrx_word' id='word_1_104' title='bbox 595 1383 662 1417; x_wconf 80' lang='lat' dir='ltr'>Nec</span> <span class='ocrx_word' id='word_1_105' title='bbox 690 1383 865 1428; x_wconf 77' lang='lat' dir='ltr'>Cinyphius</span> <span class='ocrx_word' id='word_1_106' title='bbox 889 1391 1005 1415; x_wconf 79' lang='lat' dir='ltr'>tonsor.</span> <span class='ocrx_word' id='word_1_107' title='bbox 1037 1381 1133 1424; x_wconf 89' lang='lat' dir='ltr'>Quid</span> 
     </span>
     <span class='ocr_line' id='line_1_19' title="bbox 459 1435 1130 1481; baseline -0.001 -12"><span class='ocrx_word' id='word_1_108' title='bbox 459 1436 526 1469; x_wconf 92' lang='lat' dir='ltr'>hoc</span> <span class='ocrx_word' id='word_1_109' title='bbox 542 1448 651 1481; x_wconf 85' lang='lat' dir='ltr'>genus</span> <span class='ocrx_word' id='word_1_110' title='bbox 664 1461 674 1478; x_wconf 93' lang='lat'>‚</span> <span class='ocrx_word' id='word_1_111' title='bbox 694 1435 738 1469; x_wconf 83' lang='lat' dir='ltr'>ad</span> <span class='ocrx_word' id='word_1_112' title='bbox 751 1436 910 1477; x_wconf 88' lang='lat' dir='ltr'>lib.VII‚</span> <span class='ocrx_word' id='word_1_113' title='bbox 925 1435 1035 1481; x_wconf 79' lang='lat' dir='ltr'>epigr.</span> <span class='ocrx_word' id='word_1_114' title='bbox 1055 1447 1130 1469; x_wconf 85' lang='lat' dir='ltr'>xcv.</span> 
     </span>
    </p>

    <p class='ocr_par' dir='ltr' id='par_1_12' title="bbox 459 1487 1132 1745">
     <span class='ocr_line' id='line_1_20' title="bbox 517 1487 1130 1534; baseline -0.002 -13"><span class='ocrx_word' id='word_1_115' title='bbox 517 1501 574 1521; x_wconf 83' lang='lat'>12.</span> <span class='ocrx_word' id='word_1_116' title='bbox 601 1490 672 1534; x_wconf 76' lang='lat' dir='ltr'>Ipse</span> <span class='ocrx_word' id='word_1_117' title='bbox 703 1498 768 1522; x_wconf 79' lang='lat' dir='ltr'>tua.</span> <span class='ocrx_word' id='word_1_118' title='bbox 793 1488 1055 1534; x_wconf 77' lang='lat' dir='ltr'>Elegantissime</span> <span class='ocrx_word' id='word_1_119' title='bbox 1077 1487 1130 1521; x_wconf 88' lang='lat' dir='ltr'>di·</span> 
     </span>
     <span class='ocr_line' id='line_1_21' title="bbox 459 1541 1131 1587; baseline 0 -13"><span class='ocrx_word' id='word_1_120' title='bbox 459 1550 572 1575; x_wconf 82' lang='lat' dir='ltr'>ctum:</span> <span class='ocrx_word' id='word_1_121' title='bbox 582 1553 732 1587; x_wconf 82' lang='lat' dir='ltr'>namque</span> <span class='ocrx_word' id='word_1_122' title='bbox 742 1549 836 1586; x_wconf 84' lang='lat' dir='ltr'>grata</span> <span class='ocrx_word' id='word_1_123' title='bbox 846 1542 982 1575; x_wconf 89' lang='lat' dir='ltr'>Baccho</span> <span class='ocrx_word' id='word_1_124' title='bbox 993 1541 1131 1574; x_wconf 85' lang='lat' dir='ltr'>victima</span> 
     </span>
     <span class='ocr_line' id='line_1_22' title="bbox 459 1594 1132 1639; baseline -0.001 -12"><span class='ocrx_word' id='word_1_125' title='bbox 459 1594 593 1635; x_wconf 86' lang='lat' dir='ltr'>hircus,</span> <span class='ocrx_word' id='word_1_126' title='bbox 606 1594 667 1628; x_wconf 90' lang='lat' dir='ltr'>lib.</span> <span class='ocrx_word' id='word_1_127' title='bbox 679 1595 751 1636; x_wconf 90' lang='lat' dir='ltr'>III,</span> <span class='ocrx_word' id='word_1_128' title='bbox 765 1594 854 1639; x_wconf 84' lang='lat' dir='ltr'>epig.</span> <span class='ocrx_word' id='word_1_129' title='bbox 870 1601 1132 1635; x_wconf 81' lang='lat' dir='ltr'>xx1v3attamen</span> 
     </span>
     <span class='ocr_line' id='line_1_23' title="bbox 459 1647 1132 1687; baseline 0 -7"><span class='ocrx_word' id='word_1_130' title='bbox 459 1647 524 1680; x_wconf 86' lang='lat' dir='ltr'>iste</span> <span class='ocrx_word' id='word_1_131' title='bbox 535 1656 603 1680; x_wconf 85' lang='lat' dir='ltr'>tam</span> <span class='ocrx_word' id='word_1_132' title='bbox 613 1648 743 1681; x_wconf 86' lang='lat' dir='ltr'>affabre</span> <span class='ocrx_word' id='word_1_133' title='bbox 754 1655 827 1680; x_wconf 85' lang='lat' dir='ltr'>erat</span> <span class='ocrx_word' id='word_1_134' title='bbox 837 1648 1132 1687; x_wconf 75' lang='lat' dir='ltr'>foi-matus,utsua</span> 
     </span>
     <span class='ocr_line' id='line_1_24' title="bbox 460 1700 1130 1745; baseline -0.001 -12"><span class='ocrx_word' id='word_1_135' title='bbox 460 1700 531 1734; x_wconf 79' lang='lat' dir='ltr'>vite</span> <span class='ocrx_word' id='word_1_136' title='bbox 546 1700 657 1734; x_wconf 87' lang='lat' dir='ltr'>libens</span> <span class='ocrx_word' id='word_1_137' title='bbox 673 1701 771 1734; x_wconf 90' lang='lat' dir='ltr'>illum</span> <span class='ocrx_word' id='word_1_138' title='bbox 789 1708 945 1745; x_wconf 86' lang='lat' dir='ltr'>pasceret</span> <span class='ocrx_word' id='word_1_139' title='bbox 963 1700 1130 1733; x_wconf 85' lang='lat' dir='ltr'>Bacchus.</span> 
     </span>
    </p>

    <p class='ocr_par' dir='ltr' id='par_1_13' title="bbox 459 1752 1132 1852">
     <span class='ocr_line' id='line_1_25' title="bbox 517 1752 1132 1799; baseline 0 -13"><span class='ocrx_word' id='word_1_140' title='bbox 517 1752 571 1786; x_wconf 81' lang='lat'>13.</span> <span class='ocrx_word' id='word_1_141' title='bbox 596 1754 627 1786; x_wconf 95' lang='lat' dir='ltr'><em>T</em></span> <span class='ocrx_word' id='word_1_142' title='bbox 624 1767 701 1799; x_wconf 77' lang='lat' dir='ltr'>erga</span> <span class='ocrx_word' id='word_1_143' title='bbox 717 1755 841 1799; x_wconf 80' lang='lat' dir='ltr'>premit.</span> <span class='ocrx_word' id='word_1_144' title='bbox 865 1754 981 1798; x_wconf 85' lang='lat' dir='ltr'>Capro</span> <span class='ocrx_word' id='word_1_145' title='bbox 1002 1752 1132 1786; x_wconf 89' lang='lat' dir='ltr'>inside-</span> 
     </span>
     <span class='ocr_line' id='line_1_26' title="bbox 459 1805 693 1852; baseline 0 -13"><span class='ocrx_word' id='word_1_146' title='bbox 459 1806 520 1839; x_wconf 85' lang='lat' dir='ltr'>bat</span> <span class='ocrx_word' id='word_1_147' title='bbox 539 1805 693 1852; x_wconf 89' lang='lat' dir='ltr'>Cupido.</span> 
     </span>
    </p>

    <p class='ocr_par' dir='ltr' id='par_1_14' title="bbox 457 1858 1132 2211">
     <span class='ocr_line' id='line_1_27' title="bbox 518 1858 1131 1899; baseline 0.002 -8"><span class='ocrx_word' id='word_1_148' title='bbox 518 1862 577 1898; x_wconf 76' lang='lat'>¹4·</span> <span class='ocrx_word' id='word_1_149' title='bbox 597 1859 765 1892; x_wconf 81' lang='lat' dir='ltr'>Palladius</span> <span class='ocrx_word' id='word_1_150' title='bbox 783 1859 873 1892; x_wconf 80' lang='lat' dir='ltr'>lotos.</span> <span class='ocrx_word' id='word_1_151' title='bbox 897 1859 973 1892; x_wconf 88' lang='lat' dir='ltr'>Hoc</span> <span class='ocrx_word' id='word_1_152' title='bbox 994 1867 1064 1899; x_wconf 82' lang='lat' dir='ltr'>est,</span> <span class='ocrx_word' id='word_1_153' title='bbox 1087 1858 1131 1892; x_wconf 90' lang='lat' dir='ltr'>ti-</span> 
     </span>
     <span class='ocr_line' id='line_1_28' title="bbox 458 1911 1132 1946; baseline 0.001 -2"><span class='ocrx_word' id='word_1_154' title='bbox 458 1911 527 1945; x_wconf 87' lang='lat' dir='ltr'>hia.</span> <span class='ocrx_word' id='word_1_155' title='bbox 548 1912 675 1946; x_wconf 67' lang='lat' dir='ltr'>«Lotos</span> <span class='ocrx_word' id='word_1_156' title='bbox 693 1911 738 1946; x_wconf 88' lang='lat' dir='ltr'>ad</span> <span class='ocrx_word' id='word_1_157' title='bbox 758 1911 923 1945; x_wconf 87' lang='lat' dir='ltr'>tibiarum</span> <span class='ocrx_word' id='word_1_158' title='bbox 942 1920 1063 1945; x_wconf 87' lang='lat' dir='ltr'>cantus</span> <span class='ocrx_word' id='word_1_159' title='bbox 1078 1925 1132 1945; x_wconf 89' lang='lat' dir='ltr'>ex-</span> 
     </span>
     <span class='ocr_line' id='line_1_29' title="bbox 457 1964 1130 2011; baseline -0.001 -13"><span class='ocrx_word' id='word_1_160' title='bbox 457 1964 634 2011; x_wconf 81' lang='lat' dir='ltr'>petitur»,</span> <span class='ocrx_word' id='word_1_161' title='bbox 656 1965 772 2010; x_wconf 88' lang='lat' dir='ltr'>inquit</span> <span class='ocrx_word' id='word_1_162' title='bbox 789 1964 923 1997; x_wconf 84' lang='lat' dir='ltr'>Plinius</span> <span class='ocrx_word' id='word_1_163' title='bbox 944 1965 1004 1998; x_wconf 90' lang='lat' dir='ltr'>lib.</span> <span class='ocrx_word' id='word_1_164' title='bbox 1025 1965 1130 2005; x_wconf 85' lang='lat' dir='ltr'><strong>XIII,</strong></span> 
     </span>
     <span class='ocr_line' id='line_1_30' title="bbox 458 2015 1130 2063; baseline -0.001 -12"><span class='ocrx_word' id='word_1_165' title='bbox 458 2030 488 2051; x_wconf 88' lang='lat' dir='ltr'>c.</span> <span class='ocrx_word' id='word_1_166' title='bbox 508 2030 564 2062; x_wconf 85' lang='lat'>17.</span> <span class='ocrx_word' id='word_1_167' title='bbox 587 2019 754 2051; x_wconf 75' lang='lat' dir='ltr'>Palladius</span> <span class='ocrx_word' id='word_1_168' title='bbox 773 2015 842 2050; x_wconf 89' lang='lat' dir='ltr'>dici</span> <span class='ocrx_word' id='word_1_169' title='bbox 863 2015 1016 2057; x_wconf 85' lang='lat' dir='ltr'>videtur,</span> <span class='ocrx_word' id='word_1_170' title='bbox 1035 2017 1130 2063; x_wconf 88' lang='lat' dir='ltr'>quod</span> 
     </span>
     <span class='ocr_line' id='line_1_31' title="bbox 459 2070 1128 2116; baseline -0.001 -13"><span class='ocrx_word' id='word_1_171' title='bbox 459 2071 621 2116; x_wconf 80' lang='lat' dir='ltr'>frequens</span> <span class='ocrx_word' id='word_1_172' title='bbox 651 2071 685 2104; x_wconf 92' lang='lat' dir='ltr'>in</span> <span class='ocrx_word' id='word_1_173' title='bbox 717 2070 834 2104; x_wconf 86' lang='lat' dir='ltr'>Africa</span> <span class='ocrx_word' id='word_1_174' title='bbox 866 2078 1026 2104; x_wconf 84' lang='lat' dir='ltr'>nascatur</span> <span class='ocrx_word' id='word_1_175' title='bbox 1057 2083 1128 2103; x_wconf 90' lang='lat' dir='ltr'>non</span> 
     </span>
     <span class='ocr_line' id='line_1_32' title="bbox 457 2123 1130 2169; baseline -0.001 -12"><span class='ocrx_word' id='word_1_176' title='bbox 457 2124 580 2169; x_wconf 84' lang='lat' dir='ltr'>procul</span> <span class='ocrx_word' id='word_1_177' title='bbox 609 2135 627 2157; x_wconf 84' lang='lat' dir='ltr'>a</span> <span class='ocrx_word' id='word_1_178' title='bbox 657 2123 806 2157; x_wconf 86' lang='lat' dir='ltr'>Tritone</span> <span class='ocrx_word' id='word_1_179' title='bbox 835 2123 911 2156; x_wconf 82' lang='lat' dir='ltr'>lacu</span> <span class='ocrx_word' id='word_1_180' title='bbox 941 2135 1038 2156; x_wconf 78' lang='lat' dir='ltr'>sacro</span> <span class='ocrx_word' id='word_1_181' title='bbox 1065 2123 1130 2156; x_wconf 85' lang='lat' dir='ltr'>Mi-</span> 
     </span>
     <span class='ocr_line' id='line_1_33' title="bbox 457 2189 583 2211; baseline 0.016 -2"><span class='ocrx_word' id='word_1_182' title='bbox 457 2189 583 2211; x_wconf 79' lang='lat' dir='ltr'>nervae.</span> 
     </span>
    </p>

    <p class='ocr_par' dir='ltr' id='par_1_15' title="bbox 516 2229 1130 2277">
     <span class='ocr_line' id='line_1_34' title="bbox 516 2229 1130 2277; baseline 0.002 -15"><span class='ocrx_word' id='word_1_183' title='bbox 516 2230 573 2263; x_wconf 79' lang='lat'>15.</span> <span class='ocrx_word' id='word_1_184' title='bbox 600 2230 654 2263; x_wconf 84' lang='lat' dir='ltr'>Sic</span> <span class='ocrx_word' id='word_1_185' title='bbox 674 2230 897 2277; x_wconf 54' lang='lat' dir='ltr'>illetlaeymnaeo.</span> <span class='ocrx_word' id='word_1_186' title='bbox 923 2229 1130 2275; x_wconf 83' lang='lat' dir='ltr'>Methymna</span> 
     </span>
    </p>
   </div>
   <div class='ocr_carea' id='block_1_5' title="bbox 459 2283 1131 2328">
    <p class='ocr_par' dir='ltr' id='par_1_16' title="bbox 459 2283 1131 2328">
     <span class='ocr_line' id='line_1_35' title="bbox 459 2283 1131 2328; baseline -0.001 -12"><span class='ocrx_word' id='word_1_187' title='bbox 459 2283 561 2316; x_wconf 87' lang='lat' dir='ltr'>Lesbi</span> <span class='ocrx_word' id='word_1_188' title='bbox 578 2283 698 2316; x_wconf 84' lang='lat' dir='ltr'>insulae</span> <span class='ocrx_word' id='word_1_189' title='bbox 712 2283 793 2316; x_wconf 84' lang='lat' dir='ltr'>urbs</span> <span class='ocrx_word' id='word_1_190' title='bbox 809 2283 875 2316; x_wconf 87' lang='lat' dir='ltr'>suit</span> <span class='ocrx_word' id='word_1_191' title='bbox 886 2309 895 2324; x_wconf 88' lang='lat'><strong><em>,</em></strong></span> <span class='ocrx_word' id='word_1_192' title='bbox 910 2283 1021 2328; x_wconf 84' lang='lat' dir='ltr'>patria</span> <span class='ocrx_word' id='word_1_193' title='bbox 1037 2295 1131 2315; x_wconf 89' lang='lat' dir='ltr'>nem-</span> 
     </span>
    </p>
   </div>
   <div class='ocr_carea' id='block_1_6' title="bbox 452 2335 1129 2699">
    <p class='ocr_par' dir='ltr' id='par_1_17' title="bbox 457 2335 1129 2433">
     <span class='ocr_line' id='line_1_36' title="bbox 457 2335 1129 2381; baseline -0.001 -12"><span class='ocrx_word' id='word_1_194' title='bbox 457 2347 502 2380; x_wconf 87' lang='lat' dir='ltr'>pe</span> <span class='ocrx_word' id='word_1_195' title='bbox 523 2336 684 2377; x_wconf 86' lang='lat' dir='ltr'>Arionis;</span> <span class='ocrx_word' id='word_1_196' title='bbox 704 2337 807 2381; x_wconf 82' lang='lat' dir='ltr'>cujus</span> <span class='ocrx_word' id='word_1_197' title='bbox 833 2335 977 2369; x_wconf 86' lang='lat' dir='ltr'>historia</span> <span class='ocrx_word' id='word_1_198' title='bbox 1005 2335 1129 2380; x_wconf 80' lang='lat' dir='ltr'>legitur</span> 
     </span>
     <span class='ocr_line' id='line_1_37' title="bbox 460 2387 940 2433; baseline 0.004 -13"><span class='ocrx_word' id='word_1_199' title='bbox 460 2387 550 2433; x_wconf 84' lang='lat' dir='ltr'>apud</span> <span class='ocrx_word' id='word_1_200' title='bbox 571 2388 789 2423; x_wconf 81' lang='lat' dir='ltr'>Herodotum</span> <span class='ocrx_word' id='word_1_201' title='bbox 804 2414 813 2427; x_wconf 87' lang='grc'>,</span> <span class='ocrx_word' id='word_1_202' title='bbox 831 2389 892 2422; x_wconf 92' lang='lat' dir='ltr'>lib.</span> <span class='ocrx_word' id='word_1_203' title='bbox 913 2390 940 2422; x_wconf 90' lang='lat' dir='ltr'>l.</span> 
     </span>
    </p>

    <p class='ocr_par' dir='ltr' id='par_1_18' title="bbox 457 2441 1127 2540">
     <span class='ocr_line' id='line_1_38' title="bbox 516 2441 1127 2483; baseline 0.002 -9"><span class='ocrx_word' id='word_1_204' title='bbox 516 2444 572 2476; x_wconf 88' lang='lat'>16.</span> <span class='ocrx_word' id='word_1_205' title='bbox 595 2443 670 2475; x_wconf 84' lang='lat' dir='ltr'>Non</span> <span class='ocrx_word' id='word_1_206' title='bbox 695 2444 820 2475; x_wconf 82' lang='lat' dir='ltr'>tacitum</span> <span class='ocrx_word' id='word_1_207' title='bbox 844 2455 932 2475; x_wconf 78' lang='lat' dir='ltr'>onus.</span> <span class='ocrx_word' id='word_1_208' title='bbox 958 2441 1034 2475; x_wconf 83' lang='lat' dir='ltr'>Hoc</span> <span class='ocrx_word' id='word_1_209' title='bbox 1057 2450 1127 2483; x_wconf 88' lang='lat' dir='ltr'>est,</span> 
     </span>
     <span class='ocr_line' id='line_1_39' title="bbox 457 2494 1024 2540; baseline 0.002 -14"><span class='ocrx_word' id='word_1_210' title='bbox 457 2494 570 2539; x_wconf 83' lang='lat' dir='ltr'>ipsum</span> <span class='ocrx_word' id='word_1_211' title='bbox 591 2496 717 2529; x_wconf 76' lang='lat' dir='ltr'>Ariona</span> <span class='ocrx_word' id='word_1_212' title='bbox 736 2495 810 2540; x_wconf 83' lang='lat' dir='ltr'>lyra</span> <span class='ocrx_word' id='word_1_213' title='bbox 831 2503 1024 2528; x_wconf 83' lang='lat' dir='ltr'>canentem.</span> 
     </span>
    </p>

    <p class='ocr_par' dir='ltr' id='par_1_19' title="bbox 452 2548 1125 2699">
     <span class='ocr_line' id='line_1_40' title="bbox 513 2548 1124 2593; baseline 0.002 -14"><span class='ocrx_word' id='word_1_214' title='bbox 513 2559 570 2591; x_wconf 86' lang='lat'>17.</span> <span class='ocrx_word' id='word_1_215' title='bbox 587 2549 708 2581; x_wconf 78' lang='lat' dir='ltr'>Imbuat</span> <span class='ocrx_word' id='word_1_216' title='bbox 730 2550 887 2593; x_wconf 76' lang='lat' dir='ltr'>egregium</span> <span class='ocrx_word' id='word_1_217' title='bbox 909 2548 1039 2591; x_wconf 74' lang='lat' dir='ltr'>dignum</span> <span class='ocrx_word' id='word_1_218' title='bbox 1060 2548 1124 2580; x_wconf 84' lang='lat' dir='ltr'>Be-</span> 
     </span>
     <span class='ocr_line' id='line_1_41' title="bbox 454 2600 1122 2634; baseline 0.001 -2"><span class='ocrx_word' id='word_1_219' title='bbox 454 2600 609 2633; x_wconf 79' lang='lat' dir='ltr'>verlantli</span> <span class='ocrx_word' id='word_1_220' title='bbox 624 2601 695 2634; x_wconf 83' lang='lat' dir='ltr'>MS.</span> <span class='ocrx_word' id='word_1_221' title='bbox 714 2610 748 2634; x_wconf 83' lang='lat' dir='ltr'>et</span> <span class='ocrx_word' id='word_1_222' title='bbox 763 2600 871 2634; x_wconf 84' lang='lat' dir='ltr'>codex</span> <span class='ocrx_word' id='word_1_223' title='bbox 890 2600 1122 2634; x_wconf 86' lang='lat' dir='ltr'>Florentinus.</span> 
     </span>
     <span class='ocr_line' id='line_1_42' title="bbox 452 2653 1125 2699; baseline 0 -14"><span class='ocrx_word' id='word_1_224' title='bbox 452 2673 501 2679; x_wconf 93' lang='lat'>-—</span> <span class='ocrx_word' id='word_1_225' title='bbox 520 2653 640 2686; x_wconf 78' lang='lat' dir='ltr'>Imlnmae</span> <span class='ocrx_word' id='word_1_226' title='bbox 659 2657 828 2695; x_wconf 62' lang='lat' dir='ltr'>egregium.</span> <span class='ocrx_word' id='word_1_227' title='bbox 847 2655 886 2686; x_wconf 88' lang='lat' dir='ltr'>ln</span> <span class='ocrx_word' id='word_1_228' title='bbox 906 2654 1056 2699; x_wconf 78' lang='lat' dir='ltr'>phialam</span> <span class='ocrx_word' id='word_1_229' title='bbox 1077 2654 1125 2686; x_wconf 89' lang='lat' dir='ltr'>vi-</span> 
     </span>
    </p>
   </div>
   <div class='ocr_carea' id='block_1_7' title="bbox 1185 1224 1865 2697">
    <p class='ocr_par' dir='ltr' id='par_1_20' title="bbox 1190 1224 1864 1364">
     <span class='ocr_line' id='line_1_43' title="bbox 1191 1224 1864 1272; baseline 0.003 -14"><span class='ocrx_word' id='word_1_230' title='bbox 1191 1236 1276 1258; x_wconf 89' lang='lat' dir='ltr'>num</span> <span class='ocrx_word' id='word_1_231' title='bbox 1305 1224 1421 1270; x_wconf 87' lang='lat' dir='ltr'>primo</span> <span class='ocrx_word' id='word_1_232' title='bbox 1452 1224 1617 1258; x_wconf 85' lang='lat' dir='ltr'>infundat</span> <span class='ocrx_word' id='word_1_233' title='bbox 1647 1237 1717 1258; x_wconf 89' lang='lat' dir='ltr'>non</span> <span class='ocrx_word' id='word_1_234' title='bbox 1751 1226 1864 1272; x_wconf 74' lang='lat' dir='ltr'>quiVis</span> 
     </span>
     <span class='ocr_line' id='line_1_44' title="bbox 1192 1277 1864 1324; baseline 0.004 -15"><span class='ocrx_word' id='word_1_235' title='bbox 1192 1289 1232 1310; x_wconf 88' lang='lat' dir='ltr'>ex</span> <span class='ocrx_word' id='word_1_236' title='bbox 1252 1278 1381 1316; x_wconf 84' lang='lat' dir='ltr'>servis,</span> <span class='ocrx_word' id='word_1_237' title='bbox 1406 1277 1466 1311; x_wconf 88' lang='lat' dir='ltr'>sed</span> <span class='ocrx_word' id='word_1_238' title='bbox 1481 1279 1602 1312; x_wconf 87' lang='lat' dir='ltr'>Cestus</span> <span class='ocrx_word' id='word_1_239' title='bbox 1623 1290 1712 1324; x_wconf 89' lang='lat' dir='ltr'>puer</span> <span class='ocrx_word' id='word_1_240' title='bbox 1732 1279 1864 1312; x_wconf 90' lang='lat' dir='ltr'>formo-</span> 
     </span>
     <span class='ocr_line' id='line_1_45' title="bbox 1190 1342 1356 1364; baseline 0.006 -1"><span class='ocrx_word' id='word_1_241' title='bbox 1190 1342 1356 1364; x_wconf 73' lang='lat' dir='ltr'>sisfflmus.</span> 
     </span>
    </p>

    <p class='ocr_par' dir='ltr' id='par_1_21' title="bbox 1190 1383 1865 1745">
     <span class='ocr_line' id='line_1_46' title="bbox 1248 1383 1865 1424; baseline 0.002 -8"><span class='ocrx_word' id='word_1_242' title='bbox 1248 1394 1262 1415; x_wconf 91' lang='lat'>1</span> <span class='ocrx_word' id='word_1_243' title='bbox 1273 1384 1305 1416; x_wconf 92' lang='lat'>8.</span> <span class='ocrx_word' id='word_1_244' title='bbox 1319 1383 1385 1416; x_wconf 80' lang='lat' dir='ltr'>Sed</span> <span class='ocrx_word' id='word_1_245' title='bbox 1396 1391 1450 1415; x_wconf 82' lang='lat' dir='ltr'>tua</span> <span class='ocrx_word' id='word_1_246' title='bbox 1465 1392 1549 1416; x_wconf 82' lang='lat' dir='ltr'>certa</span> <span class='ocrx_word' id='word_1_247' title='bbox 1561 1397 1682 1424; x_wconf 80' lang='lat' dir='ltr'>manus,</span> <span class='ocrx_word' id='word_1_248' title='bbox 1698 1383 1801 1424; x_wconf 81' lang='lat' dir='ltr'>Ceste,</span> <span class='ocrx_word' id='word_1_249' title='bbox 1814 1385 1865 1417; x_wconf 85' lang='lat' dir='ltr'>de·</span> 
     </span>
     <span class='ocr_line' id='line_1_47' title="bbox 1190 1436 1861 1481; baseline 0.006 -14"><span class='ocrx_word' id='word_1_250' title='bbox 1190 1448 1242 1468; x_wconf 85' lang='lat' dir='ltr'>cus</span> <span class='ocrx_word' id='word_1_251' title='bbox 1261 1448 1373 1469; x_wconf 77' lang='lat' dir='ltr'>mensoe</span> <span class='ocrx_word' id='word_1_252' title='bbox 1388 1436 1470 1481; x_wconf 87' lang='lat' dir='ltr'>legit</span> <span class='ocrx_word' id='word_1_253' title='bbox 1481 1436 1656 1470; x_wconf 79' lang='lat' dir='ltr'>Gruterus</span> <span class='ocrx_word' id='word_1_254' title='bbox 1672 1449 1716 1469; x_wconf 84' lang='lat' dir='ltr'>ex</span> <span class='ocrx_word' id='word_1_255' title='bbox 1729 1436 1861 1471; x_wconf 83' lang='lat' dir='ltr'>codice.</span> 
     </span>
     <span class='ocr_line' id='line_1_48' title="bbox 1190 1488 1860 1534; baseline 0.003 -14"><span class='ocrx_word' id='word_1_256' title='bbox 1190 1488 1265 1521; x_wconf 86' lang='lat' dir='ltr'>Non</span> <span class='ocrx_word' id='word_1_257' title='bbox 1278 1501 1355 1534; x_wconf 78' lang='lat' dir='ltr'>rogo</span> <span class='ocrx_word' id='word_1_258' title='bbox 1374 1489 1426 1521; x_wconf 83' lang='lat' dir='ltr'>det</span> <span class='ocrx_word' id='word_1_259' title='bbox 1441 1489 1592 1527; x_wconf 82' lang='lat' dir='ltr'>dominus,</span> <span class='ocrx_word' id='word_1_260' title='bbox 1607 1489 1664 1522; x_wconf 87' lang='lat' dir='ltr'>sed</span> <span class='ocrx_word' id='word_1_261' title='bbox 1675 1497 1744 1530; x_wconf 80' lang='lat' dir='ltr'>tna,</span> <span class='ocrx_word' id='word_1_262' title='bbox 1758 1490 1860 1531; x_wconf 84' lang='lat' dir='ltr'>Ceste,</span> 
     </span>
     <span class='ocr_line' id='line_1_49' title="bbox 1190 1540 1860 1584; baseline 0.006 -12"><span class='ocrx_word' id='word_1_263' title='bbox 1190 1553 1299 1573; x_wconf 79' lang='lat' dir='ltr'>manus</span> <span class='ocrx_word' id='word_1_264' title='bbox 1317 1540 1424 1575; x_wconf 86' lang='lat' dir='ltr'>codex</span> <span class='ocrx_word' id='word_1_265' title='bbox 1441 1542 1778 1576; x_wconf 84' lang='lat' dir='ltr'>Pulmanni.—Sed</span> <span class='ocrx_word' id='word_1_266' title='bbox 1793 1552 1860 1584; x_wconf 73' lang='lat' dir='ltr'>tua,</span> 
     </span>
     <span class='ocr_line' id='line_1_50' title="bbox 1192 1593 1864 1641; baseline 0.007 -16"><span class='ocrx_word' id='word_1_267' title='bbox 1192 1593 1296 1626; x_wconf 83' lang='lat' dir='ltr'>Ceste.</span> <span class='ocrx_word' id='word_1_268' title='bbox 1310 1594 1462 1627; x_wconf 82' lang='lat' dir='ltr'>Martiali</span> <span class='ocrx_word' id='word_1_269' title='bbox 1481 1595 1516 1628; x_wconf 91' lang='lat' dir='ltr'>in</span> <span class='ocrx_word' id='word_1_270' title='bbox 1532 1594 1665 1628; x_wconf 87' lang='lat' dir='ltr'>deliciis</span> <span class='ocrx_word' id='word_1_271' title='bbox 1681 1603 1754 1629; x_wconf 86' lang='lat' dir='ltr'>erat</span> <span class='ocrx_word' id='word_1_272' title='bbox 1776 1608 1864 1641; x_wconf 86' lang='lat' dir='ltr'>puer</span> 
     </span>
     <span class='ocr_line' id='line_1_51' title="bbox 1190 1646 1861 1694; baseline 0.006 -15"><span class='ocrx_word' id='word_1_273' title='bbox 1190 1646 1331 1688; x_wconf 83' lang='lat' dir='ltr'>cestus,</span> <span class='ocrx_word' id='word_1_274' title='bbox 1351 1646 1394 1680; x_wconf 91' lang='lat' dir='ltr'>de</span> <span class='ocrx_word' id='word_1_275' title='bbox 1409 1659 1480 1692; x_wconf 91' lang='lat' dir='ltr'>quo</span> <span class='ocrx_word' id='word_1_276' title='bbox 1501 1656 1536 1681; x_wconf 86' lang='lat' dir='ltr'>et</span> <span class='ocrx_word' id='word_1_277' title='bbox 1558 1646 1664 1681; x_wconf 87' lang='lat' dir='ltr'>modo</span> <span class='ocrx_word' id='word_1_278' title='bbox 1685 1660 1791 1694; x_wconf 85' lang='lat' dir='ltr'>supra</span> <span class='ocrx_word' id='word_1_279' title='bbox 1808 1648 1861 1683; x_wconf 90' lang='lat' dir='ltr'>di·</span> 
     </span>
     <span class='ocr_line' id='line_1_52' title="bbox 1190 1701 1593 1745; baseline 0.005 -13"><span class='ocrx_word' id='word_1_280' title='bbox 1190 1707 1285 1732; x_wconf 88' lang='lat' dir='ltr'>ctum</span> <span class='ocrx_word' id='word_1_281' title='bbox 1304 1708 1355 1733; x_wconf 86' lang='lat' dir='ltr'>est</span> <span class='ocrx_word' id='word_1_282' title='bbox 1373 1701 1484 1745; x_wconf 83' lang='lat' dir='ltr'>epigr.</span> <span class='ocrx_word' id='word_1_283' title='bbox 1499 1713 1593 1734; x_wconf 74' lang='lat' dir='ltr'>vat.</span> 
     </span>
    </p>

    <p class='ocr_par' dir='ltr' id='par_1_22' title="bbox 1189 1753 1862 1851">
     <span class='ocr_line' id='line_1_53' title="bbox 1248 1753 1862 1796; baseline 0.003 -10"><span class='ocrx_word' id='word_1_284' title='bbox 1248 1765 1261 1786; x_wconf 87' lang='grc' dir='ltr'>ῐ</span> <span class='ocrx_word' id='word_1_285' title='bbox 1272 1765 1305 1796; x_wconf 84' lang='lat'>9.</span> <span class='ocrx_word' id='word_1_286' title='bbox 1317 1753 1416 1786; x_wconf 77' lang='lat' dir='ltr'>Misce</span> <span class='ocrx_word' id='word_1_287' title='bbox 1429 1753 1550 1786; x_wconf 76' lang='lat' dir='ltr'>Setina.</span> <span class='ocrx_word' id='word_1_288' title='bbox 1562 1754 1656 1786; x_wconf 82' lang='lat' dir='ltr'>Vina</span> <span class='ocrx_word' id='word_1_289' title='bbox 1668 1762 1746 1787; x_wconf 78' lang='lat' dir='ltr'>nata</span> <span class='ocrx_word' id='word_1_290' title='bbox 1760 1754 1862 1789; x_wconf 70' lang='lat' dir='ltr'>Setiae</span> 
     </span>
     <span class='ocr_line' id='line_1_54' title="bbox 1189 1804 1817 1851; baseline 0.006 -13"><span class='ocrx_word' id='word_1_291' title='bbox 1189 1804 1225 1838; x_wconf 90' lang='lat' dir='ltr'>in</span> <span class='ocrx_word' id='word_1_292' title='bbox 1245 1806 1332 1838; x_wconf 89' lang='lat' dir='ltr'>urhe</span> <span class='ocrx_word' id='word_1_293' title='bbox 1351 1806 1568 1851; x_wconf 80' lang='lat' dir='ltr'>Campaniae,</span> <span class='ocrx_word' id='word_1_294' title='bbox 1580 1805 1686 1840; x_wconf 83' lang='lat' dir='ltr'>hodie</span> <span class='ocrx_word' id='word_1_295' title='bbox 1700 1806 1817 1842; x_wconf 83' lang='lat' dir='ltr'>Sezza.</span> 
     </span>
    </p>

    <p class='ocr_par' dir='ltr' id='par_1_23' title="bbox 1189 1858 1857 1957">
     <span class='ocr_line' id='line_1_55' title="bbox 1243 1858 1857 1905; baseline 0.005 -14"><span class='ocrx_word' id='word_1_296' title='bbox 1243 1871 1301 1891; x_wconf 85' lang='lat'>20.</span> <span class='ocrx_word' id='word_1_297' title='bbox 1317 1859 1388 1904; x_wconf 82' lang='lat' dir='ltr'>Ipse</span> <span class='ocrx_word' id='word_1_298' title='bbox 1399 1871 1489 1904; x_wconf 80' lang='lat' dir='ltr'>puer.</span> <span class='ocrx_word' id='word_1_299' title='bbox 1507 1858 1650 1905; x_wconf 84' lang='lat' dir='ltr'>Cupido</span> <span class='ocrx_word' id='word_1_300' title='bbox 1665 1859 1804 1894; x_wconf 83' lang='lat' dir='ltr'>caelatus</span> <span class='ocrx_word' id='word_1_301' title='bbox 1821 1861 1857 1894; x_wconf 88' lang='lat' dir='ltr'>in</span> 
     </span>
     <span class='ocr_line' id='line_1_56' title="bbox 1189 1910 1316 1957; baseline 0.008 -14"><span class='ocrx_word' id='word_1_302' title='bbox 1189 1910 1316 1957; x_wconf 86' lang='lat' dir='ltr'>phiala.</span> 
     </span>
    </p>

    <p class='ocr_par' dir='ltr' id='par_1_24' title="bbox 1185 1965 1862 2697">
     <span class='ocr_line' id='line_1_57' title="bbox 1246 1965 1861 2000; baseline 0.005 -3"><span class='ocrx_word' id='word_1_303' title='bbox 1246 1976 1304 1997; x_wconf 82' lang='lat'>21.</span> <span class='ocrx_word' id='word_1_304' title='bbox 1329 1965 1396 1997; x_wconf 83' lang='lat' dir='ltr'>Det</span> <span class='ocrx_word' id='word_1_305' title='bbox 1419 1978 1588 1998; x_wconf 78' lang='lat' dir='ltr'>numerum.</span> <span class='ocrx_word' id='word_1_306' title='bbox 1611 1966 1662 1999; x_wconf 89' lang='lat' dir='ltr'>De</span> <span class='ocrx_word' id='word_1_307' title='bbox 1685 1979 1783 2000; x_wconf 88' lang='lat' dir='ltr'>more</span> <span class='ocrx_word' id='word_1_308' title='bbox 1806 1967 1861 2000; x_wconf 85' lang='lat' dir='ltr'>bi·</span> 
     </span>
     <span class='ocr_line' id='line_1_58' title="bbox 1189 2015 1860 2062; baseline 0.004 -12"><span class='ocrx_word' id='word_1_309' title='bbox 1189 2015 1295 2050; x_wconf 89' lang='lat' dir='ltr'>bendi</span> <span class='ocrx_word' id='word_1_310' title='bbox 1310 2030 1375 2062; x_wconf 89' lang='lat' dir='ltr'>pro</span> <span class='ocrx_word' id='word_1_311' title='bbox 1388 2030 1536 2051; x_wconf 89' lang='lat' dir='ltr'>numero</span> <span class='ocrx_word' id='word_1_312' title='bbox 1551 2018 1729 2052; x_wconf 79' lang='lat' dir='ltr'>literarum</span> <span class='ocrx_word' id='word_1_313' title='bbox 1747 2020 1860 2053; x_wconf 86' lang='lat' dir='ltr'>nomi-</span> 
     </span>
     <span class='ocr_line' id='line_1_59' title="bbox 1188 2069 1862 2116; baseline 0.004 -14"><span class='ocrx_word' id='word_1_314' title='bbox 1188 2069 1242 2102; x_wconf 88' lang='lat' dir='ltr'>nis</span> <span class='ocrx_word' id='word_1_315' title='bbox 1261 2069 1341 2103; x_wconf 87' lang='lat' dir='ltr'>vide</span> <span class='ocrx_word' id='word_1_316' title='bbox 1357 2070 1418 2104; x_wconf 88' lang='lat' dir='ltr'>lib.</span> <span class='ocrx_word' id='word_1_317' title='bbox 1438 2071 1475 2111; x_wconf 90' lang='grc' dir='ltr'>Ι,</span> <span class='ocrx_word' id='word_1_318' title='bbox 1495 2070 1603 2116; x_wconf 86' lang='lat' dir='ltr'>epigr.</span> <span class='ocrx_word' id='word_1_319' title='bbox 1625 2073 1862 2105; x_wconf 73' lang='lat' dir='ltr'>Lxxn.-—In-</span> 
     </span>
     <span class='ocr_line' id='line_1_60' title="bbox 1188 2123 1861 2171; baseline 0.007 -17"><span class='ocrx_word' id='word_1_320' title='bbox 1188 2125 1286 2155; x_wconf 76' lang='lat' dir='ltr'>stanti</span> <span class='ocrx_word' id='word_1_321' title='bbox 1302 2123 1496 2160; x_wconf 74' lang='lat' dir='ltr'>(Instantii)</span> <span class='ocrx_word' id='word_1_322' title='bbox 1514 2124 1605 2155; x_wconf 77' lang='lat' dir='ltr'>litera</span> <span class='ocrx_word' id='word_1_323' title='bbox 1622 2123 1706 2168; x_wconf 77' lang='lat' dir='ltr'>Rufi.</span> <span class='ocrx_word' id='word_1_324' title='bbox 1723 2125 1861 2171; x_wconf 81' lang='lat' dir='ltr'>Legunt</span> 
     </span>
     <span class='ocr_line' id='line_1_61' title="bbox 1189 2175 1860 2224; baseline 0.006 -16"><span class='ocrx_word' id='word_1_325' title='bbox 1189 2175 1246 2208; x_wconf 78' lang='lat' dir='ltr'>alii</span> <span class='ocrx_word' id='word_1_326' title='bbox 1264 2176 1427 2214; x_wconf 68' lang='lat' dir='ltr'>Instantis,</span> <span class='ocrx_word' id='word_1_327' title='bbox 1447 2189 1517 2209; x_wconf 87' lang='lat' dir='ltr'>non</span> <span class='ocrx_word' id='word_1_328' title='bbox 1539 2177 1704 2217; x_wconf 79' lang='lat' dir='ltr'>Instantii,</span> <span class='ocrx_word' id='word_1_329' title='bbox 1726 2176 1771 2211; x_wconf 80' lang='lat' dir='ltr'>(le</span> <span class='ocrx_word' id='word_1_330' title='bbox 1789 2190 1860 2224; x_wconf 91' lang='lat' dir='ltr'>quo</span> 
     </span>
     <span class='ocr_line' id='line_1_62' title="bbox 1187 2228 1858 2274; baseline 0.006 -13"><span class='ocrx_word' id='word_1_331' title='bbox 1187 2228 1249 2261; x_wconf 84' lang='lat' dir='ltr'>lib.</span> <span class='ocrx_word' id='word_1_332' title='bbox 1262 2229 1346 2266; x_wconf 87' lang='lat' dir='ltr'>VII,</span> <span class='ocrx_word' id='word_1_333' title='bbox 1362 2229 1474 2274; x_wconf 84' lang='lat' dir='ltr'>epigr.</span> <span class='ocrx_word' id='word_1_334' title='bbox 1489 2241 1606 2262; x_wconf 72' lang='lat' dir='ltr'>vaur</span> <span class='ocrx_word' id='word_1_335' title='bbox 1619 2255 1629 2270; x_wconf 88' lang='lat'>‚</span> <span class='ocrx_word' id='word_1_336' title='bbox 1645 2238 1679 2263; x_wconf 90' lang='lat' dir='ltr'>et</span> <span class='ocrx_word' id='word_1_337' title='bbox 1693 2230 1753 2264; x_wconf 88' lang='lat' dir='ltr'>lib.</span> <span class='ocrx_word' id='word_1_338' title='bbox 1769 2231 1858 2271; x_wconf 85' lang='lat' dir='ltr'>XII,</span> 
     </span>
     <span class='ocr_line' id='line_1_63' title="bbox 1189 2281 1859 2328; baseline 0.004 -14"><span class='ocrx_word' id='word_1_339' title='bbox 1189 2281 1297 2327; x_wconf 82' lang='lat' dir='ltr'>epigr.</span> <span class='ocrx_word' id='word_1_340' title='bbox 1325 2294 1415 2315; x_wconf 85' lang='lat' dir='ltr'>xcv1.</span> <span class='ocrx_word' id='word_1_341' title='bbox 1444 2285 1606 2315; x_wconf 78' lang='lat' dir='ltr'>Attamen</span> <span class='ocrx_word' id='word_1_342' title='bbox 1633 2282 1731 2328; x_wconf 85' lang='lat' dir='ltr'>prior</span> <span class='ocrx_word' id='word_1_343' title='bbox 1757 2284 1859 2317; x_wconf 86' lang='lat' dir='ltr'>lectio</span> 
     </span>
     <span class='ocr_line' id='line_1_64' title="bbox 1188 2333 1857 2382; baseline 0.004 -15"><span class='ocrx_word' id='word_1_344' title='bbox 1188 2335 1302 2379; x_wconf 87' lang='lat' dir='ltr'>placet</span> <span class='ocrx_word' id='word_1_345' title='bbox 1325 2333 1462 2368; x_wconf 82' lang='lat' dir='ltr'>Radero</span> <span class='ocrx_word' id='word_1_346' title='bbox 1487 2343 1630 2381; x_wconf 81' lang='lat' dir='ltr'>propter</span> <span class='ocrx_word' id='word_1_347' title='bbox 1656 2345 1857 2382; x_wconf 79' lang='lat' dir='ltr'>sequentem</span> 
     </span>
     <span class='ocr_line' id='line_1_65' title="bbox 1189 2387 1858 2435; baseline 0.004 -15"><span class='ocrx_word' id='word_1_348' title='bbox 1189 2400 1327 2421; x_wconf 83' lang='lat' dir='ltr'>versum</span> <span class='ocrx_word' id='word_1_349' title='bbox 1349 2399 1355 2420; x_wconf 91' lang='lat'>:</span> <span class='ocrx_word' id='word_1_350' title='bbox 1385 2405 1399 2417; x_wconf 68' lang='lat' dir='ltr'>a</span> <span class='ocrx_word' id='word_1_351' title='bbox 1417 2388 1451 2421; x_wconf 88' lang='lat' dir='ltr'>Si</span> <span class='ocrx_word' id='word_1_352' title='bbox 1475 2387 1579 2421; x_wconf 76' lang='lat' dir='ltr'>dubia</span> <span class='ocrx_word' id='word_1_353' title='bbox 1600 2397 1671 2428; x_wconf 81' lang='lat' dir='ltr'>est,</span> <span class='ocrx_word' id='word_1_354' title='bbox 1693 2398 1858 2435; x_wconf 75' lang='lat' dir='ltr'>septunce</span> 
     </span>
     <span class='ocr_line' id='line_1_66' title="bbox 1190 2440 1858 2481; baseline 0.003 -8"><span class='ocrx_word' id='word_1_355' title='bbox 1190 2441 1461 2481; x_wconf 80' lang='lat' dir='ltr'>trahar-.Quum</span> <span class='ocrx_word' id='word_1_356' title='bbox 1476 2442 1568 2474; x_wconf 89' lang='lat' dir='ltr'>enim</span> <span class='ocrx_word' id='word_1_357' title='bbox 1583 2440 1735 2475; x_wconf 82' lang='lat' dir='ltr'>dominae</span> <span class='ocrx_word' id='word_1_358' title='bbox 1747 2452 1858 2476; x_wconf 80' lang='lat' dir='ltr'>essent</span> 
     </span>
     <span class='ocr_line' id='line_1_67' title="bbox 1185 2494 1854 2540; baseline 0 -13"><span class='ocrx_word' id='word_1_359' title='bbox 1185 2502 1352 2534; x_wconf 72' lang='lat' dir='ltr'>venturae,</span> <span class='ocrx_word' id='word_1_360' title='bbox 1368 2494 1506 2539; x_wconf 85' lang='lat' dir='ltr'>parcius</span> <span class='ocrx_word' id='word_1_361' title='bbox 1520 2494 1687 2527; x_wconf 80' lang='lat' dir='ltr'>bibebant</span> <span class='ocrx_word' id='word_1_362' title='bbox 1701 2495 1854 2540; x_wconf 73' lang='lat' dir='ltr'>antiqui:</span> 
     </span>
     <span class='ocr_line' id='line_1_68' title="bbox 1186 2545 1855 2592; baseline 0.003 -13"><span class='ocrx_word' id='word_1_363' title='bbox 1186 2555 1223 2579; x_wconf 84' lang='lat' dir='ltr'>ut</span> <span class='ocrx_word' id='word_1_364' title='bbox 1245 2547 1306 2580; x_wconf 84' lang='lat' dir='ltr'>lib.</span> <span class='ocrx_word' id='word_1_365' title='bbox 1325 2548 1362 2587; x_wconf 89' lang='grc' dir='ltr'>Ι,</span> <span class='ocrx_word' id='word_1_366' title='bbox 1379 2547 1489 2592; x_wconf 81' lang='lat' dir='ltr'>epigr.</span> <span class='ocrx_word' id='word_1_367' title='bbox 1506 2559 1593 2581; x_wconf 86' lang='lat' dir='ltr'>cvn.</span> <span class='ocrx_word' id='word_1_368' title='bbox 1615 2545 1748 2580; x_wconf 85' lang='lat' dir='ltr'>Idcirco</span> <span class='ocrx_word' id='word_1_369' title='bbox 1767 2546 1855 2581; x_wconf 85' lang='lat' dir='ltr'>dixit</span> 
     </span>
     <span class='ocr_line' id='line_1_69' title="bbox 1185 2599 1853 2639; baseline 0.001 -7"><span class='ocrx_word' id='word_1_370' title='bbox 1185 2600 1289 2634; x_wconf 72' lang='lat' dir='ltr'>Poena</span> <span class='ocrx_word' id='word_1_371' title='bbox 1308 2612 1316 2634; x_wconf 92' lang='lat'>:</span> <span class='ocrx_word' id='word_1_372' title='bbox 1339 2600 1375 2633; x_wconf 88' lang='lat' dir='ltr'>Si</span> <span class='ocrx_word' id='word_1_373' title='bbox 1399 2600 1493 2634; x_wconf 89' lang='lat' dir='ltr'>venit</span> <span class='ocrx_word' id='word_1_374' title='bbox 1512 2599 1696 2633; x_wconf 83' lang='lat' dir='ltr'>Telethusa</span> <span class='ocrx_word' id='word_1_375' title='bbox 1712 2626 1720 2639; x_wconf 85' lang='grc'>,</span> <span class='ocrx_word' id='word_1_376' title='bbox 1744 2600 1853 2633; x_wconf 79' lang='lat' dir='ltr'>trien-</span> 
     </span>
     <span class='ocr_line' id='line_1_70' title="bbox 1186 2652 1855 2697; baseline 0 -12"><span class='ocrx_word' id='word_1_377' title='bbox 1186 2661 1255 2685; x_wconf 78' lang='lat' dir='ltr'>tem</span> <span class='ocrx_word' id='word_1_378' title='bbox 1275 2661 1408 2686; x_wconf 78' lang='lat' dir='ltr'>tantuin</span> <span class='ocrx_word' id='word_1_379' title='bbox 1434 2652 1589 2686; x_wconf 78' lang='lat' dir='ltr'>hauriam</span> <span class='ocrx_word' id='word_1_380' title='bbox 1618 2665 1684 2697; x_wconf 83' lang='lat' dir='ltr'>pro</span> <span class='ocrx_word' id='word_1_381' title='bbox 1707 2666 1855 2686; x_wconf 81' lang='lat' dir='ltr'>munero</span> 
     </span>
    </p>
   </div>
  </div>
 </body>
</html>
