1978 3305
373 253 956 296 EPIGRAMMATUM
994 254 1115 295 Llss.
1144 254 1176 294 v
1196 225 1255 296 1‘1.

1426 270 1510 314 ¹97

258 341 314 382 Et
342 341 495 383 Martis
521 341 675 384 Getico
705 349 875 400 tergore
904 339 987 382 fida
1019 342 1176 400 magis;

190 411 335 466 Quam
364 409 431 453 vel
457 410 511 453 ad
536 409 686 454 AEtolae
716 426 912 454 securam
938 410 1124 471 cuspidis
1153 412 1260 454 ictus

257 481 413 524 Texuit
439 482 653 524 innumeri
681 479 872 524 lubricus
897 482 1052 541 unguis
1077 482 1182 541 apri.

190 549 307 593 Felix
333 560 448 594 sorte
473 548 569 595 tua!
599 567 768 594 sacrum
791 551 860 594 cui
886 560 1062 611 tangere.
1087 561 1238 611 pectus

259 622 340 664 Fas
365 622 468 675 erit,
493 631 536 665 et
559 622 695 665 nostri
722 630 865 664 mente
890 620 1028 664 calere
1056 621 1150 664 Dei.

191 693 208 733 l
233 707 401 745 comes,
423 701 466 735 et
490 707 670 750 magnos
693 690 819 734 illaesa
842 707 1008 734 merere
1030 691 1297 750 triumphos,

259 760 545 821 Palmataeque
565 761 745 810 ducem,
775 760 848 804 sed
873 761 983 815 cito„
1008 760 1137 804 redde
1162 770 1285 821 togae.

120 882 303 926 antiquitas
323 894 332 915 2
351 894 430 914 nam
452 883 577 923 lineas,
600 883 789 923 coriaceas,

120 945 246 975 aeneas,
261 946 299 967 ac
313 935 440 968 ferreas
457 935 561 968 fuisse
576 944 709 968 constat
723 947 730 969 ε
746 935 790 968 (10

118 986 261 1032 singulis
271 988 504 1032 copiosissime
514 988 651 1032 Lipsius
663 988 723 1021 lib.
737 988 789 1020 III

119 1037 162 1072 de
176 1039 278 1073 Milit.
298 1041 398 1074 Rom.
418 1040 500 1074 dial.
519 1053 568 1074 vx.
586 1042 696 1073 —De
715 1040 790 1074 Sar-

119 1100 287 1126 matarum
300 1118 309 1133 ,
319 1105 378 1126 seu
389 1093 604 1127 Polonorum
614 1119 623 1134 ‚
634 1102 673 1126 ut
682 1093 790 1126 hodie

119 1145 352 1190 appellantur,
373 1146 467 1188 telis,
489 1159 579 1192 saepe
601 1146 705 1180 Ovid.
728 1147 787 1180 lib.

119 1196 163 1230 de
179 1198 325 1232 Tristib.
339 1208 372 1232 et
383 1199 426 1232 de
437 1200 549 1232 Ponto
565 1211 572 1232 :
588 1200 646 1245 qui
660 1199 790 1233 fuerint

120 1250 296 1292 Sarmatae,
331 1251 433 1285 docet
464 1252 587 1285 strabo
613 1253 673 1285 lib.
694 1253 785 1287 ΥΠ,

120 1302 226 1345 Mela,
252 1304 457 1338 Ptolemaeus
471 1331 480 1345 ‚
501 1304 635 1338 Plinius
664 1313 698 1338 et
720 1305 788 1338 alii.

119 1355 285 1391 Sarmatia
305 1355 438 1402 duplex
460 1366 530 1400 est,
553 1357 666 1403 inquit
687 1357 789 1390 Orte-

118 1408 204 1449 lius,
227 1409 396 1454 Europaea
426 1418 461 1443 et
490 1410 648 1444 Asiatica.
677 1411 788 1443 Euro-

120 1473 230 1506 paeam
250 1463 394 1495 Rmsiam
409 1462 516 1496 hodie
533 1471 650 1505 vocat,
667 1463 789 1497 Asiati-

120 1526 194 1547 cam
211 1527 312 1556 vero,
330 1517 362 1548 T
360 1518 522 1548 arem-ium.
537 1516 604 1548 Eu.

176 1580 208 1599 ι.
232 1568 348 1601 Illartis
375 1569 498 1603 Getico.
530 1569 601 1611 Qui
627 1569 789 1603 loricatus

120 1628 275 1664 tergore,
306 1622 434 1655 colitur
463 1635 479 1655 a
507 1622 627 1664 Getis,
652 1622 707 1654 vel
731 1623 791 1668 qui

121 1685 139 1704 e
169 1672 211 1705 G¹
228 1674 267 1706 tis
299 1674 469 1708 oriundus
503 1682 564 1707 est.
595 1674 792 1720 Amplificat

121 1723 286 1758 duritiem
306 1727 423 1761 lorica:
443 1727 634 1761 Domitiani
662 1740 679 1760 a
700 1741 792 1761 com-

121 1779 312 1822 paratione.
324 1780 534 1813 Durissimas
553 1780 683 1813 habent
696 1781 792 1814 Getae

121 1830 266 1873 loricas,
293 1831 417 1866 durior
446 1842 496 1867 est
527 1842 640 1866 tamen
675 1835 794 1866 Domi-

122 1883 206 1916 tiani
220 1885 335 1918 lorica.
355 1886 445 1928 Quia
460 1899 541 1931 ergo
557 1887 650 1919 Mars
663 1901 681 1919 a
696 1886 793 1920 Getis

122 1936 310 1979 oriundus,
324 1948 533 1973 armaturam
546 1939 598 1972 illi
610 1949 710 1987 poeta
727 1939 792 1973 Ge-

123 1991 215 2022 ticam
232 2000 325 2024 recte
342 1991 469 2025 induit.
488 1993 605 2026 Rader.

176 2043 210 2076 3.
233 2043 337 2087 Quam
358 2046 414 2077 vel
429 2046 474 2077 ad
496 2046 638 2079 aetlzolias
658 2047 792 2079 Rex-erl.

124 2094 292 2129 MS.—V
289 2097 321 2129 el
331 2098 376 2130 ad
383 2099 519 2139 AEtoloe‚
529 2108 591 2132 etc.
605 2097 794 2143 Cuspidem

124 2149 274 2182 :Etolam
302 2150 458 2196 intellige
492 2152 597 2184 telum
629 2151 794 2196 Meleagri

125 2201 161 2237 in
173 2202 302 2236 AEtolia
318 2204 390 2237 nati
409 2215 417 2237 2
438 2205 492 2237 vel
507 2205 658 2238 AEtolam
678 2205 793 2249 cuspi-

124 2252 204 2287 dem
224 2255 452 2302 interpretare
472 2257 644 2300 lanceam,
664 2266 699 2290 et
717 2257 794 2302 qui-

125 2308 205 2340 dem
221 2309 472 2350 acutissimam3
491 2311 598 2344 AEtoli
613 2310 705 2344 enim
718 2335 727 2350 ,
746 2309 795 2342 in-

125 2360 202 2405 quit
211 2360 367 2395 Raderus
377 2388 387 2404 ,
407 2363 522 2396 Plinio
540 2371 644 2405 teste,
660 2364 796 2396 lanceas

126 2414 346 2448 invenerunt.
364 2437 416 2445 —
435 2415 606 2455 Securam;
628 2428 706 2461 quae
727 2428 798 2448 non

127 2466 226 2499 timet
253 2467 339 2501 ictus
370 2469 426 2500 vel
459 2469 608 2502 maxime
637 2476 797 2514 penetra-

125 2519 223 2553 biles.
242 2520 309 2553 En.

182 2577 216 2613 4.
246 2573 371 2606 Texuit.
395 2575 447 2606 An
472 2574 579 2607 lorica
601 2574 673 2607 haec
698 2586 797 2618 squa-

128 2623 192 2657 mis
213 2626 316 2659 aeneis
336 2627 474 2672 aprinas
500 2627 643 2672 ungulas
666 2626 800 2658 imitan-

128 2676 223 2712 tibus
250 2688 407 2714 conserta
434 2679 531 2714 suit?
563 2692 605 2712 an
639 2692 680 2712 ex
710 2678 799 2711 veris

849 881 985 927 ungulis
1017 881 1060 915 ad
1092 883 1322 915 imitationem
1355 884 1520 917 Sarmata>

849 947 929 967 rum
953 935 1015 980 qui
1035 933 1146 975 (teste
1171 936 1358 975 Pausania,
1380 937 1437 969 lib.
1462 936 1519 976 I),

848 1000 887 1021 ex
909 988 1045 1032 ungulis
1068 988 1243 1028 collectis,
1272 989 1392 1022 loricas
1414 989 1521 1022 instar

848 1039 1038 1073 draconum
1077 1053 1254 1086 squameas
1293 1042 1518 1075 consuebant.

848 1113 900 1120 —
911 1094 1067 1126 lmeumerc'
1083 1096 1164 1138 apri.
1180 1093 1400 1138 Synecdoch.
1416 1095 1521 1128 innu-

848 1146 936 1179 meri
951 1158 1083 1191 ungues
1099 1159 1277 1192 aprorum.
1290 1167 1339 1173 ...
1348 1147 1496 1180 Labra-11>
1509 1175 1516 1187 ,

848 1199 987 1244 politus.

905 1251 936 1284 5.
969 1253 1063 1285 Felix
1094 1260 1176 1284 ›ut-te
1212 1261 1275 1285 [αα.
1316 1254 1347 1286 Ο
1386 1253 1520 1287 felicem

848 1304 990 1338 loricam
1006 1331 1014 1345 ,
1035 1317 1105 1337 non
1132 1313 1201 1338 tam
1229 1305 1323 1351 quod
1352 1305 1398 1340 ita
1421 1307 1520 1340 firma

848 1366 882 1390 et
903 1356 989 1391 dura
1011 1356 1170 1399 videare,
1195 1371 1299 1404 quam
1321 1358 1415 1405 quod
1439 1372 1521 1392 mox

849 1423 865 1442 a
889 1410 1022 1445 Caesare
1044 1409 1207 1451 induere,
1234 1420 1267 1444 et
1292 1412 1458 1445 caelestem
1484 1425 1521 1445 ac

849 1461 1007 1496 divinum
1030 1463 1120 1496 illius
1139 1464 1294 1496 animum
1315 1465 1522 1498 continebis.

848 1516 979 1549 Sacrum
1001 1517 1073 1548 Dei.
1095 1516 1308 1558 Domitiani,
1327 1517 1388 1562 qu'}
1411 1530 1446 1550 se
1472 1518 1522 1563 ip-

848 1581 925 1601 sum
956 1569 1071 1601 Deum
1099 1569 1258 1609 vocabat3
1290 1578 1323 1602 et
1351 1570 1411 1616 qui
1437 1569 1524 1604 deus

850 1629 922 1654 erat
935 1621 1085 1654 Martiali
1103 1621 1275 1655 adoratus.
1295 1622 1360 1656 Ε1).

905 1687 938 1718 7.
968 1675 1011 1706 In
1042 1674 1163 1708 codice
1190 1675 1388 1716 Vaticano,
1421 1689 1522 1720 merge

853 1728 1032 1772 triumphos.
1042 1728 1149 1759 -Et
1158 1741 1302 1772 magnus,
1315 1737 1379 1761 etc.
1393 1729 1435 1760 Et
1450 1729 1523 1761 Do—

850 1780 1032 1812 mitianum
1049 1780 1259 1813 incolumem
1270 1781 1524 1822 restitueUrbi,

853 1832 1125 1877 triumphantem
1137 1834 1289 1878 palmata
1299 1833 1460 1866 indutum
1476 1844 1526 1866 to-

851 1898 909 1931 ga,
927 1885 983 1918 0111
1002 1885 1247 1919 intexebantur
1268 1886 1422 1919 victoriae
1443 1899 1525 1920 cum

851 1938 995 1970 ramulis
1008 1939 1212 1983 palmarum.
1222 1959 1274 1965 —-
1286 1940 1404 1979 Illoesa,
1423 1952 1527 1984 quam

852 1991 1005 2024 hostium
1038 1991 1104 2024 tela
1142 2000 1282 2036 tangere
1318 1992 1371 2024 vel
1407 1991 1527 2025 fodere

854 2056 924 2076 non
945 2044 1224 2089 potuerunt.En.

908 2097 941 2129 8.
975 2097 1199 2142 Palmatoeque.
1238 2097 1427 2142 Dionysius
1452 2098 1527 2141 ltal-

855 2158 969 2181 matam
996 2152 1131 2182 tunicam
1160 2154 1358 2195 χρυσόσημεν
1391 2162 1528 2195 semper

855 2202 1028 2248 appellat,
1048 2202 1115 2235 1100
1138 2210 1207 2244 est,
1231 2215 1316 2235 auro
1337 2203 1501 2235 clavatam
1519 2227 1529 2242 ,

856 2255 909 2288 vel
930 2267 1052 2288 aureos
1069 2255 1185 2288 clavos
1204 2255 1402 2288 habentem.
1428 2255 1529 2288 Com—

856 2320 977 2340 munes
1007 2307 1100 2340 enim
1130 2309 1370 2340 Romanorum
1403 2308 1530 2342 tunicae

856 2360 941 2393 alhae
960 2369 1073 2399 eraut,
1091 2372 1246 2405 purpura
1265 2361 1422 2401 clavatae,
1444 2374 1530 2406 quas

855 2413 1014 2457 palmatas
1035 2411 1198 2445 dicebant
1219 2425 1235 2445 a
1258 2413 1435 2446 clavorum
1459 2413 1532 2446 lati-

859 2464 999 2504 tudine;
1020 2474 1138 2509 postea
1160 2474 1275 2498 tamen
1296 2474 1329 2498 et
1350 2466 1432 2511 ipsae
1449 2479 1532 2511 quo-

859 2531 926 2562 quc
959 2517 1057 2563 pingi
1085 2526 1288 2562 coeperunt,
1321 2528 1354 2552 et
1380 2520 1532 2563 palmata?

859 2570 927 2603 dici
943 2584 960 2602 a
975 2570 1118 2616 picturae
1131 2583 1272 2615 genere,
1291 2570 1387 2616 quod
1401 2573 1532 2617 palmas

859 2623 989 2656 scilicet
1000 2623 1144 2656 intextas
1154 2623 1333 2656 haberent.
1346 2624 1533 2669 Postquam

861 2689 941 2721 ergo
959 2684 991 2709 et
1007 2676 1133 2709 tunicae
1149 2688 1290 2722 quoque
1307 2677 1536 2723 triumphales

1244 2738 1330 2793 13³
