1978 3305
394 237 980 282 EPIGRAMMATUM
1019 238 1139 279 LIB.
1180 236 1233 277 V.

1426 251 1510 279 101

322 325 528 370 Lascivos
555 324 687 370 docili
715 334 904 369 tremore
934 323 1117 367 lumbos.

321 394 430 450 Sed,
454 395 572 456 quod
601 413 690 440 non
715 411 848 457 grave
872 396 950 449 sit,
980 411 1060 438 nec
1092 393 1312 437 inficetum
1327 429 1337 447 ‚

320 466 449 508 Parvi
477 466 581 510 tibia
605 466 777 527 condyli
799 465 981 510 sonabit.

320 536 426 580 Haec
455 545 520 580 est
542 535 724 581 coenula.
753 535 981 580 Claudiam
1014 536 1223 595 sequerisg

322 606 468 663 Quam
494 606 620 650 nobis
645 607 767 667 cupis
793 622 886 650 esse
909 615 952 649 te
977 606 1181 665 priorem.

167 733 227 765 29.
249 719 316 754 Sed
337 721 423 766 quod
443 734 498 754 nec
517 734 614 766 grave
640 725 702 762 sit,
729 735 783 754 nec

112 773 279 816 infacetum
288 786 302 812 ‚·
319 772 526 807 Beverlandi
541 774 618 807 MS.

165 826 227 860 30.
244 826 397 871 Condylis
417 828 453 860 in
471 825 607 860 eodem.
622 847 675 853 ——-
689 826 783 859 Tibia

110 878 246 925 condyli.
259 878 440 924 Condylus
459 879 590 913 tibicen
607 879 713 913 fuisse
732 879 784 913 vi-

110 929 225 965 detur.
240 931 308 965 Alii
328 940 455 977 putant
469 932 566 978 loqui
581 932 725 966 Poetam
739 930 784 965 de

110 984 196 1017 tibia
209 996 287 1030 quae
301 997 448 1029 parvum
464 985 609 1019 haberet
626 986 783 1019 foramen

109 1036 218 1070 instar
234 1036 402 1084 condyli,
423 1038 487 1084 qui
505 1038 649 1084 proprie
669 1036 784 1071 nodus

109 1097 161 1122 est
172 1089 209 1122 in
223 1088 340 1136 digitis
355 1090 512 1125 incurvis
524 1100 670 1125 exstans.
682 1091 785 1124 Prior

110 1154 229 1176 sensus
258 1143 347 1176 mihi
383 1143 525 1178 videtur
557 1144 684 1177 melior
700 1157 710 1185 ;
749 1151 785 1177 et

109 1194 186 1240 ipse
205 1196 397 1241 suspicatus
419 1205 471 1231 est
490 1196 662 1231 Gruterus
688 1196 784 1231 Con-

109 1246 233 1292 dylum
249 1261 321 1283 esse
334 1261 463 1283 nomen
479 1250 642 1283 hominis.
662 1249 729 1283 En.

164 1301 224 1335 31.
249 1302 310 1336 32.
333 1302 502 1336 Claudiam
520 1304 655 1349 sequeris
679 1302 784 1347 Quam

109 1353 197 1387 nobis
209 1356 295 1399 cupis
310 1368 374 1388 esse
390 1358 555 1401 turpiorem
572 1355 608 1389 in
627 1353 706 1389 edd.
726 1367 785 1388 an-

108 1406 173 1452 tiq.
187 1418 265 1440 curn
287 1407 366 1441 Ald.
389 1409 488 1442 Junt.
509 1409 624 1443 Colin.
643 1408 782 1454 Gryph.

108 1467 175 1493 etc.
201 1459 369 1493 Claudiam
389 1464 522 1508 sequeris
533 1466 551 1494 :³
569 1462 674 1506 Quam
689 1461 785 1494 nullis

110 1514 195 1558 cupis
216 1526 279 1546 esse
297 1517 463 1559 turpiorem
479 1515 603 1560 legunt
618 1514 687 1548 alii.
703 1514 784 1546 Haec

109 1572 156 1598 est
173 1567 293 1599 coenula
311 1579 323 1600 :
342 1567 434 1600 credo
444 1568 514 1612 jam
530 1569 665 1615 sequeris
679 1594 689 1607 ,
711 1567 784 1599 Jam

110 1618 198 1650 nobis
212 1621 299 1664 cupis
315 1633 378 1652 esse
396 1628 424 1652 te
434 1623 569 1665 priorem
583 1634 594 1660 ‚·
613 1621 668 1654 vel
688 1619 785 1652 Clau-

108 1670 194 1703 diam
215 1675 349 1718 sequeris
370 1673 453 1717 Quae
471 1674 559 1706 nobis
575 1675 663 1718 cupit
677 1686 740 1705 esse
757 1681 784 1705 te

104 1726 242 1769 priorem
258 1724 446 1770 legendum
462 1735 580 1760 censet
598 1724 783 1759 Heraldus.

111 1776 281 1810 Claudiam
305 1780 334 1811 si
355 1781 458 1825 queris
478 1778 684 1813 Beverlandi
708 1778 782 1812 MS.

109 1843 173 1862 esse
188 1839 220 1863 tu
234 1832 369 1876 priorem
389 1831 500 1866 codex
518 1831 717 1865 Pulmanni.
733 1852 783 1858 —

111 1882 293 1918 Claudiam.
308 1884 386 1918 Hoc
407 1893 475 1926 est,
494 1884 606 1919 aderit
625 1893 661 1918 et
684 1884 784 1918 Clau-

109 1934 166 1970 dia
189 1948 207 1970 a
227 1945 262 1970 te
283 1946 411 1980 amata,
433 1950 535 1984 quam
557 1938 708 1971 libenter
729 1949 781 1971 se-

842 721 976 766 queris,
997 728 1031 754 et
1051 720 1210 753 omnium
1234 719 1384 765 primani
1406 718 1523 752 adesse

842 773 951 819 cupis.
964 773 1123 807 Catullus
1133 797 1143 813 ‚
1156 772 1216 816 qui
1229 771 1386 816 ejusdem
1401 779 1501 805 sectae
1514 798 1523 811 ‚

842 827 960 861 Carm.
974 826 1064 859 XIII
1079 839 1088 867 ;
1105 824 1277 858 «coenabis
1290 851 1299 866 ‚
1309 825 1426 870 inquit
1438 850 1447 864 ‚
1461 823 1522 858 sed

843 892 915 913 non
932 879 1008 913 sine
1023 877 1172 915 candida
1184 877 1311 923 puella.
1328 895 1340 907 »
1359 877 1524 923 Epicurei

843 932 938 966 euim
961 944 1082 965 omnes
1105 931 1141 963 in
1165 930 1383 975 voluptatem
1416 942 1522 963 coenae

843 984 1012 1018 adhibent
1033 984 1197 1029 puellam.
1218 983 1284 1015 En.
1304 983 1454 1027 Vulgata
1473 982 1522 1014 le-

843 1038 929 1072 ctio:
945 1038 1049 1082 Quam
1060 1037 1148 1070 nobis
1157 1039 1243 1081 cupis
1254 1049 1317 1068 esse
1334 1037 1499 1081 tectpiorem
1511 1050 1523 1073 ,-

842 1104 887 1124 ne
902 1091 996 1124 illius
1008 1102 1125 1124 amore
1139 1090 1331 1135 capiamur,
1344 1097 1383 1122 ut
1396 1099 1524 1132 nempe

843 1144 937 1177 solus
968 1156 1007 1177 ea
1034 1143 1188 1189 potiaris.
1222 1159 1235 1170 α
1256 1143 1300 1174 Et
1324 1141 1392 1174 nisi
1425 1153 1522 1174 coena

843 1197 942 1242 prior
975 1197 1166 1242 potiorque
1198 1195 1313 1240 puella
1336 1210 1368 1234 n,
1397 1194 1522 1227 Horat.

843 1250 943 1296 epist.
971 1251 1006 1290 I,
1032 1250 1064 1282 5.
1091 1270 1144 1275 ——-
1178 1247 1346 1281 Claudiam
1375 1250 1522 1293 sequeris.

844 1302 966 1336 Aderit
999 1310 1033 1335 et
1066 1300 1212 1335 Claudia
1226 1325 1234 1338 ‚
1259 1299 1392 1333 deliciae
1429 1307 1516 1339 tuae,

845 1368 950 1401 quam
963 1355 1036 1388 scio
1053 1362 1086 1388 te
1101 1354 1251 1387 libenter
1267 1361 1497 1398 sequuturum
1513 1366 1519 1384 ;

844 1409 954 1441 immo
990 1408 1110 1452 cupies
1145 1415 1180 1439 te
1218 1406 1378 1451 priorem
1419 1405 1523 1437 nobis

846 1473 918 1494 esse
934 1469 1081 1506 propter
1102 1471 1178 1492 eam
1191 1485 1199 1500 ‚
1220 1471 1325 1504 quain
1345 1458 1399 1490 vel
1417 1457 1522 1490 nobis

844 1515 952 1560 magis
967 1512 1085 1546 adesse
1103 1513 1199 1545 velis.
1219 1510 1452 1546 Commodius
1473 1523 1523 1542 er-

845 1580 888 1612 go
907 1567 1141 1601 scriberetur:
1163 1583 1176 1594 «
1201 1566 1279 1598 Jani
1300 1564 1402 1597 nobis
1423 1564 1522 1608 cupis

845 1633 918 1653 esse
931 1629 965 1653 te
978 1619 1144 1664 priorem.
1154 1635 1166 1647 n
1181 1616 1363 1652 Claudiani
1377 1628 1523 1649 uxorem

845 1672 1014 1706 Pudentis
1034 1671 1090 1704 alii
1113 1670 1329 1716 intelligunt.
1350 1668 1523 1703 Heraldus

845 1726 957 1759 multa
979 1725 1083 1758 nimis
1105 1731 1237 1762 mutat,
1261 1735 1368 1769 quam
1395 1730 1435 1756 ut
1461 1722 1523 1754 ali-

845 1778 932 1824 quid
963 1775 1132 1812 extundat
1165 1775 1402 1822 probandum.
1423 1775 1525 1810 Clau-

844 1830 939 1865 diam
958 1830 1092 1876 rejicit3
1111 1838 1145 1863 et
1165 1828 1210 1862 ad
1229 1841 1362 1863 coenam
1383 1827 1522 1873 apposi-

843 1893 931 1925 tam,
952 1885 1009 1918 cui
1031 1883 1125 1916 voles
1144 1882 1243 1928 prior
1262 1882 1364 1915 nobis
1382 1893 1521 1915 accum-

842 1938 940 1979 bere,
965 1937 1083 1969 onmia
1101 1936 1218 1969 refert.
1233 1935 1299 1968 En.

678 2061 952 2117 LXXIX.

626 2197 682 2225 ιΝ
744 2174 1011 2225 ΖοιιυΜ.*

181 2297 421 2342 UNDECIES
444 2313 532 2341 una
554 2299 762 2351 surrexti‚
784 2297 925 2352 Zoile,
949 2313 1094 2349 eoena;

163 2398 180 2414 '¹
195 2403 332 2437 Zoilum
360 2405 509 2439 vestium
536 2413 785 2440 ostentator-em

112 2457 271 2502 exagitat.
288 2457 426 2499 Zoilus,
442 2466 480 2492 ut
493 2457 691 2492 ostenderet
707 2459 785 2504 plu-

111 2522 166 2544 res
179 2522 252 2544 esse
267 2510 334 2543 sibi
346 2519 456 2545 vestes
468 2510 662 2555 ejusmodi,
681 2512 786 2557 finge-

111 2563 171 2596 bat
186 2576 220 2596 se
235 2562 362 2597 sudare
376 2589 385 2604 ‚
399 2571 432 2597 ct
448 2564 543 2609 quasi
560 2563 785 2610 depositurus

112 2614 288 2650 madidam
314 2615 442 2650 sudore
461 2617 661 2662 synfflesin,
685 2616 784 2649 aliam

113 2669 280 2704 sumebat.
298 2670 361 2704 Vis
377 2683 447 2704 non
465 2669 610 2712 sudare,
629 2671 676 2704 ait
695 2670 785 2703 Mar-

845 2404 962 2439 tialis?
983 2417 1027 2437 ne
1047 2412 1143 2436 muta
1162 2403 1363 2448 synthese53
1384 2414 1521 2447 unaque

845 2464 1029 2492 contentus
1045 2464 1136 2497 esto,
1151 2456 1242 2502 quali
1255 2468 1317 2502 ego
1331 2464 1430 2496 utor;
1447 2468 1518 2488 non

845 2509 1007 2552 sudabis,
1029 2518 1087 2543 aut
1106 2507 1231 2543 sudare
1257 2518 1290 2543 te
1314 2508 1492 2542 simulabis
1512 2520 1518 2539 :

847 2565 952 2597 immo
969 2563 1111 2608 algebis.

902 2629 915 2649 1
927 2643 933 2649 .
953 2616 1104 2649 Undecies
1119 2627 1179 2648 ιιηα
1190 2617 1324 2649 surrexit
1339 2614 1393 2648 etl.
1411 2614 1518 2658 antiq.

847 2669 979 2703 Ferrar.
1004 2668 1081 2702 Ald.
1111 2669 1206 2702 Junt.
1234 2669 1349 2703 Culin.
1372 2677 1434 2702 etc.
1457 2668 1523 2700 Le-

1266 2758 1288 2766 μ-

1274 2774 1283 2797 Ι
