1978 3305
361 230 938 274 EPIGRAMMATUM
976 230 1100 272 [ΑΒ.
1141 229 1194 271 Χ.

1386 227 1472 287 571

221 316 341 374 Quid
366 333 631 378 congregare
654 333 752 360 curn
781 316 973 360 leonibus
998 315 1171 376 vulpes,

225 386 472 447 Aquilisque
500 386 658 430 similes
688 387 828 430 facere
857 396 1038 430 noctuas
1064 385 1246 446 quaeris?

225 457 396 500 Habeas
422 456 567 500 licebit
588 456 771 501 alterum
795 457 949 517 pedem
974 455 1124 509 Ladae,

225 529 378 587 Inepte
393 557 405 579 ‚
430 526 587 570 frustra
611 543 737 570 crure
759 526 903 587 ligneo
927 542 1086 570 curres.

88 641 161 686 ipse
180 638 346 679 intendit,
368 647 403 672 et
420 639 566 672 literarii
587 639 761 671 latrocinii

88 692 312 726 manifestum
327 700 360 725 te
376 691 539 724 declarat.
554 691 687 724 Pariter
700 691 761 724 lib.

89 746 126 785 Ι,
141 745 250 790 epigr.
271 756 331 777 mv
347 756 354 776 :
373 761 387 773 ‹-
408 744 481 777 Stat
501 753 623 777 contra
635 769 644 783 ‚
661 742 763 776 dicit-

90 810 157 843 que
176 798 238 830 tibi
261 805 319 830 tua
337 797 483 841 pagina,
507 796 577 829 Fur
597 809 641 829 es.
660 814 673 825 »
695 797 761 828 En.

146 851 179 883 3.
215 849 305 893 Quid
331 861 532 893 congregare.
569 849 765 894 Allegorice

92 902 237 936 dictum.
253 901 379 935 Sensus
390 909 439 935 est
455 913 463 934 t
479 900 575 942 Quid
588 901 765 934 nobilibus

91 964 198 1000 atque
217 954 362 1000 egregiis
383 954 541 988 versibus
564 954 667 996 meis,
682 967 703 987 o
718 954 768 987 in-

92 1020 184 1049 sane,
195 1007 376 1052 conjungis
385 1015 460 1041 tuos
472 1007 607 1052 ineptos
621 1015 654 1040 et
664 1007 764 1041 viles?

147 1065 179 1101 4.
197 1060 392 1106 Aquilisque.
415 1059 622 1105 Allegoriam
651 1060 764 1093 conti-

94 1125 204 1146 nuans
214 1113 332 1154 Poeta,
345 1113 469 1158 aquilae
484 1120 660 1154 noctuam,
671 1113 764 1146 leoni

815 639 1035 683 vulpeculam
1062 638 1257 678 substituit,
1287 649 1491 682 comparans

816 702 958 735 nempe,
979 699 1018 723 ut
1037 691 1132 735 prius
1147 716 1156 731 ‚
1175 690 1228 722 liis
1245 689 1399 735 plagiarii
1417 702 1491 722 ver-

817 756 873 776 sus
885 743 979 783 ‚illis
1001 755 1091 775 suos.

874 796 906 829 5.
931 795 1061 828 Habeas
1082 795 1195 827 licebit.
1216 795 1292 827 Hoc
1309 803 1380 836 est,
1400 807 1496 827 com-

819 849 966 882 miscens
1003 857 1062 881 tua
1094 848 1248 881 carmina
1277 860 1357 880 cuin
1388 847 1472 880 meis
1485 873 1492 887 ,

820 915 890 935 non
910 900 1016 946 magis
1035 901 1102 934 eris
1118 901 1232 933 bonus
1250 908 1370 945 poeta,
1389 912 1493 944 quam

821 967 942 987 cursor
955 953 1112 999 egregius
1127 965 1229 994 esses,
1245 952 1272 985 si
1286 953 1431 985 haberes
1447 953 1495 984 al-

824 1015 936 1040 terum
958 1006 1081 1053 pedem
1104 1005 1207 1038 Ladae
1229 1005 1383 1039 cursoris
1404 1005 1495 1037 velo-

825 1060 949 1093 cissimi
959 1085 967 1100 ,
979 1059 1039 1092 lib.
1054 1060 1102 1099 ΙΙ,
1115 1071 1170 1103 ep.
1180 1070 1306 1092 Lxxxw
1316 1085 1323 1098 ‚
1340 1060 1375 1097 8,
1389 1069 1497 1102 quum

825 1112 963 1146 aliunde
986 1113 1118 1157 ligneus
1136 1112 1221 1144 alter
1245 1111 1308 1144 tibi
1329 1118 1424 1144 esset.

739 1256 837 1312 Cl.

561 1390 622 1417 DE
661 1370 1039 1418 c.xP1TOL1ao.*

167 1484 338 1525 ELYsm
367 1481 515 1524 redeat
538 1483 570 1524 si
598 1481 708 1524 forte
733 1483 937 1525 remissus
965 1481 1018 1525 ab
1045 1498 1150 1542 agro

238 1550 315 1595 Ille
343 1567 421 1595 suo
447 1550 546 1594 felix
573 1554 742 1596 Caesare
768 1551 906 1596 Galba
934 1562 1081 1605 vetus,

169 1623 258 1678 Qui
286 1620 580 1682 Capitolinum
612 1623 793 1682 pariter,
820 1622 1092 1682 Galbamque
1112 1623 1309 1681 jocantes

240 1691 458 1748 Audierit;
488 1691 626 1747 dicet,
651 1694 827 1737 Rustice
857 1691 1017 1747 Galba,
1047 1702 1152 1736 tace..

154 1796 168 1811 ⁴¹
188 1803 239 1834 De
258 1801 337 1846 Cap.
356 1810 386 1833 et
408 1801 516 1835 Galba
535 1800 611 1834 cod.
636 1802 767 1834 Beverl.

101 1876 153 1881 —
171 1854 207 1887 Si
225 1854 406 1887 reviviscat
422 1855 532 1887 Galba
549 1855 606 1887 ille
622 1855 750 1887 nobilis
761 1880 770 1896 ,

103 1915 138 1940 et
161 1907 288 1941 Caesari
303 1907 460 1952 Augusto
477 1908 523 1940 ob
544 1907 672 1951 ingenii
695 1920 772 1940 acu-

103 1972 182 1993 men
206 1968 240 1993 et
257 1960 411 1993 nativum
433 1960 481 1992 sal
507 1959 772 1999 dilectissimus,

102 2013 164 2045 lib.
184 2012 219 2048 I,
242 2024 297 2058 ep.
321 2024 412 2053 xmr,
434 2025 483 2045 vs.
509 2024 563 2057 17,
584 2020 617 2045 et
640 2013 666 2045 si
687 2013 772 2057 jocis

103 2065 301 2110 salibusque
317 2077 395 2098 cuni
413 2065 612 2111 Capitolino
629 2078 694 2099 con
702 2075 774 2099 ten-

105 2117 182 2159 dat.
203 2118 352 2152 rusticus
381 2126 415 2151 et
443 2118 593 2151 insulsus
614 2131 688 2163 prae
715 2119 776 2151 illo

103 2169 291 2204 videretur.

165 2235 177 2255 1
187 2249 194 2255 .
206 2224 312 2256 Αηινο
325 2223 433 2257 codex
451 2224 648 2257 Pulmanni.
666 2224 757 2257 Male
768 2250 777 2264 ‚

106 2288 186 2309 nam
197 2276 273 2321 quis
287 2289 440 2321 unquam
457 2276 499 2310 de
512 2276 638 2323 Elysiis
651 2276 758 2309 antris
768 2301 777 2316 ‚

107 2327 266 2374 quamvis
284 2327 327 2361 de
346 2329 547 2362 nemoribus
561 2354 568 2367 ,
591 2328 635 2362 de
651 2329 779 2361 monti?

108 2381 176 2414 bus
195 2381 381 2425 saepissime
403 2381 551 2415 onmes?

165 2447 198 2466 2.
216 2434 333 2467 Galba.
346 2434 437 2468 «Pro
459 2434 566 2468 Galba
584 2434 641 2467 alii
660 2434 780 2479 legunt

115 2486 230 2520 Gabba
244 2484 305 2526 (sic
318 2487 421 2520 habet
435 2486 489 2519 etl.
506 2481 637 2529 Bura),
649 2495 680 2519 et
696 2489 781 2519 Dor-

110 2540 205 2572 leans
218 2553 274 2572 sua
293 2539 397 2573 Gaba.
413 2557 426 2569 n
449 2540 624 2573 Schrevel.
636 2561 686 2566 —-
701 2539 781 2573 Gal-

111 2593 152 2624 ba
174 2599 274 2625 velus.
298 2593 423 2625 Scurra
449 2593 592 2626 Caesaris
612 2592 780 2637 Augusti,

112 2643 156 2677 de
176 2657 244 2690 quo
258 2646 326 2690 jam
348 2645 498 2678 Noster:
522 2646 612 2687 ··Qui
637 2646 782 2678 Galbam

830 1801 958 1835 salibus
991 1803 1058 1835 tuis
1073 1820 1107 1842 ”a
1128 1811 1192 1836 etc.
1214 1823 1266 1828 —
1292 1802 1398 1834 Felix.
1432 1800 1504 1833 Ali-

830 1853 972 1899 quando
983 1853 1109 1888 dicitur
1122 1868 1186 1900 pro
1198 1881 1206 1895 ‚
1225 1854 1373 1900 inclytus
1386 1879 1394 1894 ‚
1404 1853 1504 1886 nobi-

831 1907 892 1948 lis,
920 1908 1106 1953 palmarius
1131 1908 1166 1940 in
1189 1920 1226 1940 re
1255 1907 1420 1952 qualibet.
1450 1906 1504 1938 Sic

832 1960 956 1993 Horat.
970 1961 1029 1993 lib.
1046 1961 1111 2001 IV,
1124 1959 1182 1993 od.
1202 1972 1286 1993 xn1:
1301 1960 1413 1992 «Felix
1423 1967 1507 2003 post

835 2013 1008 2058 Cynarain
1022 2040 1029 2054 ‚
1046 2022 1198 2059 notaque
1222 2021 1256 2046 et
1275 2013 1400 2046 artium
1418 2011 1505 2045 Gra-

836 2074 948 2098 tarum
972 2066 1086 2099 facies.
1108 2084 1120 2095 n
1149 2067 1193 2098 Et
1219 2066 1332 2110 aptius
1354 2064 1397 2097 (le
1417 2065 1505 2097 face-

836 2119 892 2152 tiis
920 2119 1115 2164 salibusque
1140 2118 1290 2160 dicitur3
1311 2118 1369 2163 qui
1397 2130 1505 2163 quum

836 2171 927 2204 acuti
938 2173 1061 2214 ‚felices
1075 2171 1311 2204 nominantur.
1321 2170 1508 2212 Quintilia-

836 2237 901 2257 nus
928 2224 972 2257 de
993 2224 1224 2257 Demosthene
1240 2249 1248 2264 ,
1270 2224 1382 2256 Iustit.
1410 2223 1507 2255 Orat.

837 2277 899 2309 lib.
914 2278 982 2317 VI,
1002 2288 1065 2317 111,
1087 2273 1105 2315 S
1127 2290 1142 2309 2
1160 2289 1167 2310 :
1186 2292 1198 2303 «
1212 2289 1274 2309 nec
1293 2275 1510 2321 displicuisse

839 2329 889 2362 illi
899 2330 1013 2374 jocos,
1027 2328 1171 2362 sednon
1185 2329 1379 2373 contigisse.
1395 2346 1407 2358 »
1424 2329 1509 2369 Quae

840 2390 952 2415 autem
972 2384 1138 2425 contigisse
1156 2391 1347 2427 potuerunt
1360 2408 1368 2422 ‚
1387 2381 1508 2414 felicia.

839 2436 883 2467 Et
903 2435 1022 2479 gallice
1039 2434 1186 2468 dicimus
1202 2447 1209 2467 ι
1226 2448 1266 2467 zm
1281 2443 1361 2474 mot,
1379 2447 1420 2466 1112
1435 2437 1510 2466 traic

841 2489 986 2520 hem-eus.
1001 2488 1067 2520 ΕΙ).

896 2541 928 2573 3.
953 2542 1034 2582 (jai,
1055 2549 1118 2573 etc.
1140 2540 1173 2573 Si
1195 2549 1415 2585 coiupaietui·
1433 2553 1509 2573 cuni

843 2593 1064 2638 Capitolino,
1092 2593 1239 2626 rusticus
1269 2593 1425 2627 dicetur,
1454 2606 1513 2626 nc*

845 2659 912 2690 que
936 2647 1023 2678 ultra
1051 2645 1221 2680 audietur.
