1978 3305
432 231 531 290 346

809 237 870 280 M.
897 238 1040 282 VAL.
1079 239 1474 283 MARTIALIS

495 322 590 366 Nec
614 321 924 368 dormitantem
944 340 1126 369 vernam
1149 326 1353 370 fraudare
1376 325 1553 371 lucerna

564 391 753 436 Erubuit
776 392 928 450 fallax,
955 395 1106 440 ardeat
1129 395 1203 441 illa
1224 395 1338 441 licet.

497 461 542 504 Si
565 461 672 505 nihil
693 462 870 519 invasit,
893 481 1080 525 puerum
1102 475 1208 511 tunc
1230 476 1323 510 arte
1345 465 1497 511 dolosa

568 532 758 588 Circuit,
781 543 824 578 et
852 533 990 579 soleas
1014 537 1192 598 surripit
1216 537 1310 598 ipse
1333 552 1447 581 suas.

425 661 648 708 chlamydem
666 672 813 706 vocant,
832 672 872 698 ut
893 665 940 699 ait
960 665 1103 712 Bayfius

425 714 470 748 de
483 728 522 748 re
536 716 696 750 vestiaria
707 742 717 758 ‚
734 729 845 762 genus
861 726 911 752 est
924 719 1028 753 vestis
1041 719 1104 753 mi-

424 767 537 802 litaris
549 794 558 809 ‚
580 781 649 814 qua
664 769 768 803 etiarn
784 769 822 803 in
842 782 938 804 coena
956 773 1102 806 uteban-

426 828 484 854 tur
503 822 638 867 antiqui
651 847 660 863 ,
673 831 713 856 ut
724 831 861 856 constat
871 836 913 857 ex
925 824 994 858 hoc
1006 825 1102 859 loco.

425 874 625 908 —Duabus.
639 875 708 909 Sua
717 876 849 910 scilicet
862 885 966 922 atque
978 879 1101 912 aliena.

425 926 611 972 Eleganter
631 928 699 962 hoc
717 927 824 962 modo
846 929 979 963 furtum
997 931 1103 976 signi-

428 978 564 1013 fleatur.

490 1044 504 1064 1
516 1045 530 1066 1
540 1059 548 1066 .
578 1033 615 1064 V
611 1046 728 1068 ernam.
758 1035 876 1068 Verna
905 1044 956 1069 est
983 1048 1104 1069 servus

427 1083 525 1118 domi
540 1093 654 1119 natus.

484 1151 497 1172 1
509 1150 542 1172 2.
553 1139 682 1172 Ardeat
694 1140 750 1172 illa
764 1140 847 1173 licet.
860 1139 934 1174 Nec
946 1141 1102 1175 tenebris

1163 679 1252 713 opus
1279 678 1352 700 esse
1380 673 1500 712 putat,
1519 677 1586 700 nec
1608 665 1720 700 scelus
1746 675 1844 700 curat

1162 727 1265 753 nocte
1289 719 1367 765 tegi.

1220 785 1235 806 1
1246 776 1280 813 4.
1293 772 1342 805 Et
1349 772 1459 805 soleas.
1475 771 1579 805 Pueri
1593 769 1636 805 ad
1646 765 1754 817 pedes
1764 783 1845 805 con-

1161 825 1323 859 vivarum
1344 825 1454 859 soleas
1479 823 1749 867 custodiebant;
1769 824 1846 858 siue

1162 878 1285 912 calceis
1305 878 1399 911 enim
1424 890 1552 911 mensae
1572 877 1844 911 accumbebant:

1163 930 1227 964 iste
1242 944 1326 964 vero
1336 931 1451 964 luscus
1461 943 1539 964 suas
1553 929 1627 976 ipse
1643 931 1754 964 soleas
1765 930 1846 964 sub·

1161 983 1314 1029 ripiebat
1325 1008 1336 1024 ,
1348 996 1393 1016 ne
1413 981 1554 1017 furandi
1571 991 1680 1016 artem
1695 981 1846 1016 dedisce-

1161 1044 1216 1069 ret
1227 1060 1238 1077 ,
1253 1044 1312 1069 aut
1329 1036 1416 1081 quia
1430 1048 1501 1069 non
1517 1043 1656 1081 poterat
1669 1048 1705 1069 se
1722 1033 1846 1069 'tenere

1163 1089 1248 1134 quin
1269 1087 1365 1122 unde
1390 1087 1488 1122 unde
1511 1087 1643 1134 aliquid
1664 1088 1767 1122 alicui
1791 1099 1846 1120 ra-

1164 1153 1249 1187 pere
1270 1140 1455 1187 gauderet.

1077 1281 1207 1339 LX.

910 1432 967 1459 ιΝ
1015 1411 1375 1461 chauonim*

501 1549 680 1594 SUMMA
710 1548 894 1594 Palatini
923 1559 1098 1611 poteras
1127 1567 1299 1612 aequare
1327 1549 1506 1605 colossi,

568 1620 611 1663 Si
640 1619 766 1664 fieres
797 1620 995 1678 brevior,
1020 1621 1232 1678 Claudia,
1257 1621 1572 1684 sesquipedem.

484 1735 499 1750 ’
522 1740 728 1787 Longoliam
760 1743 912 1789 aliquam
943 1743 1111 1779 feminam

433 1805 537 1839 quam
558 1794 663 1828 Poeta
684 1808 748 1841 per
763 1796 997 1842 hyperbolem
1016 1799 1111 1843 joca-

431 1855 488 1879 tur
498 1846 665 1882 excedere
681 1857 812 1882 statura
823 1849 1026 1883 altissimum
1039 1851 1109 1884 Ro-

432 1911 496 1933 mae
507 1900 682 1934 colossum
693 1924 703 1940 ‚
721 1901 765 1935 de
778 1915 848 1948 quo
862 1904 1111 1949 epigrammate

434 1964 482 1992 11,
504 1952 565 1986 lib.
583 1953 701 1999 Spect.
724 1967 775 1989 vs.
797 1960 830 1996 4.

491 2018 522 2039 1.
547 2007 681 2040 Poteras
699 2020 766 2054 pro
787 2017 894 2053 potes,
914 2022 1032 2054 posses.
1053 2009 1109 2043 Sic

434 2057 554 2094 Horat.
587 2060 647 2094 lib.
676 2062 710 2103 Ι,
743 2060 801 2095 od.
830 2074 973 2104 xxxvu,
992 2075 1042 2096 vs.
1063 2067 1083 2104 4
1099 2089 1109 2104 ,

1179 1766 1187 1774 -
1205 1766 1214 1775 ·
1232 1757 1332 1778 -ηιιηε
1362 1744 1540 1779 Saliaribus
1571 1757 1683 1777 ornare
1703 1745 1853 1789 pulvinar

1171 1798 1312 1831 Deorum
1327 1806 1443 1844 tempus
1465 1806 1533 1831 erat
1549 1797 1685 1831 sodales.

1227 1864 1260 1885 2.
1287 1850 1425 1885 Claudia
1450 1850 1629 1898 sesquipede
1647 1849 1728 1884 Ald.
1751 1850 1772 1883 J
1776 1858 1850 1884 unt.

1171 1904 1288 1938 Colin.
1308 1904 1447 1950 Gryph.
1470 1905 1629 1939 Pulman.
1652 1904 1765 1936 Plant.
1784 1904 1850 1936 Ju-

1170 1957 1265 1991 nian.
1285 1957 1394 2003 Lang.
1414 1958 1541 2004 Delph.
1559 1965 1623 1992 etc.
1643 1956 1853 2002 sesquipedem

1169 2010 1274 2044 Grut.
1302 2010 1412 2045 Scriv.
1440 2011 1587 2046 Farnab.
1619 2009 1795 2044 Schrevel.
1818 2017 1854 2042 et

1169 2072 1317 2097 recentt.

1056 2203 1228 2260 LXI.

753 2352 822 2381 AD
860 2351 1143 2389 SEVERUM,
1180 2351 1246 2379 DE
1285 2331 1536 2380 emulso?

582 2472 727 2514 leET
748 2471 959 2526 Carinus,
982 2470 1222 2531 rumpitur,
1248 2469 1380 2525 furit,
1409 2468 1580 2530 plorat,

583 2543 635 2584 lit
667 2542 820 2602 quoerit
849 2540 982 2594 altos,
1011 2540 1126 2585 unde
1158 2539 1367 2602 pendeat,
1394 2556 1564 2588 ramos:

492 2671 504 2683 ⁸
523 2676 560 2708 ln
584 2675 733 2709 Carinum
752 2676 956 2710 inscribitur
975 2676 1010 2709 in
1035 2675 1116 2709 odd.

441 2737 523 2761 xvu.

1234 2688 1260 2707 ι.
1274 2675 1360 2706 Lava-t
1373 2674 1521 2710 Cae-mus.
1535 2682 1600 2707 otc.
1616 2673 1749 2706 invidia
1760 2699 1768 2713 ‚
1779 2685 1854 2718 qua:

1179 2736 1210 2759 οι
1228 2726 1406 2761 [έναι-(Πρω
1423 2726 1695 2760 Romanis.Vide
1708 2726 1769 2759 lib.
1791 2727 1853 2762 IV,
