<?xml version="1.0" encoding="UTF-8"?>
<!DOCTYPE html PUBLIC "-//W3C//DTD XHTML 1.0 Transitional//EN"
    "http://www.w3.org/TR/xhtml1/DTD/xhtml1-transitional.dtd">
<html xmlns="http://www.w3.org/1999/xhtml" xml:lang="en" lang="en">
 <head>
  <title>
</title>
<meta http-equiv="Content-Type" content="text/html;charset=utf-8" />
  <meta name='ocr-system' content='tesseract 3.04.00' />
  <meta name='ocr-capabilities' content='ocr_page ocr_carea ocr_par ocr_line ocrx_word'/>
</head>
<body>
  <div class='ocr_page' id='page_1' title='image "./epigrammata02martuoft/epigrammata02martuoft_0015.png"; bbox 0 0 1978 3305; ppageno 0'>
   <div class='ocr_carea' id='block_1_1' title="bbox 475 187 1604 234">
    <p class='ocr_par' dir='ltr' id='par_1_1' title="bbox 475 187 1604 234">
     <span class='ocr_line' id='line_1_1' title="bbox 475 187 1604 234; baseline 0.002 -2"><span class='ocrx_word' id='word_1_1' title='bbox 475 187 1063 232; x_wconf 85' lang='lat' dir='ltr'><strong>EPIGRAMMATUM</strong></span> <span class='ocrx_word' id='word_1_2' title='bbox 1101 188 1224 231; x_wconf 89' lang='lat' dir='ltr'>LIB.</span> <span class='ocrx_word' id='word_1_3' title='bbox 1265 189 1319 231; x_wconf 91' lang='lat' dir='ltr'>V.</span> <span class='ocrx_word' id='word_1_4' title='bbox 1578 190 1604 234; x_wconf 73' lang='lat'>3</span> 
     </span>
    </p>
   </div>
   <div class='ocr_carea' id='block_1_2' title="bbox 267 273 1604 531">
    <p class='ocr_par' dir='ltr' id='par_1_2' title="bbox 267 273 1604 531">
     <span class='ocr_line' id='line_1_2' title="bbox 268 273 1304 335; baseline -0.002 -15"><span class='ocrx_word' id='word_1_5' title='bbox 268 277 504 331; x_wconf 85' lang='lat' dir='ltr'>Mittimus,</span> <span class='ocrx_word' id='word_1_6' title='bbox 536 292 563 318; x_wconf 94' lang='lat' dir='ltr'>o</span> <span class='ocrx_word' id='word_1_7' title='bbox 594 291 740 318; x_wconf 85' lang='lat' dir='ltr'>rerum</span> <span class='ocrx_word' id='word_1_8' title='bbox 767 273 867 318; x_wconf 83' lang='lat' dir='ltr'>felix</span> <span class='ocrx_word' id='word_1_9' title='bbox 894 273 1051 329; x_wconf 87' lang='lat' dir='ltr'>tutela,</span> <span class='ocrx_word' id='word_1_10' title='bbox 1074 273 1304 335; x_wconf 75' lang='lat' dir='ltr'>salusque!</span> 
     </span>
     <span class='ocr_line' id='line_1_3' title="bbox 337 344 1367 407; baseline -0.002 -17"><span class='ocrx_word' id='word_1_11' title='bbox 337 347 506 407; x_wconf 83' lang='lat' dir='ltr'>Sospite</span> <span class='ocrx_word' id='word_1_12' title='bbox 530 361 617 406; x_wconf 90' lang='lat' dir='ltr'>quo</span> <span class='ocrx_word' id='word_1_13' title='bbox 644 354 816 406; x_wconf 86' lang='lat' dir='ltr'>gratum</span> <span class='ocrx_word' id='word_1_14' title='bbox 843 344 1060 389; x_wconf 88' lang='lat' dir='ltr'>credimus</span> <span class='ocrx_word' id='word_1_15' title='bbox 1086 361 1177 388; x_wconf 90' lang='lat' dir='ltr'>esse</span> <span class='ocrx_word' id='word_1_16' title='bbox 1200 347 1367 389; x_wconf 86' lang='lat' dir='ltr'>Jovem.</span> 
     </span>
     <span class='ocr_line' id='line_1_4' title="bbox 267 414 1357 477; baseline -0.002 -17"><span class='ocrx_word' id='word_1_17' title='bbox 267 420 333 460; x_wconf 90' lang='lat' dir='ltr'>Tu</span> <span class='ocrx_word' id='word_1_18' title='bbox 361 425 531 460; x_wconf 86' lang='lat' dir='ltr'>tantum</span> <span class='ocrx_word' id='word_1_19' title='bbox 559 416 744 477; x_wconf 86' lang='lat' dir='ltr'>accipias</span> <span class='ocrx_word' id='word_1_20' title='bbox 770 432 779 458; x_wconf 91' lang='lat'><strong>:</strong></span> <span class='ocrx_word' id='word_1_21' title='bbox 806 431 887 476; x_wconf 84' lang='lat' dir='ltr'>ego</span> <span class='ocrx_word' id='word_1_22' title='bbox 918 425 959 458; x_wconf 90' lang='lat' dir='ltr'>te</span> <span class='ocrx_word' id='word_1_23' title='bbox 985 414 1137 476; x_wconf 81' lang='lat' dir='ltr'><strong>legisse</strong></span> <span class='ocrx_word' id='word_1_24' title='bbox 1168 415 1357 476; x_wconf 87' lang='lat' dir='ltr'>putabo,</span> 
     </span>
     <span class='ocr_line' id='line_1_5' title="bbox 334 484 1604 531; baseline -0.002 -1"><span class='ocrx_word' id='word_1_25' title='bbox 334 489 392 531; x_wconf 89' lang='lat' dir='ltr'>Et</span> <span class='ocrx_word' id='word_1_26' title='bbox 414 485 605 531; x_wconf 89' lang='lat' dir='ltr'>tumidus</span> <span class='ocrx_word' id='word_1_27' title='bbox 628 484 753 530; x_wconf 86' lang='lat' dir='ltr'>Galla</span> <span class='ocrx_word' id='word_1_28' title='bbox 779 484 1034 530; x_wconf 80' lang='lat' dir='ltr'>credulitate</span> <span class='ocrx_word' id='word_1_29' title='bbox 1056 485 1188 529; x_wconf 86' lang='lat' dir='ltr'>fruar.</span> <span class='ocrx_word' id='word_1_30' title='bbox 1576 513 1604 527; x_wconf 69' lang='lat'>1..</span> 
     </span>
    </p>
   </div>
   <div class='ocr_carea' id='block_1_3' title="bbox 188 624 870 2417">
    <p class='ocr_par' dir='ltr' id='par_1_3' title="bbox 191 624 870 1240">
     <span class='ocr_line' id='line_1_6' title="bbox 197 624 868 662; baseline -0.003 -3"><span class='ocrx_word' id='word_1_31' title='bbox 197 624 362 659; x_wconf 85' lang='lat' dir='ltr'>dentibus</span> <span class='ocrx_word' id='word_1_32' title='bbox 384 626 520 659; x_wconf 88' lang='lat' dir='ltr'><strong>Anxur.</strong></span> <span class='ocrx_word' id='word_1_33' title='bbox 535 641 549 653; x_wconf 89' lang='lat'>»</span> <span class='ocrx_word' id='word_1_34' title='bbox 568 624 690 658; x_wconf 85' lang='lat' dir='ltr'>Horat.</span> <span class='ocrx_word' id='word_1_35' title='bbox 715 625 779 658; x_wconf 88' lang='lat' dir='ltr'>lib.</span> <span class='ocrx_word' id='word_1_36' title='bbox 800 625 836 657; x_wconf 92' lang='lat' dir='ltr'>lI</span> <span class='ocrx_word' id='word_1_37' title='bbox 857 645 868 662; x_wconf 84' lang='lat'>‚</span> 
     </span>
     <span class='ocr_line' id='line_1_7' title="bbox 194 676 870 712; baseline -0.004 0"><span class='ocrx_word' id='word_1_38' title='bbox 194 686 257 712; x_wconf 88' lang='lat' dir='ltr'>sat.</span> <span class='ocrx_word' id='word_1_39' title='bbox 271 691 302 712; x_wconf 85' lang='lat' dir='ltr'>v.</span> <span class='ocrx_word' id='word_1_40' title='bbox 314 678 443 712; x_wconf 68' lang='lat' dir='ltr'>—Sire</span> <span class='ocrx_word' id='word_1_41' title='bbox 459 677 611 710; x_wconf 82' lang='lat' dir='ltr'>candidus</span> <span class='ocrx_word' id='word_1_42' title='bbox 632 677 762 710; x_wconf 62' lang='lat' dir='ltr'>Anxur.</span> <span class='ocrx_word' id='word_1_43' title='bbox 778 676 870 710; x_wconf 85' lang='lat' dir='ltr'>Latii</span> 
     </span>
     <span class='ocr_line' id='line_1_8' title="bbox 193 729 870 776; baseline -0.001 -12"><span class='ocrx_word' id='word_1_44' title='bbox 193 730 383 776; x_wconf 84' lang='lat' dir='ltr'>oppidum,</span> <span class='ocrx_word' id='word_1_45' title='bbox 410 729 517 763; x_wconf 87' lang='lat' dir='ltr'>hodie</span> <span class='ocrx_word' id='word_1_46' title='bbox 548 730 580 762; x_wconf 92' lang='grc' dir='ltr'><em>Τ</em></span> <span class='ocrx_word' id='word_1_47' title='bbox 577 731 741 770; x_wconf 84' lang='lat' dir='ltr'>erracina,</span> <span class='ocrx_word' id='word_1_48' title='bbox 769 730 870 774; x_wconf 86' lang='lat' dir='ltr'>cujus</span> 
     </span>
     <span class='ocr_line' id='line_1_9' title="bbox 196 781 870 829; baseline -0.001 -13"><span class='ocrx_word' id='word_1_49' title='bbox 196 795 295 829; x_wconf 77' lang='lat' dir='ltr'>aquae</span> <span class='ocrx_word' id='word_1_50' title='bbox 313 791 394 816; x_wconf 89' lang='lat' dir='ltr'>sunt</span> <span class='ocrx_word' id='word_1_51' title='bbox 410 781 510 816; x_wconf 86' lang='lat' dir='ltr'>valde</span> <span class='ocrx_word' id='word_1_52' title='bbox 528 782 693 816; x_wconf 82' lang='lat' dir='ltr'>salutares</span> <span class='ocrx_word' id='word_1_53' title='bbox 711 794 719 816; x_wconf 91' lang='lat'>:</span> <span class='ocrx_word' id='word_1_54' title='bbox 738 781 870 816; x_wconf 90' lang='lat' dir='ltr'>dicitur</span> 
     </span>
     <span class='ocr_line' id='line_1_10' title="bbox 193 834 869 876; baseline -0.001 -7"><span class='ocrx_word' id='word_1_55' title='bbox 193 835 362 870; x_wconf 86' lang='lat' dir='ltr'>candidus</span> <span class='ocrx_word' id='word_1_56' title='bbox 382 836 438 869; x_wconf 86' lang='lat' dir='ltr'>vel</span> <span class='ocrx_word' id='word_1_57' title='bbox 463 848 481 868; x_wconf 85' lang='lat' dir='ltr'>a</span> <span class='ocrx_word' id='word_1_58' title='bbox 501 834 653 869; x_wconf 88' lang='lat' dir='ltr'>candore</span> <span class='ocrx_word' id='word_1_59' title='bbox 678 847 843 869; x_wconf 84' lang='lat' dir='ltr'>saxorum</span> <span class='ocrx_word' id='word_1_60' title='bbox 859 861 869 876; x_wconf 93' lang='lat'>,</span> 
     </span>
     <span class='ocr_line' id='line_1_11' title="bbox 191 888 868 934; baseline -0.003 -12"><span class='ocrx_word' id='word_1_61' title='bbox 191 889 246 922; x_wconf 88' lang='lat' dir='ltr'>vel</span> <span class='ocrx_word' id='word_1_62' title='bbox 267 902 286 922; x_wconf 87' lang='lat' dir='ltr'>a</span> <span class='ocrx_word' id='word_1_63' title='bbox 307 889 400 922; x_wconf 89' lang='lat' dir='ltr'>calce</span> <span class='ocrx_word' id='word_1_64' title='bbox 421 901 496 934; x_wconf 87' lang='lat' dir='ltr'>quae</span> <span class='ocrx_word' id='word_1_65' title='bbox 515 888 700 922; x_wconf 82' lang='lat' dir='ltr'>conficitur</span> <span class='ocrx_word' id='word_1_66' title='bbox 723 900 764 922; x_wconf 88' lang='lat' dir='ltr'>ex</span> <span class='ocrx_word' id='word_1_67' title='bbox 780 888 868 934; x_wconf 84' lang='lat' dir='ltr'>lapi-</span> 
     </span>
     <span class='ocr_line' id='line_1_12' title="bbox 191 940 870 987; baseline 0 -13"><span class='ocrx_word' id='word_1_68' title='bbox 191 940 295 975; x_wconf 86' lang='lat' dir='ltr'>dibus</span> <span class='ocrx_word' id='word_1_69' title='bbox 307 940 389 975; x_wconf 88' lang='lat' dir='ltr'>inde</span> <span class='ocrx_word' id='word_1_70' title='bbox 404 941 534 987; x_wconf 88' lang='lat' dir='ltr'>petitis.</span> <span class='ocrx_word' id='word_1_71' title='bbox 552 941 719 974; x_wconf 88' lang='lat' dir='ltr'>Neutrius</span> <span class='ocrx_word' id='word_1_72' title='bbox 733 941 870 987; x_wconf 88' lang='lat' dir='ltr'>generis</span> 
     </span>
     <span class='ocr_line' id='line_1_13' title="bbox 191 992 866 1040; baseline 0 -13"><span class='ocrx_word' id='word_1_73' title='bbox 191 994 369 1040; x_wconf 87' lang='lat' dir='ltr'>reperitur</span> <span class='ocrx_word' id='word_1_74' title='bbox 380 992 473 1040; x_wconf 84' lang='lat' dir='ltr'>apud</span> <span class='ocrx_word' id='word_1_75' title='bbox 486 994 684 1035; x_wconf 85' lang='lat' dir='ltr'>Horatium,</span> <span class='ocrx_word' id='word_1_76' title='bbox 698 995 716 1027; x_wconf 94' lang='lat' dir='ltr'>I</span> <span class='ocrx_word' id='word_1_77' title='bbox 725 1020 733 1035; x_wconf 93' lang='lat'><strong><em>‚</em></strong></span> <span class='ocrx_word' id='word_1_78' title='bbox 750 1003 811 1028; x_wconf 88' lang='lat' dir='ltr'>sat.</span> <span class='ocrx_word' id='word_1_79' title='bbox 824 1006 846 1026; x_wconf 90' lang='lat' dir='ltr'>v</span> <span class='ocrx_word' id='word_1_80' title='bbox 858 1006 866 1027; x_wconf 90' lang='lat'>:</span> 
     </span>
     <span class='ocr_line' id='line_1_14' title="bbox 197 1046 868 1093; baseline 0.004 -15"><span class='ocrx_word' id='word_1_81' title='bbox 197 1065 210 1077; x_wconf 85' lang='lat'>«</span> <span class='ocrx_word' id='word_1_82' title='bbox 232 1047 442 1093; x_wconf 87' lang='lat' dir='ltr'>Impositum</span> <span class='ocrx_word' id='word_1_83' title='bbox 457 1047 525 1081; x_wconf 85' lang='lat' dir='ltr'>late</span> <span class='ocrx_word' id='word_1_84' title='bbox 536 1047 624 1081; x_wconf 87' lang='lat' dir='ltr'>saxis</span> <span class='ocrx_word' id='word_1_85' title='bbox 636 1046 868 1082; x_wconf 81' lang='lat' dir='ltr'>candentibus</span> 
     </span>
     <span class='ocr_line' id='line_1_15' title="bbox 191 1100 867 1146; baseline 0.001 -14"><span class='ocrx_word' id='word_1_86' title='bbox 191 1101 324 1134; x_wconf 84' lang='lat' dir='ltr'><strong>Anxur.</strong></span> <span class='ocrx_word' id='word_1_87' title='bbox 351 1117 365 1130; x_wconf 66' lang='lat' dir='ltr'>n</span> <span class='ocrx_word' id='word_1_88' title='bbox 404 1101 458 1133; x_wconf 87' lang='lat' dir='ltr'>Ita</span> <span class='ocrx_word' id='word_1_89' title='bbox 491 1109 637 1134; x_wconf 86' lang='lat' dir='ltr'>vocatur</span> <span class='ocrx_word' id='word_1_90' title='bbox 664 1100 760 1146; x_wconf 80' lang='lat' dir='ltr'>quasi</span> <span class='ocrx_word' id='word_1_91' title='bbox 793 1101 867 1133; x_wconf 75' lang='grc' dir='ltr'>ἄνευ</span> 
     </span>
     <span class='ocr_line' id='line_1_16' title="bbox 191 1153 869 1199; baseline 0 -13"><span class='ocrx_word' id='word_1_92' title='bbox 191 1153 279 1198; x_wconf 73' lang='grc' dir='ltr'>ξυροῦ</span> <span class='ocrx_word' id='word_1_93' title='bbox 294 1178 304 1194; x_wconf 88' lang='grc'>,</span> <span class='ocrx_word' id='word_1_94' title='bbox 322 1155 388 1186; x_wconf 81' lang='lat' dir='ltr'>sine</span> <span class='ocrx_word' id='word_1_95' title='bbox 409 1153 560 1187; x_wconf 76' lang='lat' dir='ltr'>novacula</span> <span class='ocrx_word' id='word_1_96' title='bbox 572 1180 581 1193; x_wconf 90' lang='lat'>‚</span> <span class='ocrx_word' id='word_1_97' title='bbox 603 1153 684 1199; x_wconf 90' lang='lat' dir='ltr'>quia</span> <span class='ocrx_word' id='word_1_98' title='bbox 703 1153 752 1186; x_wconf 87' lang='lat' dir='ltr'>ibi</span> <span class='ocrx_word' id='word_1_99' title='bbox 770 1154 790 1186; x_wconf 91' lang='lat' dir='ltr'><strong>J</strong></span> <span class='ocrx_word' id='word_1_100' title='bbox 795 1153 869 1199; x_wconf 84' lang='lat' dir='ltr'>upi-</span> 
     </span>
     <span class='ocr_line' id='line_1_17' title="bbox 192 1205 640 1240; baseline 0.004 -2"><span class='ocrx_word' id='word_1_101' title='bbox 192 1213 244 1239; x_wconf 88' lang='lat' dir='ltr'>ter</span> <span class='ocrx_word' id='word_1_102' title='bbox 262 1205 429 1240; x_wconf 84' lang='lat' dir='ltr'>imberbis</span> <span class='ocrx_word' id='word_1_103' title='bbox 450 1206 640 1240; x_wconf 81' lang='lat' dir='ltr'>colebatur.</span> 
     </span>
    </p>

    <p class='ocr_par' dir='ltr' id='par_1_4' title="bbox 189 1259 867 1675">
     <span class='ocr_line' id='line_1_18' title="bbox 244 1259 866 1304; baseline 0 -12"><span class='ocrx_word' id='word_1_104' title='bbox 244 1272 279 1304; x_wconf 86' lang='lat'>7.</span> <span class='ocrx_word' id='word_1_105' title='bbox 298 1259 470 1299; x_wconf 81' lang='lat' dir='ltr'>Mittimus,</span> <span class='ocrx_word' id='word_1_106' title='bbox 491 1273 510 1292; x_wconf 93' lang='lat' dir='ltr'>o</span> <span class='ocrx_word' id='word_1_107' title='bbox 529 1272 641 1293; x_wconf 83' lang='lat' dir='ltr'>rerum.</span> <span class='ocrx_word' id='word_1_108' title='bbox 663 1259 740 1292; x_wconf 89' lang='lat' dir='ltr'>Hoc</span> <span class='ocrx_word' id='word_1_109' title='bbox 758 1259 866 1292; x_wconf 87' lang='lat' dir='ltr'>refer-</span> 
     </span>
     <span class='ocr_line' id='line_1_19' title="bbox 191 1310 866 1358; baseline 0 -13"><span class='ocrx_word' id='word_1_110' title='bbox 191 1320 249 1346; x_wconf 91' lang='lat' dir='ltr'>tur</span> <span class='ocrx_word' id='word_1_111' title='bbox 278 1310 321 1345; x_wconf 85' lang='lat' dir='ltr'>ad</span> <span class='ocrx_word' id='word_1_112' title='bbox 355 1312 513 1358; x_wconf 86' lang='lat' dir='ltr'>primum</span> <span class='ocrx_word' id='word_1_113' title='bbox 546 1311 738 1346; x_wconf 84' lang='lat' dir='ltr'>distichum</span> <span class='ocrx_word' id='word_1_114' title='bbox 761 1312 866 1357; x_wconf 86' lang='lat' dir='ltr'>hujus</span> 
     </span>
     <span class='ocr_line' id='line_1_20' title="bbox 189 1364 867 1411; baseline 0 -13"><span class='ocrx_word' id='word_1_115' title='bbox 189 1365 467 1411; x_wconf 81' lang='lat' dir='ltr'>epigrammatis3</span> <span class='ocrx_word' id='word_1_116' title='bbox 485 1364 580 1398; x_wconf 88' lang='lat' dir='ltr'>unde</span> <span class='ocrx_word' id='word_1_117' title='bbox 600 1365 786 1411; x_wconf 86' lang='lat' dir='ltr'>intelligis,</span> <span class='ocrx_word' id='word_1_118' title='bbox 809 1378 867 1399; x_wconf 88' lang='lat' dir='ltr'>sae-</span> 
     </span>
     <span class='ocr_line' id='line_1_21' title="bbox 190 1417 865 1464; baseline 0.001 -13"><span class='ocrx_word' id='word_1_119' title='bbox 190 1430 236 1462; x_wconf 93' lang='lat' dir='ltr'>pe</span> <span class='ocrx_word' id='word_1_120' title='bbox 260 1418 467 1452; x_wconf 86' lang='lat' dir='ltr'>sententiam</span> <span class='ocrx_word' id='word_1_121' title='bbox 498 1417 591 1464; x_wconf 83' lang='lat' dir='ltr'>apud</span> <span class='ocrx_word' id='word_1_122' title='bbox 610 1427 730 1463; x_wconf 81' lang='lat' dir='ltr'>poetas</span> <span class='ocrx_word' id='word_1_123' title='bbox 756 1419 792 1451; x_wconf 91' lang='lat' dir='ltr'>in</span> <span class='ocrx_word' id='word_1_124' title='bbox 813 1431 865 1452; x_wconf 78' lang='lat' dir='ltr'>se-</span> 
     </span>
     <span class='ocr_line' id='line_1_22' title="bbox 189 1470 865 1517; baseline 0.001 -13"><span class='ocrx_word' id='word_1_125' title='bbox 189 1470 328 1511; x_wconf 91' lang='lat' dir='ltr'>cundo,</span> <span class='ocrx_word' id='word_1_126' title='bbox 350 1471 453 1505; x_wconf 89' lang='lat' dir='ltr'>tertio</span> <span class='ocrx_word' id='word_1_127' title='bbox 477 1471 533 1505; x_wconf 88' lang='lat' dir='ltr'>vel</span> <span class='ocrx_word' id='word_1_128' title='bbox 564 1479 689 1517; x_wconf 86' lang='lat' dir='ltr'>quarto</span> <span class='ocrx_word' id='word_1_129' title='bbox 713 1470 865 1505; x_wconf 85' lang='lat' dir='ltr'>disticho</span> 
     </span>
     <span class='ocr_line' id='line_1_23' title="bbox 190 1523 866 1565; baseline 0.001 -9"><span class='ocrx_word' id='word_1_130' title='bbox 190 1524 338 1565; x_wconf 86' lang='lat' dir='ltr'>absolvi,</span> <span class='ocrx_word' id='word_1_131' title='bbox 364 1533 398 1558; x_wconf 86' lang='lat' dir='ltr'>et</span> <span class='ocrx_word' id='word_1_132' title='bbox 418 1523 507 1556; x_wconf 88' lang='lat' dir='ltr'>nihil</span> <span class='ocrx_word' id='word_1_133' title='bbox 534 1536 606 1558; x_wconf 89' lang='lat' dir='ltr'>esse</span> <span class='ocrx_word' id='word_1_134' title='bbox 629 1537 768 1558; x_wconf 84' lang='lat' dir='ltr'>necesse</span> <span class='ocrx_word' id='word_1_135' title='bbox 792 1524 866 1557; x_wconf 91' lang='lat' dir='ltr'>sin-</span> 
     </span>
     <span class='ocr_line' id='line_1_24' title="bbox 190 1575 867 1622; baseline 0.001 -13"><span class='ocrx_word' id='word_1_136' title='bbox 190 1576 278 1621; x_wconf 83' lang='lat' dir='ltr'>gulis</span> <span class='ocrx_word' id='word_1_137' title='bbox 297 1575 456 1610; x_wconf 88' lang='lat' dir='ltr'>distichis</span> <span class='ocrx_word' id='word_1_138' title='bbox 471 1577 624 1622; x_wconf 84' lang='lat' dir='ltr'>singulas</span> <span class='ocrx_word' id='word_1_139' title='bbox 643 1577 773 1611; x_wconf 80' lang='lat' dir='ltr'>absolvi</span> <span class='ocrx_word' id='word_1_140' title='bbox 791 1589 867 1610; x_wconf 90' lang='lat' dir='ltr'>sen-</span> 
     </span>
     <span class='ocr_line' id='line_1_25' title="bbox 191 1630 865 1675; baseline 0.001 -13"><span class='ocrx_word' id='word_1_141' title='bbox 191 1630 332 1671; x_wconf 86' lang='lat' dir='ltr'>tentias,</span> <span class='ocrx_word' id='word_1_142' title='bbox 344 1638 384 1663; x_wconf 90' lang='lat' dir='ltr'>ut</span> <span class='ocrx_word' id='word_1_143' title='bbox 401 1638 510 1675; x_wconf 86' lang='lat' dir='ltr'>spect.</span> <span class='ocrx_word' id='word_1_144' title='bbox 526 1630 587 1663; x_wconf 91' lang='lat' dir='ltr'>lib.</span> <span class='ocrx_word' id='word_1_145' title='bbox 609 1631 719 1675; x_wconf 83' lang='lat' dir='ltr'>epigr.</span> <span class='ocrx_word' id='word_1_146' title='bbox 737 1643 763 1664; x_wconf 94' lang='lat'>1.</span> <span class='ocrx_word' id='word_1_147' title='bbox 778 1630 865 1663; x_wconf 86' lang='lat' dir='ltr'>Rad.</span> 
     </span>
    </p>

    <p class='ocr_par' dir='ltr' id='par_1_5' title="bbox 188 1681 865 2417">
     <span class='ocr_line' id='line_1_26' title="bbox 243 1681 865 1729; baseline -0.002 -12"><span class='ocrx_word' id='word_1_148' title='bbox 243 1684 278 1717; x_wconf 89' lang='lat'>8.</span> <span class='ocrx_word' id='word_1_149' title='bbox 316 1681 505 1716; x_wconf 82' lang='lat' dir='ltr'>Pulmanni</span> <span class='ocrx_word' id='word_1_150' title='bbox 533 1682 643 1716; x_wconf 82' lang='lat' dir='ltr'>codex</span> <span class='ocrx_word' id='word_1_151' title='bbox 657 1709 667 1724; x_wconf 83' lang='lat'>,</span> <span class='ocrx_word' id='word_1_152' title='bbox 699 1685 865 1729; x_wconf 72' lang='lat' dir='ltr'>quiet-imus</span> 
     </span>
     <span class='ocr_line' id='line_1_27' title="bbox 190 1735 864 1770; baseline 0.003 -2"><span class='ocrx_word' id='word_1_153' title='bbox 190 1749 254 1768; x_wconf 81' lang='lat' dir='ltr'>esse</span> <span class='ocrx_word' id='word_1_154' title='bbox 285 1736 404 1769; x_wconf 76' lang='lat' dir='ltr'>Jovem.</span> <span class='ocrx_word' id='word_1_155' title='bbox 443 1757 495 1762; x_wconf 90' lang='lat'>-—-</span> <span class='ocrx_word' id='word_1_156' title='bbox 529 1735 665 1770; x_wconf 79' lang='lat' dir='ltr'>Gratum</span> <span class='ocrx_word' id='word_1_157' title='bbox 699 1737 864 1770; x_wconf 78' lang='lat' dir='ltr'>credimus.</span> 
     </span>
     <span class='ocr_line' id='line_1_28' title="bbox 188 1788 865 1830; baseline 0.001 -9"><span class='ocrx_word' id='word_1_158' title='bbox 188 1788 265 1822; x_wconf 89' lang='lat' dir='ltr'>Hoc</span> <span class='ocrx_word' id='word_1_159' title='bbox 287 1797 360 1830; x_wconf 89' lang='lat' dir='ltr'>est,</span> <span class='ocrx_word' id='word_1_160' title='bbox 385 1801 577 1822; x_wconf 79' lang='lat' dir='ltr'>memorem</span> <span class='ocrx_word' id='word_1_161' title='bbox 604 1789 766 1822; x_wconf 88' lang='lat' dir='ltr'>beneficii</span> <span class='ocrx_word' id='word_1_162' title='bbox 787 1801 806 1821; x_wconf 85' lang='lat' dir='ltr'>a</span> <span class='ocrx_word' id='word_1_163' title='bbox 831 1798 865 1823; x_wconf 88' lang='lat' dir='ltr'>te</span> 
     </span>
     <span class='ocr_line' id='line_1_29' title="bbox 188 1842 864 1887; baseline 0.001 -13"><span class='ocrx_word' id='word_1_164' title='bbox 188 1842 321 1887; x_wconf 82' lang='lat' dir='ltr'>accepti</span> <span class='ocrx_word' id='word_1_165' title='bbox 350 1854 358 1874; x_wconf 92' lang='lat'>:</span> <span class='ocrx_word' id='word_1_166' title='bbox 391 1853 472 1875; x_wconf 85' lang='lat' dir='ltr'>narn</span> <span class='ocrx_word' id='word_1_167' title='bbox 510 1850 742 1887; x_wconf 86' lang='lat' dir='ltr'>praeterquam</span> <span class='ocrx_word' id='word_1_168' title='bbox 778 1850 864 1875; x_wconf 89' lang='lat' dir='ltr'>tem-</span> 
     </span>
     <span class='ocr_line' id='line_1_30' title="bbox 188 1893 865 1940; baseline 0.003 -13"><span class='ocrx_word' id='word_1_169' title='bbox 188 1895 288 1940; x_wconf 89' lang='lat' dir='ltr'>plum</span> <span class='ocrx_word' id='word_1_170' title='bbox 319 1895 339 1927; x_wconf 93' lang='lat' dir='ltr'><strong>J</strong></span> <span class='ocrx_word' id='word_1_171' title='bbox 343 1895 400 1928; x_wconf 90' lang='lat' dir='ltr'>ovi</span> <span class='ocrx_word' id='word_1_172' title='bbox 429 1893 635 1928; x_wconf 82' lang='lat' dir='ltr'>condiderat</span> <span class='ocrx_word' id='word_1_173' title='bbox 652 1922 662 1937; x_wconf 94' lang='lat'>,</span> <span class='ocrx_word' id='word_1_174' title='bbox 697 1903 731 1928; x_wconf 89' lang='lat' dir='ltr'>et</span> <span class='ocrx_word' id='word_1_175' title='bbox 754 1895 865 1930; x_wconf 75' lang='lat' dir='ltr'>multa</span> 
     </span>
     <span class='ocr_line' id='line_1_31' title="bbox 189 1947 863 1984; baseline 0.001 -4"><span class='ocrx_word' id='word_1_176' title='bbox 189 1947 338 1981; x_wconf 85' lang='lat' dir='ltr'>delubra</span> <span class='ocrx_word' id='word_1_177' title='bbox 358 1948 544 1984; x_wconf 81' lang='lat' dir='ltr'>refecerat,</span> <span class='ocrx_word' id='word_1_178' title='bbox 561 1948 654 1981; x_wconf 89' lang='lat' dir='ltr'>bello</span> <span class='ocrx_word' id='word_1_179' title='bbox 672 1948 863 1982; x_wconf 83' lang='lat' dir='ltr'>Vitelliano</span> 
     </span>
     <span class='ocr_line' id='line_1_32' title="bbox 189 1999 863 2046; baseline 0 -12"><span class='ocrx_word' id='word_1_180' title='bbox 189 2001 410 2034; x_wconf 87' lang='lat' dir='ltr'>Domitianus</span> <span class='ocrx_word' id='word_1_181' title='bbox 434 1999 548 2034; x_wconf 91' lang='lat' dir='ltr'>adhuc</span> <span class='ocrx_word' id='word_1_182' title='bbox 567 2014 673 2046; x_wconf 89' lang='lat' dir='ltr'>puer,</span> <span class='ocrx_word' id='word_1_183' title='bbox 698 2013 767 2034; x_wconf 85' lang='lat' dir='ltr'>una</span> <span class='ocrx_word' id='word_1_184' title='bbox 783 2013 863 2035; x_wconf 91' lang='lat' dir='ltr'>cum</span> 
     </span>
     <span class='ocr_line' id='line_1_33' title="bbox 188 2053 863 2099; baseline 0.001 -12"><span class='ocrx_word' id='word_1_185' title='bbox 188 2062 315 2098; x_wconf 86' lang='lat' dir='ltr'>patruo</span> <span class='ocrx_word' id='word_1_186' title='bbox 333 2053 462 2087; x_wconf 89' lang='lat' dir='ltr'>Sabino</span> <span class='ocrx_word' id='word_1_187' title='bbox 475 2080 484 2095; x_wconf 90' lang='lat'><strong><em>‚</em></strong></span> <span class='ocrx_word' id='word_1_188' title='bbox 499 2054 713 2099; x_wconf 82' lang='lat' dir='ltr'>Capitolium</span> <span class='ocrx_word' id='word_1_189' title='bbox 730 2067 795 2099; x_wconf 86' lang='lat' dir='ltr'>pro</span> <span class='ocrx_word' id='word_1_190' title='bbox 810 2055 863 2088; x_wconf 84' lang='lat' dir='ltr'>vi-</span> 
     </span>
     <span class='ocr_line' id='line_1_34' title="bbox 189 2105 863 2147; baseline 0.003 -8"><span class='ocrx_word' id='word_1_191' title='bbox 189 2106 286 2140; x_wconf 90' lang='lat' dir='ltr'>ribus</span> <span class='ocrx_word' id='word_1_192' title='bbox 301 2107 370 2140; x_wconf 90' lang='lat' dir='ltr'>suis</span> <span class='ocrx_word' id='word_1_193' title='bbox 385 2105 588 2140; x_wconf 81' lang='lat' dir='ltr'>defenderat</span> <span class='ocrx_word' id='word_1_194' title='bbox 602 2134 611 2147; x_wconf 92' lang='lat'><em>‚</em></span> <span class='ocrx_word' id='word_1_195' title='bbox 628 2115 663 2140; x_wconf 87' lang='lat' dir='ltr'>et</span> <span class='ocrx_word' id='word_1_196' title='bbox 681 2107 863 2141; x_wconf 90' lang='lat' dir='ltr'>incensum</span> 
     </span>
     <span class='ocr_line' id='line_1_35' title="bbox 188 2159 863 2205; baseline 0.001 -13"><span class='ocrx_word' id='word_1_197' title='bbox 188 2167 306 2193; x_wconf 83' lang='lat' dir='ltr'>tamen</span> <span class='ocrx_word' id='word_1_198' title='bbox 332 2167 454 2205; x_wconf 84' lang='lat' dir='ltr'>postea</span> <span class='ocrx_word' id='word_1_199' title='bbox 484 2159 645 2193; x_wconf 85' lang='lat' dir='ltr'>restituit.</span> <span class='ocrx_word' id='word_1_200' title='bbox 674 2160 863 2194; x_wconf 79' lang='lat' dir='ltr'>Suetonius</span> 
     </span>
     <span class='ocr_line' id='line_1_36' title="bbox 188 2212 863 2258; baseline 0.003 -14"><span class='ocrx_word' id='word_1_201' title='bbox 188 2212 226 2245; x_wconf 89' lang='lat' dir='ltr'>in</span> <span class='ocrx_word' id='word_1_202' title='bbox 250 2212 472 2254; x_wconf 81' lang='lat' dir='ltr'>Domitiano,</span> <span class='ocrx_word' id='word_1_203' title='bbox 495 2225 570 2258; x_wconf 89' lang='lat' dir='ltr'>cap.</span> <span class='ocrx_word' id='word_1_204' title='bbox 597 2212 629 2246; x_wconf 81' lang='lat'>5.</span> <span class='ocrx_word' id='word_1_205' title='bbox 648 2212 740 2246; x_wconf 87' lang='lat' dir='ltr'>Vide</span> <span class='ocrx_word' id='word_1_206' title='bbox 759 2213 863 2247; x_wconf 84' lang='lat' dir='ltr'>etiam</span> 
     </span>
     <span class='ocr_line' id='line_1_37' title="bbox 189 2264 862 2310; baseline 0.003 -13"><span class='ocrx_word' id='word_1_207' title='bbox 189 2264 249 2298; x_wconf 91' lang='lat' dir='ltr'>lib.</span> <span class='ocrx_word' id='word_1_208' title='bbox 265 2266 335 2306; x_wconf 94' lang='lat' dir='ltr'>IX,</span> <span class='ocrx_word' id='word_1_209' title='bbox 349 2265 552 2310; x_wconf 82' lang='lat' dir='ltr'>epigramm.</span> <span class='ocrx_word' id='word_1_210' title='bbox 568 2278 638 2299; x_wconf 78' lang='lat' dir='ltr'>mv.</span> <span class='ocrx_word' id='word_1_211' title='bbox 655 2266 766 2300; x_wconf 89' lang='lat' dir='ltr'>Aliter</span> <span class='ocrx_word' id='word_1_212' title='bbox 787 2279 862 2299; x_wconf 81' lang='lat' dir='ltr'>rem</span> 
     </span>
     <span class='ocr_line' id='line_1_38' title="bbox 190 2319 862 2353; baseline 0.004 -4"><span class='ocrx_word' id='word_1_213' title='bbox 190 2326 307 2351; x_wconf 80' lang='lat' dir='ltr'>narrat</span> <span class='ocrx_word' id='word_1_214' title='bbox 325 2319 466 2353; x_wconf 83' lang='lat' dir='ltr'>Tacitus</span> <span class='ocrx_word' id='word_1_215' title='bbox 485 2319 575 2352; x_wconf 86' lang='lat' dir='ltr'>Hist.</span> <span class='ocrx_word' id='word_1_216' title='bbox 596 2319 649 2351; x_wconf 86' lang='grc' dir='ltr'>ΙΙΙ</span> <span class='ocrx_word' id='word_1_217' title='bbox 668 2331 676 2352; x_wconf 85' lang='lat'>:</span> <span class='ocrx_word' id='word_1_218' title='bbox 705 2337 718 2349; x_wconf 75' lang='grc' dir='ltr'>ι</span> <span class='ocrx_word' id='word_1_219' title='bbox 741 2319 862 2352; x_wconf 84' lang='lat' dir='ltr'>Domi-</span> 
     </span>
     <span class='ocr_line' id='line_1_39' title="bbox 190 2370 863 2417; baseline 0.004 -15"><span class='ocrx_word' id='word_1_220' title='bbox 190 2370 303 2404; x_wconf 78' lang='lat' dir='ltr'>tianus</span> <span class='ocrx_word' id='word_1_221' title='bbox 317 2379 433 2404; x_wconf 83' lang='lat' dir='ltr'>tamen</span> <span class='ocrx_word' id='word_1_222' title='bbox 452 2371 728 2417; x_wconf 82' lang='lat' dir='ltr'>irrumpentibus</span> <span class='ocrx_word' id='word_1_223' title='bbox 742 2372 863 2406; x_wconf 79' lang='lat' dir='ltr'>adver·</span> 
     </span>
    </p>
   </div>
   <div class='ocr_carea' id='block_1_4' title="bbox 920 624 1609 2405">
    <p class='ocr_par' dir='ltr' id='par_1_6' title="bbox 924 624 1609 1459">
     <span class='ocr_line' id='line_1_40' title="bbox 929 624 1609 671; baseline 0.006 -14"><span class='ocrx_word' id='word_1_224' title='bbox 929 625 1025 657; x_wconf 78' lang='lat' dir='ltr'>sai-iis</span> <span class='ocrx_word' id='word_1_225' title='bbox 1038 649 1047 665; x_wconf 94' lang='lat'>,</span> <span class='ocrx_word' id='word_1_226' title='bbox 1063 632 1098 657; x_wconf 91' lang='lat' dir='ltr'>et</span> <span class='ocrx_word' id='word_1_227' title='bbox 1114 624 1259 658; x_wconf 84' lang='lat' dir='ltr'>ardente</span> <span class='ocrx_word' id='word_1_228' title='bbox 1272 626 1403 671; x_wconf 87' lang='lat' dir='ltr'>templo</span> <span class='ocrx_word' id='word_1_229' title='bbox 1417 625 1512 671; x_wconf 85' lang='lat' dir='ltr'>apud</span> <span class='ocrx_word' id='word_1_230' title='bbox 1528 627 1609 661; x_wconf 85' lang='lat' dir='ltr'>aedi·</span> 
     </span>
     <span class='ocr_line' id='line_1_41' title="bbox 929 678 1605 723; baseline 0.007 -15"><span class='ocrx_word' id='word_1_231' title='bbox 929 685 1029 709; x_wconf 90' lang='lat' dir='ltr'>tuum</span> <span class='ocrx_word' id='word_1_232' title='bbox 1057 678 1146 709; x_wconf 86' lang='lat' dir='ltr'>clam</span> <span class='ocrx_word' id='word_1_233' title='bbox 1171 678 1407 723; x_wconf 84' lang='lat' dir='ltr'>pernoctavit,</span> <span class='ocrx_word' id='word_1_234' title='bbox 1434 691 1474 712; x_wconf 75' lang='lat' dir='ltr'>ac</span> <span class='ocrx_word' id='word_1_235' title='bbox 1503 693 1605 714; x_wconf 80' lang='lat' dir='ltr'>mane</span> 
     </span>
     <span class='ocr_line' id='line_1_42' title="bbox 927 729 1605 779; baseline 0.007 -17"><span class='ocrx_word' id='word_1_236' title='bbox 927 729 1029 763; x_wconf 89' lang='lat' dir='ltr'>Isiaci</span> <span class='ocrx_word' id='word_1_237' title='bbox 1068 730 1199 763; x_wconf 81' lang='lat' dir='ltr'>celatus</span> <span class='ocrx_word' id='word_1_238' title='bbox 1245 731 1370 764; x_wconf 84' lang='lat' dir='ltr'>habitu</span> <span class='ocrx_word' id='word_1_239' title='bbox 1391 757 1401 773; x_wconf 91' lang='lat'>,</span> <span class='ocrx_word' id='word_1_240' title='bbox 1443 732 1605 779; x_wconf 85' lang='lat' dir='ltr'>interque</span> 
     </span>
     <span class='ocr_line' id='line_1_43' title="bbox 928 781 1606 830; baseline 0.004 -14"><span class='ocrx_word' id='word_1_241' title='bbox 928 781 1140 816; x_wconf 84' lang='lat' dir='ltr'>sacrificulos</span> <span class='ocrx_word' id='word_1_242' title='bbox 1175 783 1279 816; x_wconf 67' lang='lat' dir='ltr'>varia&gt;</span> <span class='ocrx_word' id='word_1_243' title='bbox 1315 783 1575 830; x_wconf 83' lang='lat' dir='ltr'>superstitionis</span> <span class='ocrx_word' id='word_1_244' title='bbox 1596 813 1606 828; x_wconf 90' lang='lat'>,</span> 
     </span>
     <span class='ocr_line' id='line_1_44' title="bbox 927 836 1606 880; baseline 0.006 -12"><span class='ocrx_word' id='word_1_245' title='bbox 927 847 1036 880; x_wconf 90' lang='lat' dir='ltr'>quum</span> <span class='ocrx_word' id='word_1_246' title='bbox 1058 847 1094 868; x_wconf 88' lang='lat' dir='ltr'>sc</span> <span class='ocrx_word' id='word_1_247' title='bbox 1122 843 1217 869; x_wconf 84' lang='lat' dir='ltr'>trans</span> <span class='ocrx_word' id='word_1_248' title='bbox 1237 836 1396 870; x_wconf 89' lang='lat' dir='ltr'>Tiberim</span> <span class='ocrx_word' id='word_1_249' title='bbox 1417 836 1461 870; x_wconf 85' lang='lat' dir='ltr'>ad</span> <span class='ocrx_word' id='word_1_250' title='bbox 1483 838 1606 872; x_wconf 89' lang='lat' dir='ltr'>condi-</span> 
     </span>
     <span class='ocr_line' id='line_1_45' title="bbox 927 888 1607 933; baseline 0.006 -12"><span class='ocrx_word' id='word_1_251' title='bbox 927 888 1054 933; x_wconf 89' lang='lat' dir='ltr'>scipuli</span> <span class='ocrx_word' id='word_1_252' title='bbox 1069 888 1122 921; x_wconf 86' lang='lat' dir='ltr'>sui</span> <span class='ocrx_word' id='word_1_253' title='bbox 1135 897 1282 922; x_wconf 83' lang='lat' dir='ltr'>matrem</span> <span class='ocrx_word' id='word_1_254' title='bbox 1296 889 1423 923; x_wconf 89' lang='lat' dir='ltr'>comite</span> <span class='ocrx_word' id='word_1_255' title='bbox 1437 903 1509 924; x_wconf 92' lang='lat' dir='ltr'>uno</span> <span class='ocrx_word' id='word_1_256' title='bbox 1525 904 1607 925; x_wconf 86' lang='lat' dir='ltr'>con-</span> 
     </span>
     <span class='ocr_line' id='line_1_46' title="bbox 927 941 1603 984; baseline 0.007 -11"><span class='ocrx_word' id='word_1_257' title='bbox 927 941 1078 982; x_wconf 86' lang='lat' dir='ltr'>tulisset,</span> <span class='ocrx_word' id='word_1_258' title='bbox 1093 941 1141 975; x_wconf 83' lang='lat' dir='ltr'>ita</span> <span class='ocrx_word' id='word_1_259' title='bbox 1158 941 1281 984; x_wconf 81' lang='lat' dir='ltr'>latuit,</span> <span class='ocrx_word' id='word_1_260' title='bbox 1297 951 1337 976; x_wconf 90' lang='lat' dir='ltr'>ut</span> <span class='ocrx_word' id='word_1_261' title='bbox 1355 945 1603 982; x_wconf 85' lang='lat' dir='ltr'>scrutantibus,</span> 
     </span>
     <span class='ocr_line' id='line_1_47' title="bbox 927 994 1605 1040; baseline 0.006 -13"><span class='ocrx_word' id='word_1_262' title='bbox 927 994 987 1039; x_wconf 89' lang='lat' dir='ltr'>qui</span> <span class='ocrx_word' id='word_1_263' title='bbox 1004 994 1146 1039; x_wconf 81' lang='lat' dir='ltr'>vestigia</span> <span class='ocrx_word' id='word_1_264' title='bbox 1161 995 1299 1040; x_wconf 89' lang='lat' dir='ltr'>sequuti</span> <span class='ocrx_word' id='word_1_265' title='bbox 1317 1004 1415 1029; x_wconf 89' lang='lat' dir='ltr'>erant</span> <span class='ocrx_word' id='word_1_266' title='bbox 1427 1022 1436 1037; x_wconf 92' lang='lat'>‚</span> <span class='ocrx_word' id='word_1_267' title='bbox 1454 1009 1526 1030; x_wconf 90' lang='lat' dir='ltr'>non</span> <span class='ocrx_word' id='word_1_268' title='bbox 1544 997 1605 1031; x_wconf 88' lang='lat' dir='ltr'>de-</span> 
     </span>
     <span class='ocr_line' id='line_1_48' title="bbox 926 1045 1605 1093; baseline 0.006 -13"><span class='ocrx_word' id='word_1_269' title='bbox 926 1045 1099 1093; x_wconf 87' lang='lat' dir='ltr'>prehendi</span> <span class='ocrx_word' id='word_1_270' title='bbox 1122 1048 1251 1093; x_wconf 86' lang='lat' dir='ltr'>potuit.</span> <span class='ocrx_word' id='word_1_271' title='bbox 1269 1066 1283 1078; x_wconf 84' lang='lat'>»</span> <span class='ocrx_word' id='word_1_272' title='bbox 1308 1048 1415 1082; x_wconf 84' lang='lat' dir='ltr'>Forte</span> <span class='ocrx_word' id='word_1_273' title='bbox 1433 1050 1605 1084; x_wconf 84' lang='lat' dir='ltr'>referatur</span> 
     </span>
     <span class='ocr_line' id='line_1_49' title="bbox 927 1098 1606 1145; baseline 0.006 -13"><span class='ocrx_word' id='word_1_274' title='bbox 927 1100 1042 1145; x_wconf 84' lang='lat' dir='ltr'>aptius</span> <span class='ocrx_word' id='word_1_275' title='bbox 1068 1098 1112 1133; x_wconf 87' lang='lat' dir='ltr'>ad</span> <span class='ocrx_word' id='word_1_276' title='bbox 1140 1101 1346 1134; x_wconf 84' lang='lat' dir='ltr'>restitutum</span> <span class='ocrx_word' id='word_1_277' title='bbox 1365 1114 1384 1134; x_wconf 85' lang='lat' dir='ltr'>a</span> <span class='ocrx_word' id='word_1_278' title='bbox 1402 1103 1606 1137; x_wconf 86' lang='lat' dir='ltr'>Domitiano</span> 
     </span>
     <span class='ocr_line' id='line_1_50' title="bbox 927 1153 1605 1198; baseline 0.006 -13"><span class='ocrx_word' id='word_1_279' title='bbox 927 1153 1140 1198; x_wconf 86' lang='lat' dir='ltr'>Capitolium</span> <span class='ocrx_word' id='word_1_280' title='bbox 1155 1178 1165 1193; x_wconf 82' lang='lat'>‚</span> <span class='ocrx_word' id='word_1_281' title='bbox 1181 1166 1291 1198; x_wconf 90' lang='lat' dir='ltr'>quum</span> <span class='ocrx_word' id='word_1_282' title='bbox 1306 1154 1436 1188; x_wconf 88' lang='lat' dir='ltr'>iterum</span> <span class='ocrx_word' id='word_1_283' title='bbox 1452 1155 1605 1197; x_wconf 81' lang='lat' dir='ltr'>arsisset,</span> 
     </span>
     <span class='ocr_line' id='line_1_51' title="bbox 926 1206 1605 1255; baseline 0.006 -17"><span class='ocrx_word' id='word_1_284' title='bbox 926 1214 964 1239; x_wconf 91' lang='lat' dir='ltr'>ut</span> <span class='ocrx_word' id='word_1_285' title='bbox 980 1206 1099 1240; x_wconf 85' lang='lat' dir='ltr'>scribit</span> <span class='ocrx_word' id='word_1_286' title='bbox 1118 1207 1320 1252; x_wconf 85' lang='lat' dir='ltr'>Tranquill.</span> <span class='ocrx_word' id='word_1_287' title='bbox 1337 1219 1411 1253; x_wconf 85' lang='lat' dir='ltr'>cap.</span> <span class='ocrx_word' id='word_1_288' title='bbox 1435 1207 1452 1241; x_wconf 88' lang='lat'>5</span> <span class='ocrx_word' id='word_1_289' title='bbox 1468 1233 1476 1249; x_wconf 87' lang='lat'>‚</span> <span class='ocrx_word' id='word_1_290' title='bbox 1493 1220 1605 1255; x_wconf 85' lang='lat' dir='ltr'>eoque</span> 
     </span>
     <span class='ocr_line' id='line_1_52' title="bbox 925 1260 1605 1305; baseline 0.004 -13"><span class='ocrx_word' id='word_1_291' title='bbox 925 1260 1069 1292; x_wconf 85' lang='lat' dir='ltr'>nomine</span> <span class='ocrx_word' id='word_1_292' title='bbox 1099 1260 1223 1292; x_wconf 82' lang='lat' dir='ltr'>Jovern</span> <span class='ocrx_word' id='word_1_293' title='bbox 1252 1268 1389 1305; x_wconf 86' lang='lat' dir='ltr'>gratum</span> <span class='ocrx_word' id='word_1_294' title='bbox 1415 1269 1449 1294; x_wconf 86' lang='lat' dir='ltr'>et</span> <span class='ocrx_word' id='word_1_295' title='bbox 1470 1273 1605 1295; x_wconf 87' lang='lat' dir='ltr'>memo-</span> 
     </span>
     <span class='ocr_line' id='line_1_53' title="bbox 924 1312 1602 1358; baseline 0.004 -13"><span class='ocrx_word' id='word_1_296' title='bbox 924 1324 999 1345; x_wconf 88' lang='lat' dir='ltr'>rem</span> <span class='ocrx_word' id='word_1_297' title='bbox 1027 1324 1123 1354; x_wconf 87' lang='lat' dir='ltr'>esse,</span> <span class='ocrx_word' id='word_1_298' title='bbox 1151 1313 1206 1346; x_wconf 90' lang='lat' dir='ltr'>vel</span> <span class='ocrx_word' id='word_1_299' title='bbox 1227 1312 1325 1358; x_wconf 90' lang='lat' dir='ltr'>quod</span> <span class='ocrx_word' id='word_1_300' title='bbox 1349 1314 1431 1347; x_wconf 85' lang='lat' dir='ltr'>Jovi</span> <span class='ocrx_word' id='word_1_301' title='bbox 1455 1314 1602 1348; x_wconf 87' lang='lat' dir='ltr'>Custodi</span> 
     </span>
     <span class='ocr_line' id='line_1_54' title="bbox 924 1364 1605 1412; baseline 0.006 -15"><span class='ocrx_word' id='word_1_302' title='bbox 924 1364 1147 1399; x_wconf 85' lang='lat' dir='ltr'>Domitianus</span> <span class='ocrx_word' id='word_1_303' title='bbox 1167 1366 1336 1411; x_wconf 85' lang='lat' dir='ltr'>templum</span> <span class='ocrx_word' id='word_1_304' title='bbox 1350 1392 1358 1407; x_wconf 86' lang='lat'>,</span> <span class='ocrx_word' id='word_1_305' title='bbox 1372 1365 1507 1412; x_wconf 85' lang='lat' dir='ltr'>dejecto</span> <span class='ocrx_word' id='word_1_306' title='bbox 1525 1367 1605 1401; x_wconf 80' lang='lat' dir='ltr'>aedi-</span> 
     </span>
     <span class='ocr_line' id='line_1_55' title="bbox 925 1417 1498 1459; baseline 0.005 -9"><span class='ocrx_word' id='word_1_307' title='bbox 925 1417 975 1450; x_wconf 89' lang='lat' dir='ltr'>tui</span> <span class='ocrx_word' id='word_1_308' title='bbox 995 1418 1246 1459; x_wconf 84' lang='lat' dir='ltr'>contubernio,</span> <span class='ocrx_word' id='word_1_309' title='bbox 1265 1417 1498 1453; x_wconf 79' lang='lat' dir='ltr'>dedicaverat.</span> 
     </span>
    </p>

    <p class='ocr_par' dir='ltr' id='par_1_7' title="bbox 923 1471 1603 1716">
     <span class='ocr_line' id='line_1_56' title="bbox 979 1471 1603 1516; baseline 0.003 -12"><span class='ocrx_word' id='word_1_310' title='bbox 979 1484 1013 1515; x_wconf 86' lang='lat'>9.</span> <span class='ocrx_word' id='word_1_311' title='bbox 1035 1472 1084 1504; x_wconf 85' lang='lat' dir='ltr'>Tu</span> <span class='ocrx_word' id='word_1_312' title='bbox 1103 1479 1223 1504; x_wconf 80' lang='lat' dir='ltr'>tantum</span> <span class='ocrx_word' id='word_1_313' title='bbox 1241 1474 1375 1516; x_wconf 77' lang='lat' dir='ltr'>aspicias</span> <span class='ocrx_word' id='word_1_314' title='bbox 1391 1471 1502 1506; x_wconf 88' lang='lat' dir='ltr'>codex</span> <span class='ocrx_word' id='word_1_315' title='bbox 1519 1474 1603 1506; x_wconf 88' lang='lat' dir='ltr'>Pul-</span> 
     </span>
     <span class='ocr_line' id='line_1_57' title="bbox 925 1524 1601 1570; baseline 0.004 -14"><span class='ocrx_word' id='word_1_316' title='bbox 925 1524 1054 1558; x_wconf 84' lang='lat' dir='ltr'>mauni.</span> <span class='ocrx_word' id='word_1_317' title='bbox 1072 1525 1121 1557; x_wconf 82' lang='lat' dir='ltr'>Tu</span> <span class='ocrx_word' id='word_1_318' title='bbox 1133 1533 1252 1557; x_wconf 81' lang='lat' dir='ltr'>tantum</span> <span class='ocrx_word' id='word_1_319' title='bbox 1266 1527 1398 1570; x_wconf 79' lang='lat' dir='ltr'>accipies</span> <span class='ocrx_word' id='word_1_320' title='bbox 1412 1525 1492 1558; x_wconf 90' lang='lat' dir='ltr'>Ald.</span> <span class='ocrx_word' id='word_1_321' title='bbox 1501 1526 1523 1558; x_wconf 87' lang='lat' dir='ltr'>J</span> <span class='ocrx_word' id='word_1_322' title='bbox 1527 1535 1601 1560; x_wconf 88' lang='lat' dir='ltr'>unt.</span> 
     </span>
     <span class='ocr_line' id='line_1_58' title="bbox 927 1576 1601 1623; baseline 0.004 -14"><span class='ocrx_word' id='word_1_323' title='bbox 927 1576 1043 1610; x_wconf 91' lang='lat' dir='ltr'>Colin.</span> <span class='ocrx_word' id='word_1_324' title='bbox 1071 1578 1209 1622; x_wconf 82' lang='lat' dir='ltr'>Gryph.</span> <span class='ocrx_word' id='word_1_325' title='bbox 1237 1577 1346 1623; x_wconf 81' lang='lat' dir='ltr'>Lang.</span> <span class='ocrx_word' id='word_1_326' title='bbox 1368 1579 1513 1612; x_wconf 82' lang='lat' dir='ltr'>Junian.</span> <span class='ocrx_word' id='word_1_327' title='bbox 1536 1588 1601 1612; x_wconf 87' lang='lat' dir='ltr'>etc.</span> 
     </span>
     <span class='ocr_line' id='line_1_59' title="bbox 924 1630 1601 1674; baseline 0.003 -11"><span class='ocrx_word' id='word_1_328' title='bbox 924 1652 977 1656; x_wconf 89' lang='lat'><strong>—</strong></span> <span class='ocrx_word' id='word_1_329' title='bbox 1006 1630 1181 1674; x_wconf 80' lang='lat' dir='ltr'>Accipias,</span> <span class='ocrx_word' id='word_1_330' title='bbox 1210 1631 1370 1664; x_wconf 80' lang='lat' dir='ltr'>meliores</span> <span class='ocrx_word' id='word_1_331' title='bbox 1398 1643 1407 1664; x_wconf 75' lang='lat'>2</span> <span class='ocrx_word' id='word_1_332' title='bbox 1439 1632 1508 1665; x_wconf 87' lang='lat' dir='ltr'>hoc</span> <span class='ocrx_word' id='word_1_333' title='bbox 1542 1631 1601 1665; x_wconf 88' lang='lat' dir='ltr'>ad-</span> 
     </span>
     <span class='ocr_line' id='line_1_60' title="bbox 923 1682 1102 1716; baseline 0.011 -2"><span class='ocrx_word' id='word_1_334' title='bbox 923 1682 1013 1716; x_wconf 80' lang='lat' dir='ltr'>misi.</span> <span class='ocrx_word' id='word_1_335' title='bbox 1035 1683 1102 1716; x_wconf 80' lang='lat' dir='ltr'>En.</span> 
     </span>
    </p>

    <p class='ocr_par' dir='ltr' id='par_1_8' title="bbox 920 1736 1602 2405">
     <span class='ocr_line' id='line_1_61' title="bbox 979 1736 1599 1779; baseline 0.005 -11"><span class='ocrx_word' id='word_1_336' title='bbox 979 1748 1031 1768; x_wconf 91' lang='lat'>10.</span> <span class='ocrx_word' id='word_1_337' title='bbox 1053 1737 1102 1768; x_wconf 82' lang='lat' dir='ltr'>Et</span> <span class='ocrx_word' id='word_1_338' title='bbox 1126 1737 1260 1769; x_wconf 72' lang='lat' dir='ltr'>tumidus</span> <span class='ocrx_word' id='word_1_339' title='bbox 1271 1738 1362 1779; x_wconf 85' lang='lat' dir='ltr'>falsa</span> <span class='ocrx_word' id='word_1_340' title='bbox 1383 1736 1494 1770; x_wconf 87' lang='lat' dir='ltr'>codex</span> <span class='ocrx_word' id='word_1_341' title='bbox 1517 1738 1599 1771; x_wconf 93' lang='lat' dir='ltr'>Pul-</span> 
     </span>
     <span class='ocr_line' id='line_1_62' title="bbox 923 1788 1601 1825; baseline 0.004 -5"><span class='ocrx_word' id='word_1_342' title='bbox 923 1789 1041 1822; x_wconf 85' lang='lat' dir='ltr'>manni</span> <span class='ocrx_word' id='word_1_343' title='bbox 1057 1797 1091 1822; x_wconf 91' lang='lat' dir='ltr'>et</span> <span class='ocrx_word' id='word_1_344' title='bbox 1107 1788 1314 1823; x_wconf 83' lang='lat' dir='ltr'>Beverlandi</span> <span class='ocrx_word' id='word_1_345' title='bbox 1332 1790 1410 1823; x_wconf 89' lang='lat' dir='ltr'>MS.</span> <span class='ocrx_word' id='word_1_346' title='bbox 1431 1812 1484 1817; x_wconf 85' lang='lat'><strong>—</strong></span> <span class='ocrx_word' id='word_1_347' title='bbox 1500 1790 1601 1825; x_wconf 81' lang='lat' dir='ltr'>Galla</span> 
     </span>
     <span class='ocr_line' id='line_1_63' title="bbox 923 1841 1602 1889; baseline 0.006 -16"><span class='ocrx_word' id='word_1_348' title='bbox 923 1841 1119 1875; x_wconf 81' lang='lat' dir='ltr'>credulitate.</span> <span class='ocrx_word' id='word_1_349' title='bbox 1144 1842 1236 1876; x_wconf 85' lang='lat' dir='ltr'>Galli</span> <span class='ocrx_word' id='word_1_350' title='bbox 1257 1842 1353 1875; x_wconf 90' lang='lat' dir='ltr'>enim</span> <span class='ocrx_word' id='word_1_351' title='bbox 1370 1855 1451 1876; x_wconf 83' lang='lat' dir='ltr'>vera</span> <span class='ocrx_word' id='word_1_352' title='bbox 1470 1844 1602 1889; x_wconf 89' lang='lat' dir='ltr'>simpli-</span> 
     </span>
     <span class='ocr_line' id='line_1_64' title="bbox 923 1895 1601 1941; baseline 0.001 -14"><span class='ocrx_word' id='word_1_353' title='bbox 923 1895 1026 1928; x_wconf 84' lang='lat' dir='ltr'>citate</span> <span class='ocrx_word' id='word_1_354' title='bbox 1051 1895 1138 1928; x_wconf 83' lang='lat' dir='ltr'>boni</span> <span class='ocrx_word' id='word_1_355' title='bbox 1158 1903 1261 1936; x_wconf 87' lang='lat' dir='ltr'>sunt,</span> <span class='ocrx_word' id='word_1_356' title='bbox 1289 1904 1392 1941; x_wconf 85' lang='lat' dir='ltr'>atque</span> <span class='ocrx_word' id='word_1_357' title='bbox 1420 1896 1504 1930; x_wconf 90' lang='lat' dir='ltr'>hinc</span> <span class='ocrx_word' id='word_1_358' title='bbox 1524 1908 1601 1930; x_wconf 85' lang='lat' dir='ltr'>crc-</span> 
     </span>
     <span class='ocr_line' id='line_1_65' title="bbox 923 1943 1598 1990; baseline 0.003 -10"><span class='ocrx_word' id='word_1_359' title='bbox 923 1946 1009 1981; x_wconf 91' lang='lat' dir='ltr'>duli.</span> <span class='ocrx_word' id='word_1_360' title='bbox 1040 1947 1191 1990; x_wconf 81' lang='lat' dir='ltr'>Strabo,</span> <span class='ocrx_word' id='word_1_361' title='bbox 1223 1948 1284 1982; x_wconf 86' lang='lat' dir='ltr'>lib.</span> <span class='ocrx_word' id='word_1_362' title='bbox 1316 1949 1369 1981; x_wconf 94' lang='lat' dir='ltr'>IV</span> <span class='ocrx_word' id='word_1_363' title='bbox 1391 1961 1399 1982; x_wconf 88' lang='lat'>:</span> <span class='ocrx_word' id='word_1_364' title='bbox 1424 1943 1533 1988; x_wconf 76' lang='grc' dir='ltr'>Ᾰλ).ως</span> <span class='ocrx_word' id='word_1_365' title='bbox 1560 1947 1598 1982; x_wconf 62' lang='grc' dir='ltr'>δὲ</span> 
     </span>
     <span class='ocr_line' id='line_1_66' title="bbox 923 2001 1599 2048; baseline 0.004 -15"><span class='ocrx_word' id='word_1_366' title='bbox 923 2001 1041 2034; x_wconf 68' lang='grc' dir='ltr'>ἁπλοῦν</span> <span class='ocrx_word' id='word_1_367' title='bbox 1064 2003 1118 2034; x_wconf 75' lang='grc' dir='ltr'>καὶ</span> <span class='ocrx_word' id='word_1_368' title='bbox 1141 2003 1174 2034; x_wconf 79' lang='grc' dir='ltr'>οὐ</span> <span class='ocrx_word' id='word_1_369' title='bbox 1201 2002 1353 2040; x_wconf 41' lang='lat' dir='ltr'>nand-[263</span> <span class='ocrx_word' id='word_1_370' title='bbox 1368 2027 1378 2043; x_wconf 85' lang='lat'>,</span> <span class='ocrx_word' id='word_1_371' title='bbox 1396 2002 1520 2048; x_wconf 86' lang='lat' dir='ltr'>supple</span> <span class='ocrx_word' id='word_1_372' title='bbox 1543 2006 1599 2046; x_wconf 66' lang='grc' dir='ltr'>φῦ·</span> 
     </span>
     <span class='ocr_line' id='line_1_67' title="bbox 920 2054 1598 2099; baseline 0.003 -13"><span class='ocrx_word' id='word_1_373' title='bbox 920 2058 972 2086; x_wconf 71' lang='grc' dir='ltr'>λον</span> <span class='ocrx_word' id='word_1_374' title='bbox 997 2055 1149 2087; x_wconf 66' lang='grc' dir='ltr'><strong>Γαλλικέν</strong></span> <span class='ocrx_word' id='word_1_375' title='bbox 1169 2069 1176 2076; x_wconf 90' lang='grc'><em>·</em></span> <span class='ocrx_word' id='word_1_376' title='bbox 1199 2054 1356 2087; x_wconf 71' lang='lat' dir='ltr'>Cceterum</span> <span class='ocrx_word' id='word_1_377' title='bbox 1375 2055 1504 2089; x_wconf 83' lang='lat' dir='ltr'>Gallica</span> <span class='ocrx_word' id='word_1_378' title='bbox 1520 2068 1598 2099; x_wconf 78' lang='lat' dir='ltr'>gens</span> 
     </span>
     <span class='ocr_line' id='line_1_68' title="bbox 923 2108 1599 2152; baseline 0.003 -14"><span class='ocrx_word' id='word_1_379' title='bbox 923 2109 1047 2151; x_wconf 75' lang='lat' dir='ltr'>ingenio</span> <span class='ocrx_word' id='word_1_380' title='bbox 1062 2108 1215 2152; x_wconf 75' lang='lat' dir='ltr'>simplici,</span> <span class='ocrx_word' id='word_1_381' title='bbox 1239 2120 1275 2139; x_wconf 66' lang='lat' dir='ltr'>ai:</span> <span class='ocrx_word' id='word_1_382' title='bbox 1294 2108 1380 2140; x_wconf 80' lang='lat' dir='ltr'>nulla</span> <span class='ocrx_word' id='word_1_383' title='bbox 1401 2108 1599 2152; x_wconf 67' lang='lat' dir='ltr'>malignitate</span> 
     </span>
     <span class='ocr_line' id='line_1_69' title="bbox 923 2159 1597 2206; baseline 0.004 -15"><span class='ocrx_word' id='word_1_384' title='bbox 923 2160 1077 2199; x_wconf 59' lang='lat' dir='ltr'>devinam</span> <span class='ocrx_word' id='word_1_385' title='bbox 1088 2172 1239 2205; x_wconf 87' lang='lat' dir='ltr'>quorum</span> <span class='ocrx_word' id='word_1_386' title='bbox 1251 2159 1387 2193; x_wconf 83' lang='lat' dir='ltr'>indoles</span> <span class='ocrx_word' id='word_1_387' title='bbox 1399 2169 1597 2206; x_wconf 82' lang='lat' dir='ltr'>temporum</span> 
     </span>
     <span class='ocr_line' id='line_1_70' title="bbox 921 2212 1594 2257; baseline 0.003 -12"><span class='ocrx_word' id='word_1_388' title='bbox 921 2212 1023 2257; x_wconf 82' lang='lat' dir='ltr'>lapsu</span> <span class='ocrx_word' id='word_1_389' title='bbox 1046 2212 1209 2246; x_wconf 85' lang='lat' dir='ltr'>nonnihil</span> <span class='ocrx_word' id='word_1_390' title='bbox 1234 2214 1271 2245; x_wconf 82' lang='lat' dir='ltr'>in</span> <span class='ocrx_word' id='word_1_391' title='bbox 1294 2213 1471 2247; x_wconf 71' lang='lat' dir='ltr'>diversum</span> <span class='ocrx_word' id='word_1_392' title='bbox 1500 2215 1594 2247; x_wconf 80' lang='lat' dir='ltr'>abiit.</span> 
     </span>
     <span class='ocr_line' id='line_1_71' title="bbox 924 2265 1594 2311; baseline 0 -12"><span class='ocrx_word' id='word_1_393' title='bbox 924 2265 1031 2299; x_wconf 85' lang='lat' dir='ltr'>Ovid.</span> <span class='ocrx_word' id='word_1_394' title='bbox 1056 2267 1175 2299; x_wconf 86' lang='lat' dir='ltr'>Amor.</span> <span class='ocrx_word' id='word_1_395' title='bbox 1199 2267 1274 2306; x_wconf 85' lang='lat' dir='ltr'>III,</span> <span class='ocrx_word' id='word_1_396' title='bbox 1293 2267 1379 2311; x_wconf 83' lang='lat' dir='ltr'>eleg.</span> <span class='ocrx_word' id='word_1_397' title='bbox 1406 2268 1448 2301; x_wconf 79' lang='lat'>13</span> <span class='ocrx_word' id='word_1_398' title='bbox 1472 2267 1594 2300; x_wconf 89' lang='lat' dir='ltr'>simili-</span> 
     </span>
     <span class='ocr_line' id='line_1_72' title="bbox 922 2319 1592 2354; baseline 0.001 -3"><span class='ocrx_word' id='word_1_399' title='bbox 922 2319 987 2352; x_wconf 83' lang='lat' dir='ltr'>bus</span> <span class='ocrx_word' id='word_1_400' title='bbox 998 2320 1069 2352; x_wconf 86' lang='lat' dir='ltr'>sere</span> <span class='ocrx_word' id='word_1_401' title='bbox 1081 2331 1155 2352; x_wconf 79' lang='lat' dir='ltr'>voc.</span> <span class='ocrx_word' id='word_1_402' title='bbox 1172 2331 1178 2352; x_wconf 92' lang='lat'>:</span> <span class='ocrx_word' id='word_1_403' title='bbox 1200 2320 1265 2351; x_wconf 85' lang='lat' dir='ltr'>«Et</span> <span class='ocrx_word' id='word_1_404' title='bbox 1281 2319 1381 2353; x_wconf 82' lang='lat' dir='ltr'>liceat</span> <span class='ocrx_word' id='word_1_405' title='bbox 1401 2320 1503 2354; x_wconf 87' lang='lat' dir='ltr'>stulta</span> <span class='ocrx_word' id='word_1_406' title='bbox 1519 2333 1592 2353; x_wconf 74' lang='lat' dir='ltr'>crc-</span> 
     </span>
     <span class='ocr_line' id='line_1_73' title="bbox 923 2370 1296 2405; baseline 0 0"><span class='ocrx_word' id='word_1_407' title='bbox 923 2370 1069 2405; x_wconf 78' lang='lat' dir='ltr'>dulitate</span> <span class='ocrx_word' id='word_1_408' title='bbox 1088 2371 1170 2405; x_wconf 77' lang='lat' dir='ltr'>frui.</span> <span class='ocrx_word' id='word_1_409' title='bbox 1195 2390 1207 2400; x_wconf 64' lang='grc' dir='ltr'>»ι</span> <span class='ocrx_word' id='word_1_410' title='bbox 1231 2372 1296 2405; x_wconf 83' lang='grc' dir='ltr'><strong>Ει).</strong></span> 
     </span>
    </p>
   </div>
  </div>
 </body>
</html>
