1978 3305
393 237 972 283 EPIGRAMMATUM
1010 240 1134 283 LIB.
1157 241 1194 282 V
1212 241 1273 283 ΙΙ.

1446 258 1538 303 ¹99

806 401 872 456 v.

412 568 482 596 AD
518 566 793 597 CAESAREM
829 549 1263 596 DOMITIANUM.*

206 699 251 742 S1
278 697 538 741 desiderium
553 731 565 752 ‚
590 698 760 750 Caesar,
783 694 1018 756 populique
1048 705 1308 756 patrumque

277 769 472 829 Respicis
487 803 498 823 ‚
520 775 565 810 et
589 767 724 811 Latiae
754 765 911 827 gaudia
939 782 1042 810 vera
1070 775 1214 826 togae3

206 837 355 882 Redde
379 839 524 882 Deum
546 838 657 881 votis
678 836 958 898 poscentibus
981 853 990 879 :
1012 836 1178 880 invidet
1199 836 1311 880 hosti

273 910 415 952 Roma
436 925 515 953 suo
531 943 544 964 ,
562 909 707 952 veniat
728 906 875 951 laurea
900 905 1037 950 multa
1059 905 1172 951 licet.

204 979 437 1023 Terrarum
462 979 687 1023 dominum
714 978 892 1039 propius
916 977 1034 1021 videt
1055 976 1150 1032 ille,
1173 987 1333 1038 tuoque

271 1051 480 1093 Terretur
501 1048 626 1093 vultu
647 1048 859 1092 barbarus
874 1083 885 1101 ‚
905 1057 948 1091 et
971 1047 1142 1092 fruitur.

186 1179 200 1192 '
214 1182 281 1215 Hic
295 1182 392 1216 nulla
410 1183 569 1217 lectionis
586 1182 734 1216 varietas
752 1182 806 1215 in-

132 1234 304 1268 venienda
325 1246 375 1269 est
395 1236 432 1269 in
451 1235 706 1281 exemplaribus
724 1235 808 1270 scri-

132 1288 201 1333 ptis
213 1313 223 1328 ‚
243 1297 303 1322 aut
323 1288 509 1334 impressis.

184 1341 357 1387 —Palpat
367 1341 608 1375 Domitianum
619 1363 629 1381 ‚
640 1353 744 1387 quem
757 1341 808 1375 in-

132 1392 291 1427 credibili
310 1393 485 1428 desiderio
510 1394 700 1440 exspectari
721 1393 807 1428 dicit

132 1458 151 1479 a
169 1446 293 1491 patria.
320 1447 354 1480 Si
377 1455 411 1480 te
435 1448 558 1481 caritas
580 1447 708 1480 civium
731 1455 806 1480 tuo·

131 1511 212 1532 rum
238 1508 376 1541 movet3
405 1499 434 1533 si
460 1499 605 1534 Senatus
632 1508 666 1533 et
692 1500 805 1545 plebis

131 1560 213 1585 vota
233 1565 306 1586 non
322 1552 488 1598 negligis3
507 1552 584 1586 redi
606 1553 643 1586 in
660 1553 804 1586 Urbem.

131 1604 296 1639 Horatius
325 1605 369 1639 ad
397 1607 615 1651 Augustum,
651 1605 714 1640 lib.
740 1606 806 1649 IV,

133 1656 202 1690 Od.
225 1657 243 1691 5
263 1669 271 1691 ε
290 1676 304 1688 ι
320 1658 418 1691 Divis
433 1666 510 1692 orte
530 1660 653 1700 bonis,
673 1658 805 1704 optime

132 1711 291 1744 Romulae
318 1712 444 1745 Custos
472 1712 607 1757 gentis,
636 1712 715 1745 abes
735 1713 806 1757 jam

133 1763 282 1796 nimium
312 1763 374 1797 diu
396 1776 404 1797 z
437 1764 617 1798 Maturum
653 1763 805 1798 reditum

132 1816 312 1861 pollicitus
326 1817 472 1851 Patrum
489 1817 615 1851 Sancto
635 1817 786 1851 concilio
798 1844 807 1859 ‚

132 1867 220 1902 redi.
235 1870 366 1904 Lucem
381 1869 490 1904 redde
503 1879 589 1913 tuae,
600 1872 681 1904 Dux
695 1871 804 1909 bone,

133 1922 265 1967 patriae.
280 1940 294 1952 ι

189 1988 221 2010 2.
247 1976 358 2020 Togae.
375 1975 498 2009 Gentis
517 1983 662 2021 togatae,
678 1976 808 2009 Roma-

133 2040 199 2063 nae.
220 2028 319 2073 Virg.
347 2027 485 2061 AEneid.
509 2030 544 2068 I,
579 2031 673 2070 286;
703 2045 717 2058 ι
735 2029 807 2061 Ro-

132 2094 254 2115 manos
264 2093 385 2115 rerum
397 2080 558 2115 dominos
570 2107 580 2123 ,
598 2090 807 2127 gentemque

134 2142 294 2180 togatam.
313 2151 327 2163 ι
341 2157 393 2161 —
412 2134 543 2169 Gaudia
566 2147 644 2167 vera
657 2161 665 2174 ‚
692 2134 807 2179 ipsum

135 2187 375 2221 Domitianum
385 2200 457 2221 esse
470 2187 572 2229 dicit,
584 2200 654 2233 quo
667 2187 807 2221 absente

134 2239 269 2273 nullum
302 2240 470 2285 gaudium
509 2240 662 2287 populus
701 2240 808 2274 sentit

133 2304 206 2326 esse
224 2293 400 2326 sincerum
416 2302 450 2327 et
471 2293 660 2339 integrum.
677 2293 745 2326 Eo.

188 2345 223 2378 3.
252 2346 359 2378 Redde
379 2347 492 2380 Deum.
519 2346 595 2380 Hoc
619 2354 692 2385 est,
718 2345 807 2379 Redi

134 2398 170 2431 in
190 2398 336 2433 Urbem.
348 2418 392 2426 —
408 2399 531 2434 Inm'det
548 2400 641 2432 hosti.
670 2399 807 2444 Nempe

866 1180 963 1228 quod
975 1180 1111 1215 dudum
1125 1181 1254 1215 fruitur
1270 1189 1327 1216 tua
1343 1185 1537 1227 praeseutia.

922 1240 954 1275 4.
982 1235 1102 1267 Veniat
1125 1235 1250 1274 laurea,
1275 1242 1338 1268 etc.
1368 1235 1442 1268 Etsi
1469 1248 1539 1269 ma·

865 1299 969 1333 gnam
978 1288 1126 1321 referres
1137 1287 1318 1320 victoriam
1328 1288 1488 1322 laureatis
1498 1289 1539 1321 li-

864 1341 947 1374 teris
958 1340 1201 1386 siguificatam‚
1216 1349 1281 1374 etc.
1293 1349 1333 1374 ut
1342 1341 1452 1386 epigr.
1467 1353 1536 1386 seq.

864 1393 1018 1427 lauream
1051 1393 1096 1426 de
1125 1393 1289 1427 Sarmatis
1318 1394 1539 1427 Domitianus

864 1445 987 1480 intulit
1009 1446 1087 1479 Jovi
1112 1446 1327 1491 Capitolino.

920 1499 952 1533 5.
979 1500 1145 1532 Terrarum
1164 1499 1345 1531 Dominum.
1369 1500 1422 1532 En
1443 1511 1538 1533 caus-

863 1564 952 1594 sam,
967 1564 1029 1586 cur
1041 1551 1134 1585 hosti
1146 1552 1256 1584 Roma
1269 1551 1439 1592 invideat,
1456 1552 1540 1597 quia

863 1614 1070 1650 praesentem
1082 1603 1178 1638 videt
1184 1605 1377 1638 Dominum
1386 1613 1420 1638 et
1427 1605 1540 1638 Deum

863 1667 1032 1691 nostrum.
1050 1658 1181 1690 —Ille.
1200 1657 1328 1691 Hostis.

918 1714 952 1744 6.
978 1712 1140 1749 Terretur,
1159 1718 1222 1744 etc.
1243 1710 1359 1743 Vultu
1378 1710 1488 1743 hostis
1508 1718 1541 1743 et

863 1762 1015 1797 victoris.
1031 1784 1082 1789 -—-
1092 1763 1235 1796 Fruitur.
1250 1763 1363 1797 Vultu
1382 1763 1540 1808 specioso

865 1824 899 1849 et
912 1826 1058 1861 augusto
1075 1816 1160 1849 Dei:
1175 1816 1305 1849 fruitur
1322 1824 1361 1848 ut
1376 1816 1540 1857 numine;

864 1876 1016 1902 terretur
1036 1881 1056 1902 a
1074 1868 1208 1902 victore
1225 1880 1233 1902 :
1253 1869 1302 1902 sic
1323 1880 1460 1902 causam
1478 1880 1540 1901 vo-

864 1922 1008 1967 luptatis
1025 1922 1129 1955 habet
1146 1933 1184 1954 ac
1202 1920 1336 1954 timoris
1354 1934 1364 1963 ;
1384 1921 1540 1954 numinis

865 1975 959 2008 enim
977 1983 1028 2008 est
1046 1982 1080 2008 et
1098 1974 1262 2007 mortales
1279 1982 1408 2007 terrere
1427 1973 1542 2006 fulmi-

864 2040 932 2069 ne,
954 2036 989 2061 et
1010 2026 1152 2061 eosdem
1174 2039 1330 2060 recreare
1357 2026 1541 2060 clementia

865 2088 970 2126 atque
984 2080 1174 2114 beneficiis.
1189 2078 1274 2112 Vid.
1291 2079 1352 2112 lib.
1365 2080 1409 2119 V,
1429 2078 1539 2123 epigr.

865 2146 931 2174 111,
960 2146 1010 2167 vs.
1035 2133 1069 2168 5.
1093 2132 1197 2166 Ovid.
1215 2132 1343 2177 passim
1372 2131 1409 2164 in
1433 2131 1539 2165 Trist.

865 2195 900 2220 et
919 2185 962 2220 de
981 2187 1106 2220 Ponto.
1130 2184 1298 2220 Martialis
1327 2183 1469 2217 videtur
1495 2183 1540 2216 si-

866 2240 938 2273 mul
968 2238 1110 2273 laudare
1134 2239 1171 2272 in
1202 2237 1404 2271 Domitiano
1426 2235 1540 2281 digni-

866 2300 973 2326 tatem
997 2293 1068 2325 oris
1088 2290 1293 2329 amabilem,
1315 2288 1358 2323 de
1378 2301 1446 2334 qua
1465 2289 1540 2334 ipsc

866 2346 903 2378 in
928 2354 1049 2378 senatu
1073 2345 1156 2378 olim
1183 2343 1350 2389 gloriatus
1375 2349 1448 2375 erat
1469 2343 1538 2375 Im-

867 2406 1017 2443 perator.
1032 2398 1098 2431 En.

1218 2731 1300 2775 ιδ’
