1978 3305
368 256 957 300 EPIGRAMMATUM
997 257 1120 298 LIB.
1146 255 1296 297 VIII.
1444 250 1541 296 325

644 413 1039 469 XXXVIII.

606 570 677 597 AD
727 547 1080 598 ἏῘΕΙΑΟΒΕῙΠῙιι

345 699 441 754 Qui
463 705 639 757 praestat
660 697 820 756 pietate
841 697 1054 756 pertinaci

348 769 537 811 Sensuro
558 767 674 810 bona
694 765 987 819 liberalitatis,

347 839 504 898 Captet
530 837 712 881 forsitan
727 873 738 893 ‚
760 846 834 880 aut
854 837 995 880 vicem
1018 846 1228 896 reposcat.

345 908 403 951 At
424 908 457 951 si
478 909 572 968 quis
593 907 697 951 dare
717 908 883 951 nomini
904 906 1055 951 relicto

345 979 449 1022 Post
468 995 616 1022 manes
637 977 940 1038 tumulumque
962 987 1211 1039 perseverat
1226 1011 1237 1029 ‚

346 1049 517 1106 Quaerit
537 1049 665 1109 quid,
687 1050 767 1092 nisi
789 1049 963 1110 parcius
985 1046 1161 1092 dolere?

348 1119 501 1162 Refert
525 1120 580 1163 sis
600 1119 741 1163 bonus
756 1155 767 1174 ‚
788 1136 844 1163 an
865 1117 972 1163 velis
992 1117 1145 1161 videri.

348 1191 530 1234 Praestas
552 1190 658 1245 hoc,
680 1189 860 1244 Melior,
882 1191 1044 1234 sciente
1066 1188 1179 1232 fama
1197 1205 1205 1231 ;

347 1260 435 1316 Qui
457 1259 706 1304 solennibus
727 1261 879 1304 anxius
901 1259 1057 1321 sepulti

350 1329 522 1374 Nomen
542 1347 630 1374 non
652 1331 753 1374 sinis
777 1331 954 1374 interire
975 1330 1120 1382 Blaesi;

347 1402 404 1444 Et
424 1400 478 1444 de
498 1400 704 1446 munifica
723 1400 929 1462 profusus
950 1416 1052 1444 arca

350 1469 417 1514 Ad
439 1470 684 1515 natalitium
705 1471 821 1516 diem
843 1470 1075 1516 colendum

347 1541 596 1586 Scribarum
617 1543 801 1586 memori
823 1543 990 1603 piaeque
1011 1542 1150 1585 turbae

192 1678 206 1690 '
216 1681 376 1716 Celebrat
386 1681 552 1727 pietatem
561 1681 719 1715 Melioris
732 1695 812 1728 erga

139 1734 288 1767 Blaesum
315 1735 490 1776 scribam,
526 1736 624 1780 cujus
655 1734 814 1769 defuncti

139 1788 288 1820 natalem
319 1788 506 1832 quotannis
533 1788 742 1827 revocabat,
779 1796 814 1821 et

140 1841 265 1874 festum
283 1841 492 1874 Blaesianum
512 1841 721 1886 appellabat.

197 1906 229 1927 1.
249 1894 340 1938 Quid
351 1902 485 1938 praestat
503 1893 712 1927 Bever'landi
737 1894 813 1927 MS.

195 1947 228 1980 3.
265 1947 381 1992 Captet
393 1948 546 1989 forsitan.
567 1947 694 1980 Melior
727 1946 815 1980 duos

142 2012 268 2044 pueros
295 2000 439 2041 habuit,
461 2000 643 2033 Glauciam
672 2009 706 2034 et
727 2000 815 2034 Blae-

141 2066 217 2086 sum
229 2077 239 2093 ,
255 2061 288 2086 et
309 2061 499 2099 utrumque
518 2062 697 2086 mortuum
713 2053 812 2086 luxit.

141 2106 220 2140 Lib.
235 2106 305 2147 VI,
323 2106 433 2152 epigr.
456 2119 571 2139 xxvnl
596 2115 631 2140 et
650 2119 744 2140 xxn‘.
770 2109 815 2139 At

141 2171 249 2198 vero,
277 2159 393 2205 inquit
420 2160 548 2200 Poeta,
579 2160 639 2205 qui
669 2172 813 2193 munera

143 2211 278 2244 confert
294 2212 330 2244 in
352 2212 446 2245 vivos
458 2239 467 2253 ‚
490 2220 548 2245 aut
564 2214 606 2245 ab
625 2213 667 2246 iis
683 2214 814 2257 majora

142 2272 278 2308 sperat,
296 2273 355 2298 aut
377 2266 466 2298 forte
490 2277 611 2298 eorum
632 2265 817 2299 haeredita-

143 2324 212 2350 tem
231 2325 355 2362 captat.

197 2375 231 2410 4.
249 2371 321 2403 Aut
332 2372 359 2402 si
373 2373 441 2416 quis
456 2369 663 2404 Beverlandi
676 2371 752 2404 MS.
766 2393 814 2397 —

144 2422 276 2455 Nomim'
303 2423 421 2456 relicto.
455 2423 532 2457 Hoc
565 2432 614 2456 est
629 2448 638 2462 ‚
674 2432 816 2456 mortuo

145 2475 255 2508 amico
278 2475 306 2508 si
328 2475 406 2520 quis
428 2475 541 2509 officia
564 2476 704 2521 pietatis
728 2488 817 2521 prae-

145 2537 229 2568 stat,
247 2528 334 2562 nihil
355 2527 447 2562 aliud
468 2529 534 2562 nisi
553 2527 750 2568 suodolori
768 2529 817 2562 le-

146 2580 265 2614 nimen
278 2581 510 2627 quaerit.Vide
522 2582 612 2615 Plin.
633 2582 704 2624 jun.
717 2581 779 2614 lib.
790 2582 819 2623 I,

147 2634 246 2680 epist.
272 2647 329 2678 17,
348 2633 392 2668 de
413 2634 467 2667 his
488 2636 546 2680 qui
569 2634 818 2668 defunctorum

150 2687 341 2721 amicorum
364 2688 568 2722 memoriam
591 2688 720 2721 colunt.

928 1683 960 1715 5.
970 1682 1149 1714 Perseveret
1162 1683 1311 1715 tumulum
1323 1683 1359 1714 in
1373 1680 1454 1715 edd.
1468 1690 1549 1715 vett.

929 1748 961 1780 7.
986 1735 1100 1778 ‚Refert
1125 1738 1168 1768 sis
1197 1734 1304 1767 bonus.
1335 1735 1401 1768 Hic
1431 1748 1553 1769 versus

873 1787 1043 1833 legendus
1054 1789 1181 1833 absque
1196 1788 1481 1834 interrogationis
1493 1802 1556 1822 no-

874 1849 920 1874 ta.
938 1842 1048 1883 Refhrt
1063 1849 1196 1882 autem,
1214 1839 1251 1873 id
1270 1850 1342 1883 est,
1360 1841 1553 1887 plurimum

874 1894 1032 1927 interest.
1048 1893 1177 1928 Sensus
1192 1906 1274 1939 ergo
1288 1903 1338 1928 est
1353 1906 1361 1927 ε
1377 1894 1447 1936 Qui
1464 1907 1558 1928 mor-

875 1955 977 1980 tuum
986 1947 1167 1981 beneficiis
1180 1947 1420 1993 prosequitur,
1434 1960 1555 1981 revera

875 2000 1056 2034 beneficus
1076 2009 1127 2033 est
1149 2012 1157 2034 z
1177 2000 1238 2045 qui
1261 2000 1379 2033 vivum
1392 2027 1400 2041 ,
1420 2000 1555 2033 benefi-

876 2065 936 2087 cus
954 2054 1097 2086 fortasse
1116 2052 1226 2086 videri
1244 2053 1329 2086 vult.
1347 2054 1462 2099 Atque
1482 2066 1554 2086 ma-

875 2119 983 2151 gnum
1009 2115 1059 2139 est
1086 2105 1273 2139 discrimen
1297 2106 1387 2139 inter
1407 2108 1442 2139 τὸ
1466 2106 1498 2139 ἓν
1522 2114 1557 2139 et

877 2161 912 2193 τὸ
927 2161 1128 2204 φαινόμεντν.
1148 2158 1237 2193 Cato
1256 2159 1348 2192 enim
1367 2172 1443 2199 esse,
1463 2172 1556 2206 quam

876 2213 980 2245 ‘videri
995 2213 1092 2245 bonus
1103 2212 1299 2246 malebatAEt
1313 2212 1360 2244 sic
1373 2212 1556 2258 AEschylus

878 2265 922 2299 de
944 2266 1168 2311 Amphiarao,
1192 2265 1284 2310 Sept.
1310 2264 1353 2297 ad
1373 2265 1486 2298 Theb.
1504 2278 1554 2298 vs.

881 2319 953 2360 544
970 2330 978 2353 :
995 2321 1041 2352 Οὐ
1073 2319 1134 2363 γὰρ
1166 2315 1273 2350 δοκεῖν
1304 2318 1456 2362 ἄριστος,
1488 2320 1556 2351 ἀλλ’

878 2368 955 2404 εἶναι
974 2373 1065 2404 θέλει.

932 2425 965 2458 8.
985 2425 1127 2457 Praestas
1146 2423 1213 2456 hoc.
1236 2422 1276 2456 Id
1300 2432 1368 2463 est,
1391 2432 1425 2457 te
1445 2424 1556 2469 probe

877 2477 966 2522 geris
979 2503 988 2517 ‚
1005 2489 1078 2510 non
1100 2484 1138 2509 ut
1154 2477 1290 2521 probus
1308 2475 1457 2510 videaris
1469 2503 1478 2518 ‚
1495 2476 1556 2510 sed

879 2530 959 2575 quia
980 2529 1028 2562 sic
1051 2528 1249 2563 faciendum
1271 2529 1455 2563 existimas.

935 2594 968 2625 9.
991 2583 1056 2627 Qui
1074 2582 1268 2621 solennibus,
1288 2590 1352 2616 etc.
1369 2582 1441 2624 Qui
1458 2590 1555 2616 nata-

880 2635 997 2668 litium
1022 2634 1115 2668 diem
1138 2635 1237 2669 Blaesi
1259 2636 1424 2669 celebras.

939 2701 950 2721 1
963 2689 995 2722 3.
1030 2689 1209 2722 Scribarum
1237 2692 1371 2721 memori.
1402 2689 1492 2731 Quia
1525 2697 1557 2721 et

1256 2752 1345 2805 213
