1978 3305
414 220 996 266 EPIGRAMMATUM
1033 224 1159 266 LIB.
1200 224 1254 266 X.

1437 223 1534 286 473

198 308 254 351 At
278 307 439 351 chartis
465 323 545 351 nec
573 308 690 351 furta
713 319 897 366 nocent,
921 326 1002 355 nec
1028 309 1184 355 saecula
1209 321 1415 372 prosunt3

269 375 455 438 Solaque
481 394 569 421 non
592 388 755 422 norunt
775 379 867 424 haec
894 391 1179 425 monumenta
1203 383 1326 425 mori.

128 500 193 532 hus
210 506 314 544 atque
333 498 470 544 aurigis.
490 499 619 533 Juven.
638 499 801 533 Sat.v111.

131 566 144 578 «
157 551 202 584 Et
217 550 343 585 Curios
358 553 429 597 jam
446 550 612 592 dimidios
631 569 662 592 n,
679 560 745 586 etc.

188 616 202 637 1
214 615 244 636 1.
259 604 327 637 Nec
344 604 458 637 soeculu
476 613 619 649 prosunt.
639 605 697 638 Sic
724 604 803 639 cod.

130 656 245 690 Pulm.
257 658 308 690 Ac
318 669 342 690 s.
350 670 437 702 pros.
452 657 592 690 Thuan.
613 656 692 690 cod.
707 657 758 690 Ac
776 670 803 690 s.

127 721 213 753 pros.
228 707 338 742 edidit
351 709 481 742 Barbou
492 722 504 748 ;
514 709 626 743 Maitt.
639 717 670 742 et
684 723 710 743 s.
717 722 803 754 pros.

131 762 306 795 Hactenus
325 773 407 807 ergo
434 774 554 795 omnes
571 770 716 806 prosunt.
738 761 805 795 Sed

131 814 200 847 Nec
214 827 240 847 s.
251 827 345 858 praes.
360 814 445 847 dant
459 813 540 848 edd.
559 814 806 860 antiquissimae

131 878 211 899 cum
230 866 257 898 F
259 867 378 900 arnab.
401 867 541 899 Prosunt
551 867 704 900 breviter
719 867 805 901 scri-

132 927 232 965 ptum
247 927 297 952 est
312 918 348 951 in
367 931 476 964 marg.
491 920 592 952 Junt.
609 932 716 965 penes
728 932 805 953 nos.

131 973 178 1005 Et
216 971 264 1004 sic
294 969 339 1004 de
377 973 574 1017 conjectura
607 973 807 1006 restituerat

133 1024 343 1058 Passeratius
361 1023 405 1057 ad
418 1024 662 1070 Propertium,
681 1026 750 1067 HI,
773 1038 804 1058 2.

134 1075 288 1111 Raderus
306 1077 447 1121 praefert
461 1086 615 1123 proesunt.
630 1078 736 1111 Forte
756 1078 806 1111 le·

133 1128 235 1173 gend.
251 1142 305 1161 nec
318 1131 413 1172 sactu
430 1143 462 1162 n.
486 1143 541 1163 nec
561 1143 588 1163 s,
607 1131 719 1163 desunt
740 1131 806 1163 ob-

134 1190 248 1215 servat
284 1182 504 1217 Burmannus
544 1182 722 1217 Secundus
761 1183 806 1217 ad

136 1234 293 1279 Propert.
315 1235 388 1276 ΙΙΙ,
413 1247 444 1277 1,
469 1235 529 1268 63.

922 516 975 536 12.
997 503 1202 536 illonumenta
1225 506 1314 536 mori.
1347 521 1360 533 u
1377 504 1541 537 Carmina

864 566 968 599 quam
983 554 1116 589 donant
1126 581 1136 595 ‚
1155 556 1244 589 fama
1258 556 1423 602 perennis
1436 556 1514 589 erit.
1524 573 1536 585 n

864 608 898 639 οὐ
923 607 984 652 γὰρ
1015 605 1127 647 ἀοιδὰς
1157 603 1334 653 Auel-savem
1362 610 1438 642 αἰὼν
1461 606 1541 648 (κῆν

864 654 975 703 ἐθέλῃ)
987 657 1140 693 δύναται.
1151 662 1231 694 Lib.
1244 662 1298 694 III
1309 687 1317 702 ,
1328 662 1543 707 Epigramm.

865 711 978 746 Graec.
1014 725 1090 758 cap.
1124 718 1181 753 14.
1211 735 1262 740 -—
1296 714 1383 755 Quae
1412 714 1544 748 Gallice

864 764 1018 799 imitatus
1046 773 1095 799 est
1123 766 1264 805 Lebrun,
1295 766 1358 799 lib.
1376 767 1429 800 VI
1446 793 1454 807 ,
1484 765 1542 800 od.

864 829 956 851 XXIII
979 831 986 850 2

906 894 911 898 .
925 894 929 898 .
943 875 1095 908 .L'ouvr2ge
1110 876 1140 899 de
1155 874 1179 898 la
1200 876 1295 908 pense'e

901 929 947 952 Est
966 927 1095 951 immone}
1115 936 1213 952 comme
1226 926 1263 951 les
1276 927 1361 950 dieux.

901 979 938 1003 Le
955 985 1039 1012 temps
1058 988 1070 1002 a
1087 978 1179 1003 sousfld
1195 988 1239 1003 sur
1257 978 1281 1003 la
1300 978 1392 1003 rendre

901 1032 950 1056 Des
967 1040 1036 1054 murs
1053 1031 1145 1063 qu'aux
1160 1031 1228 1054 rives
1248 1031 1282 1054 du
1299 1030 1452 1056 Scamandre

903 1082 1039 1108 cherchait
1058 1081 1127 1106 l'ami
1143 1074 1322 1115 d'fjphestiom

903 1133 971 1158 Mais
981 1134 1067 1167 quand
1078 1139 1135 1158 tout
1145 1140 1228 1158 meni-t
1237 1152 1243 1162 ,
1254 1133 1370 1167 peuples,
1379 1141 1547 1166 monmqucs,

908 1185 1020 1210 Hor-nere
1036 1185 1166 1219 triomphe
1181 1186 1226 1209 des
1238 1185 1353 1219 Parques
1363 1204 1370 1214 ,

910 1239 960 1267 Qui
978 1237 1167 1271 triomplffirent
1180 1236 1283 1261 d'llion.
1471 1237 1519 1260 Eu.

787 1369 904 1424 III.

647 1526 713 1554 AD
751 1503 1039 1553 muscum?

279 1636 682 1679 VERNACULORUM
707 1633 845 1688 dicta,
870 1631 1094 1677 sordidum
1121 1631 1294 1676 dentem
1312 1667 1322 1685 ,

279 1706 334 1748 Et
362 1703 476 1748 foeda
506 1704 664 1764 linguae
689 1703 849 1763 probra
873 1701 1177 1754 circulatricis,

277 1774 388 1831 Quae
412 1773 624 1818 sulfurato
650 1772 759 1818 nolit
783 1782 929 1834 empta
956 1782 1157 1816 ramento

191 1897 206 1909 '
216 1901 259 1933 In
276 1900 528 1933 clancularium
546 1908 687 1946 poetam
702 1908 737 1933 et
751 1900 814 1933 im-

139 1961 318 1997 postorem
332 1979 341 1994 ‚
354 1953 415 1998 qui
432 1953 566 1987 famosa
580 1953 734 1986 carmina
748 1965 814 1986 no-

140 2005 234 2038 mine
246 2005 416 2039 Martialis
431 2006 614 2051 spargebat
625 2031 634 2047 ,
652 2014 692 2040 ut
702 2013 814 2051 poetae

139 2057 337 2103 periculum
364 2067 496 2092 crearet
510 2084 520 2100 ,
552 2071 658 2104 quem
695 2059 814 2092 multis

140 2109 431 2145 modismendacii
441 2120 474 2145 et
480 2112 682 2157 imposturae
690 2111 815 2156 arguit.

193 2176 218 2197 1.
229 2164 477 2197 Vernaculorum
490 2164 588 2205 dicta,
606 2173 670 2198 etc.
689 2179 701 2191 τι
715 2164 818 2198 Scur-

142 2216 218 2249 rilia
232 2215 390 2259 djcteria‚
401 2218 519 2263 qualia
533 2226 614 2251 sunt
626 2229 815 2250 vernarum

142 2268 204 2302 lib.
222 2269 238 2301 Ι
250 2295 259 2308 ,
276 2269 385 2314 epigr.
403 2282 482 2304 x1.11
494 2296 502 2311 ,
516 2283 565 2304 vs.
587 2282 616 2303 1.
632 2271 816 2304 Vernacu-

141 2321 192 2354 los
211 2332 295 2366 ergo
318 2322 376 2355 hic
390 2331 492 2356 vocat
510 2323 721 2367 εὐτραπέλους
737 2345 747 2361 ,
763 2322 817 2356 di-

140 2385 236 2407 caces
251 2382 285 2406 et
294 2375 454 2408 scurriles
472 2388 598 2420 nempe
609 2375 770 2408 homines
783 2384 817 2409 et

141 2425 303 2460 inimicos
324 2438 332 2459 :
356 2426 439 2461 hinc
460 2429 631 2460 vernacula
652 2427 817 2461 urbanitas

140 2479 251 2512 Tacit.
277 2479 337 2512 lib.
361 2480 432 2513 ΙΙ.»
458 2480 594 2514 Salmas.
618 2481 814 2525 Congrega-

140 2532 267 2565 bantur
288 2532 392 2565 certis
408 2533 495 2566 locis
513 2534 550 2567 hi
569 2533 765 2574 vernaculi,
782 2542 815 2567 et

140 2597 266 2617 §currat
305 2586 495 2631 conscripti
516 2614 524 2627 ‚
567 2595 669 2632 atque
717 2587 814 2632 quasi

140 2649 277 2682 gregem
292 2638 502 2672 efficiebant.

931 1912 962 1932 2.
989 1899 1125 1943 Linguae
1153 1899 1371 1931 circulatricis.
1395 1898 1551 1931 Circula-

875 1960 930 1985 tor
947 1959 998 1985 est
1013 1951 1316 1985 circumforaneus
1336 1951 1464 1994 homo,
1479 1951 1553 1983 vul-

873 2004 981 2050 garis,
1002 2016 1128 2049 vagus,
1147 2003 1335 2046 sordidus;
1356 2016 1460 2049 quem
1483 2005 1550 2048 jam

876 2057 982 2092 citato
1012 2058 1122 2102 epigr.
1149 2057 1457 2091 Transtiberinum
1479 2068 1551 2088 am-

875 2110 1074 2144 bulatorem
1097 2110 1245 2144 vocavit.

932 2164 964 2197 3.
980 2163 1058 2196 Noli
1070 2170 1199 2195 temtare
1211 2171 1312 2195 mento
1322 2160 1399 2195 cod.
1415 2161 1550 2194 Beverl.

875 2216 1023 2260 —Quoe
1048 2216 1216 2258 sulfurato.
1235 2213 1329 2248 Vide
1357 2214 1467 2260 epigr.
1503 2214 1553 2247 ci-

876 2277 999 2302 tatum.
1024 2268 1151 2301 Sensus
1175 2277 1225 2301 est
1249 2279 1257 2300 ε
1281 2267 1343 2299 Illa
1374 2266 1468 2299 dicta
1500 2279 1555 2299 ra-

877 2321 1004 2355 mentis
1015 2321 1192 2354 sulfuratis
1201 2346 1210 2361 ‚
1220 2320 1355 2353 Gallice
1364 2320 1552 2358 allumettes,

876 2374 965 2407 nolit
978 2386 1094 2407 emere
1110 2373 1308 2418 negotiator
1325 2385 1487 2405 vasorum
1503 2372 1555 2405 vi-

877 2435 1032 2460 treorum
1054 2426 1262 2465 fractorum,
1285 2437 1362 2471 quae
1389 2425 1438 2458 sic
1464 2423 1556 2458 dicta

876 2489 956 2513 sunt
986 2492 1002 2512 a
1027 2479 1171 2512 Vatinio
1197 2479 1445 2511 Beneventano
1474 2477 1557 2510 arti—

877 2532 960 2572 fice,
981 2532 1042 2564 lib.
1066 2531 1166 2572 XIV,
1195 2531 1305 2577 epigr.
1325 2543 1419 2564 xcx-1.
1437 2530 1555 2563 ..Vilia

877 2584 1004 2618 sutoris
1027 2584 1168 2618 calicem
1192 2592 1419 2617 monumenta
1437 2583 1554 2615 Vatini

877 2638 1005 2682 Accipe
1033 2655 1044 2666 n
1063 2663 1070 2670 .
1091 2646 1156 2671 etc.
1176 2634 1239 2673 (Et
1264 2636 1306 2670 ad
1330 2636 1364 2670 id
1389 2636 1469 2670 facit
1491 2636 1554 2668 Ju-
