1978 3305
372 252 959 296 EPIGRAMMATUM
997 254 1122 296 LIB.
1165 254 1249 294 IX.

1413 256 1511 311 449

672 397 943 460 LXXIX.

562 559 630 586 AD
669 539 1064 588 ΡιεΕΙη-ΤΙΝΠΜ.”ι

178 678 372 722 Fam-:ni
397 687 498 737 post
520 687 684 738 septem
715 679 863 738 nupsit
886 677 963 721 tibi
984 676 1111 722 Galla
1131 680 1349 733 virorum,

248 748 470 790 Picentine
494 764 502 789 :
528 748 649 807 sequi
669 746 764 790 vult
778 783 789 803 ,
810 757 918 808 puto
934 783 945 804 ,
967 746 1094 792 Galla
1116 749 1244 793 viros.

162 869 178 883 *
189 873 230 904 In
242 872 309 904 hoc
319 873 422 905 etiam
430 872 678 918 epigrammate
687 874 785 906 nulla

110 933 161 958 est
175 924 322 958 varietas
337 924 520 958 librorum.

161 997 213 1003 —-
240 978 367 1011 Sensus
395 985 445 1011 est
473 989 481 1010 :
509 978 607 1011 Galla
630 978 787 1013 venefica

109 1038 189 1075 post
206 1030 336 1064 occisos
354 1037 488 1076 septem
512 1031 618 1066 viros,
641 1031 707 1064 tibi
727 1031 786 1064 Pi·-

110 1083 250 1116 centino
257 1083 414 1116 venefico
423 1091 456 1116 et
464 1082 647 1128 parricidae
655 1084 785 1129 nupsit.

110 1135 203 1180 Ergo
214 1133 353 1168 videtur
362 1134 558 1170 decrevisse
567 1136 673 1174 mori,
689 1136 787 1182 quod

845 874 908 907 tibi
929 874 1088 919 nupserit
1111 886 1119 907 :
1139 874 1199 920 qui
1215 875 1362 920 perinde
1387 877 1479 910 tollis
1501 891 1519 911 e

844 925 963 959 medio
981 939 1107 960 uxores
1118 953 1128 968 ,
1143 936 1182 960 ut
1197 927 1296 961 Galla
1313 929 1418 962 viros.
1434 930 1518 963 Rad.

901 992 934 1013 2.
955 978 1051 1025 Sequi
1064 980 1156 1020 vult,
1177 988 1241 1013 etc.
1263 982 1292 1013 A
1313 989 1347 1014 te
1364 983 1521 1016 venefico

845 1032 1208 1066 exstincta.—Immo
1222 1034 1350 1067 certius
1371 1042 1405 1067 et
1426 1035 1522 1068 calli-

845 1083 1025 1119 dius.Vid.
1044 1085 1124 1119 libr.
1139 1086 1249 1125 VIII,
1274 1087 1383 1132 epigr.
1405 1100 1499 1120 xmn
1512 1114 1522 1127 ‚

846 1145 879 1169 et
894 1145 1013 1171 notata
1034 1137 1140 1171 modo
1163 1137 1206 1172 ad
1228 1139 1380 1173 titulum.
1397 1140 1463 1173 En.

682 1269 943 1325 LXXX.

563 1419 629 1446 AD
667 1398 1077 1447 DOMITIANUM.'‘

185 1532 381 1575 ODERAT
403 1540 502 1573 ante
525 1530 686 1574 ducum
712 1529 898 1573 famulos
926 1530 1187 1591 turbamque
1210 1533 1400 1592 priorem
1416 1569 1426 1589 ,

254 1602 310 1644 Et
339 1600 598 1644 Pallatinum
623 1594 765 1643 Roma
789 1599 1090 1661 supercilium3

183 1674 241 1714 At
265 1687 382 1714 nunc
403 1680 548 1714 tantus
573 1687 698 1714 amor
719 1672 910 1724 cunctis,
932 1672 1150 1731 Auguste,
1175 1681 1350 1715 tuorum
1370 1707 1380 1726 ,

255 1742 318 1784 Ut
344 1743 398 1784 sit
422 1742 578 1801 cuique
606 1757 692 1784 suae
716 1757 822 1784 cura
847 1740 1036 1784 secunda
1065 1740 1231 1785 domus.

183 1813 290 1855 Tam
314 1811 493 1873 piacidae
522 1820 712 1865 mentes,
740 1820 860 1854 tanta
891 1820 956 1854 est
982 1813 1225 1855 reverentia
1250 1815 1408 1869 vestri,

169 1926 183 1939 *
197 1926 382 1961 Blanditur
396 1926 522 1961 Caesari
533 1934 567 1959 et
577 1925 790 1960 Caesarianis.

118 1981 277 2014 Priorum
297 1981 553 2026 Imperatorum
572 1979 700 2011 familia
723 1986 791 2012 tam

117 2046 278 2079 arrogans
297 2041 332 2066 et
347 2033 494 2078 superba
510 2032 594 2073 fuit,
613 2039 650 2064 ut
667 2032 792 2064 intole-

119 2085 224 2119 randa
245 2084 424 2119 videretur
444 2085 579 2118 civibus
602 2097 610 2117 :
638 2092 696 2117 tua
721 2092 792 2117 tam

119 2147 170 2172 est
181 2139 289 2172 comis
301 2147 335 2172 et
347 2139 499 2171 humana
510 2163 519 2177 ‚
535 2146 574 2170 ut
587 2137 666 2182 plus
679 2137 787 2175 illam,

120 2203 224 2236 quam
243 2203 280 2225 se
297 2192 388 2236 ipsos
403 2190 549 2235 diligant
565 2190 667 2223 cives.

177 2256 205 2276 1.
227 2244 422 2288 Turbamque
435 2246 582 2288 priorem.
603 2243 655 2276 Ita
675 2243 796 2287 legunt

122 2297 197 2337 alii,
215 2297 289 2329 scil.
301 2299 454 2340 priori-nu
465 2296 797 2341 recte‚inquitGru-

124 2360 216 2382 terus
231 2361 239 2381 ἰ
257 2361 336 2382 nam
356 2349 447 2381 turha
461 2351 551 2392 prior
564 2357 644 2381 suut
659 2349 774 2381 liberti
784 2373 793 2383 .

123 2403 182 2447 qui
197 2414 267 2447 prae
279 2401 386 2434 servis
394 2400 601 2434 odiosissimi
611 2426 620 2440 ‚
633 2410 797 2445 tanquam

124 2455 184 2500 qui
202 2463 445 2500 procuratores
468 2453 749 2498 provinciarum,
767 2461 800 2485 et

124 2517 301 2541 exactores
317 2507 529 2539 tributorum
542 2531 550 2545 ‚
562 2506 779 2550 vectigalium
792 2531 801 2547 ,

126 2569 193 2593 etc.
214 2561 352 2605 Legunt
369 2559 425 2593 alii
445 2557 625 2601 turbamque
640 2561 779 2603 priorum
791 2584 798 2593 .

127 2614 382 2658 Imperatorum
407 2624 532 2656 ncmpt¹
548 2637 555 2647 ,
577 2620 633 2643 aut
663 2611 802 2644 Aulioo-

128 2678 206 2698 rum
242 2666 300 2711 qui
333 2665 584 2699 comitarentur
612 2665 803 2709 Imperato-

203 2739 265 2780 ΙΙ.

852 1937 939 1958 rem.
949 1925 1354 1973 Eligatlector.—Apud
1363 1929 1532 1974 quosdam

853 1981 997 2010 minorem
1016 1993 1027 2017 ,·
1061 1991 1126 2012 nec
1157 1978 1330 2025 displicet.
1353 1981 1410 2015 Sic
1437 1983 1529 2016 enim

851 2031 977 2076 pungit
989 2031 1116 2064 Noster
1131 2032 1323 2066 aulicorum
1335 2034 1531 2068 multitudi-

851 2096 949 2125 nem,
975 2084 1034 2129 qui
1046 2110 1055 2124 ‚
1073 2084 1225 2130 principi
1242 2085 1438 2120 humillime
1460 2100 1531 2121 ser-

856 2137 989 2170 vientes
1000 2163 1008 2177 ‚
1019 2137 1161 2170 servitio
1173 2150 1293 2171 rursus
1303 2148 1444 2173 cunctos
1456 2153 1532 2185 pre-

857 2203 888 2221 m
896 2198 958 2222 unt
969 2215 978 2229 ‚
999 2189 1091 2223 unde
1106 2202 1164 2223 eos
1181 2189 1344 2224 dominos
1359 2193 1530 2234 minores,

855 2241 1079 2275 secundarios
1110 2251 1276 2286 tyrannos
1311 2239 1324 2285 (
1354 2252 1461 2290 {trans
1494 2259 1531 2278 en

855 2293 1047 2327 sous-ordre*
1064 2296 1140 2339 jure
1159 2304 1219 2328 tuo
1237 2298 1423 2330 vocaveris.
1435 2299 1502 2331 En.

913 2360 943 2379 2.
962 2348 1157 2380 Pallatinum
1173 2349 1381 2391 supercilium.
1401 2349 1443 2383 Id
1457 2360 1508 2384 est
1523 2378 1533 2394 ,

858 2401 1014 2445 ipsorum
1040 2401 1317 2445 Imperatorum,
1338 2403 1394 2435 vel
1415 2404 1534 2437 aulicae

860 2452 970 2486 turbae
981 2453 1150 2497 superbos
1160 2453 1266 2486 fastus
1278 2453 1535 2501 intellige.Vid.

861 2514 933 2537 not.
954 2503 997 2537 ad
1022 2517 1054 2536 v.
1073 2518 1083 2538 ι
1096 2531 1102 2537 .

916 2557 950 2590 3.
972 2558 1004 2590 T
1003 2570 1109 2590 uorum
1126 2566 1172 2590 est
1185 2558 1389 2593 Beverlandi
1408 2560 1482 2594 MS.

920 2612 951 2643 5.
972 2611 1104 2644 fllentes.
1118 2612 1185 2644 Dat
1195 2614 1303 2644 mentis
1313 2612 1527 2647 Pulmannus

866 2663 947 2696 Mox
969 2666 1069 2695 nostri
1084 2662 1192 2703 idem;
1215 2665 1330 2698 minus
1348 2666 1471 2710 placet.

1233 2753 1295 2795 29
