1978 3305
382 245 969 288 EPIGRAMMATUM
1006 245 1132 287 LIB.
1160 245 1249 286 Vl.

1424 243 1514 288 123

251 333 352 388 Qua
382 331 534 376 melior
557 333 723 393 Stygias
750 349 839 376 non
862 331 980 375 videt
1006 331 1159 374 umbra
1186 330 1353 374 domos.

181 401 265 445 Sed
289 401 437 462 lugere
465 402 607 458 nefas3
629 419 731 446 nam
755 403 828 462 qui
849 411 916 458 te,
938 401 1082 445 Prisce
1096 436 1106 455 ‚
1134 400 1328 461 reliquit,

247 472 391 529 Vivit,
412 489 497 533 qua
520 471 656 516 voluit
679 474 825 516 vivere
847 481 970 533 parte
993 471 1141 532 magis.

108 597 144 630 in
157 598 256 642 gloss.
268 597 416 638 Sanctus,
430 599 523 637 ὅσιος,
538 599 777 644 ἅγιος.Ηει·ιιΙᾶ.

107 671 159 676 --
185 651 290 683 Terris
315 653 478 697 requiescit
504 652 614 684 Iberis.
644 652 685 683 Iu
715 651 778 683 Hi-

108 703 240 748 spania.

163 768 196 788 2.
221 756 294 800 Qua
321 756 440 795 melior,
465 764 528 789 etc.
555 756 632 797 Qua
655 756 779 788 umbra

108 820 179 841 non
199 817 248 841 est
269 808 332 841 alia
350 807 442 853 apud
460 809 593 842 inferos
613 808 776 841 sanctior.

161 860 194 893 3.
209 860 277 893 Sed
287 861 410 905 lugere,
424 870 488 894 etc.
505 861 625 894 Horat.
641 859 698 894 od.
715 874 760 894 20
771 888 779 902 ‚

109 926 125 944 2
140 924 169 953 1,
183 913 244 946 lib.
256 913 303 955 II,
317 913 643 957 Absintinanifimere
652 916 777 954 retenire,

105 974 168 998 etc.
206 966 286 1011 quia
315 967 447 1000 “multa
477 979 556 1012 pars
585 966 654 1000 mei
678 966 778 1000 Vita-

104 1018 156 1050 hit
182 1018 394 1060 Libitinam3
417 1020 536 1065 Usque
555 1032 618 1065 ego
643 1028 780 1065 postera

105 1070 266 1104 Crescam
290 1071 392 1105 laude
415 1085 561 1106 recens»
575 1099 585 1113 ‚
606 1081 643 1105 ut
667 1073 780 1118 inquit

839 597 932 630 idem
955 596 1012 630 od.
1038 598 1083 630 30
1097 623 1105 638 ‚
1122 597 1184 631 lib.
1199 597 1267 630 III.
1280 597 1406 642 Magna
1429 596 1504 642 qui-

839 649 920 683 dem
931 652 1004 695 ejus
1017 663 1097 695 pars
1113 659 1164 683 est
1179 658 1363 695 superstes,
1380 649 1434 682 cui
1454 662 1508 682 su-

838 711 951 748 perest
962 702 1071 747 gloria
1082 715 1126 735 ex
1135 703 1236 736 claris
1249 703 1346 735 factis
1355 728 1364 742 ‚
1376 711 1408 736 et
1421 702 1510 735 ratio

838 768 878 788 ex
889 755 976 788 bene
986 755 1118 788 meritis
1129 780 1138 795 ‚
1154 755 1305 788 nominis
1315 755 1509 788 celebritas.

840 807 908 841 Sed
931 808 994 840 alia
1014 808 1070 841 hic
1093 819 1190 840 mens
1213 807 1327 840 Poetae
1344 807 1456 840 nostri
1482 817 1516 841 et

840 861 1068 906 Pythagorica
1079 886 1088 901 ‚
1101 860 1193 903 φίλων
1209 860 1351 905 σώματα
1363 862 1416 905 μὲν
1436 857 1495 893 δύο
1505 886 1516 900 ‚

840 914 923 958 ψυχὴ
955 910 992 947 δὲ
1025 914 1096 958 μία..
1117 913 1215 946 Vivit
1244 913 1360 958 itaque
1390 913 1514 945 melior

841 966 997 1000 Salonini
1016 979 1094 1012 pars
1110 966 1144 998 in
1166 979 1207 999 eo
1228 965 1326 1011 quod
1344 973 1377 998 te
1394 978 1515 1011 super-

840 1020 958 1052 stitem
978 1019 1163 1065 reliquerit
1177 1046 1186 1061 ,
1205 1032 1310 1064 quem
1327 1019 1379 1052 vel
1394 1019 1512 1053 anima

840 1085 900 1106 sua
922 1073 1090 1106 cariorem
1113 1072 1250 1105 habuit.

718 1208 891 1265 XIX.

357 1366 407 1394 ΙΝ
448 1366 803 1395 POSTHUML‘M
842 1345 1254 1394 CAU51n1CUM.*

312 1490 418 1534 NON
443 1490 497 1534 de
523 1491 587 1546 vi,
608 1508 748 1552 neque
772 1491 910 1547 caedc,
935 1507 1014 1534 nec
1041 1507 1231 1544 veneno,

312 1559 396 1603 Sed
421 1559 471 1604 lis
496 1570 559 1605 est
580 1561 686 1605 mihi
710 1562 763 1605 de
787 1562 925 1605 tribus
948 1560 1137 1622 capellis.

312 1631 454 1674 Vicini
474 1648 634 1692 queror
657 1631 735 1676 has
755 1632 904 1676 abesse
925 1632 1054 1676 furto.

310 1702 406 1744 Hoc
426 1701 560 1761 judex
585 1702 664 1746 sibi
687 1701 879 1763 postulat
903 1703 1079 1764 probari
1101 1719 1109 1744 ε

307 1772 374 1814 Tu
405 1773 603 1829 Cannas,
625 1773 1059 1833 Mithridaticumque
1086 1771 1272 1827 bellum,

151 1894 164 1907 ¹
175 1899 213 1931 In
224 1898 427 1931 Postlzumum
439 1899 566 1932 lemma
579 1907 631 1932 est
641 1899 678 1932 in
689 1898 766 1933 Ald.

98 1952 196 1984 Junt.
218 1951 333 1985 Colin.
351 1951 490 1998 Gryph.
507 1961 572 1985 etc.

155 2016 168 2037 1
179 2030 186 2037 .
200 2004 275 2036 Non
291 2004 329 2036 de
341 2007 388 2045 vi,
408 2013 473 2038 etc.
490 2006 632 2051 Ineptos
646 2004 769 2051 hujus-

98 2055 195 2089 modi
212 2065 246 2090 et
261 2057 473 2091 umbraticos
486 2056 698 2099 causidicos,
708 2059 769 2103 qui

95 2109 288 2154 figurarum
310 2119 447 2144 tumore
467 2119 501 2144 et
517 2105 770 2145 sententiarum

96 2162 281 2196 vanissimo
300 2163 447 2209 strepitu
470 2172 664 2209 crepantes,
679 2164 770 2197 nihil

96 2227 137 2248 ex
156 2215 198 2248 iis
216 2228 293 2261 quae
306 2216 341 2249 in
358 2229 424 2250 usu
442 2225 540 2259 sunt,
559 2225 621 2250 aut
635 2216 768 2257 vident,

96 2275 155 2300 aut
174 2268 393 2313 loquuntur,
414 2270 563 2315 exagitat
582 2270 770 2303 Petronius

95 2320 213 2353 statim
232 2321 274 2353 ab
294 2321 368 2355 init.
385 2322 454 2356 Sat.
472 2323 523 2355 Ita
542 2323 601 2356 hic
620 2323 769 2356 Posthu-

94 2385 172 2406 inus
184 2399 193 2414 ‚
212 2373 267 2407 vel
283 2386 324 2407 ex
338 2375 403 2408 alia
416 2376 572 2409 oratione
582 2370 637 2419 (ut
652 2377 700 2409 ait
715 2377 770 2410 Ci-

94 2438 174 2459 cero
187 2439 252 2472 pro
268 2427 394 2460 Roscio
411 2426 595 2468 Amerino)
611 2441 712 2474 quam
729 2429 766 2461 in

94 2479 200 2512 alium
226 2492 325 2512 reum
357 2480 468 2514 fuerat
494 2490 764 2517 commentatus,

93 2531 166 2565 haec
185 2531 412 2567 declamavit:
430 2534 484 2567 vel
506 2534 684 2568 arcessitos
705 2535 767 2568 hos

94 2585 176 2617 artis
186 2586 318 2619 colores
333 2595 365 2619 et
377 2599 593 2632 purpureum
605 2614 613 2628 ,
624 2589 682 2632 qui
701 2588 768 2621 late

93 2637 274 2682 splendeat
288 2665 296 2679 ,
326 2651 481 2684 pannum
512 2640 616 2673 assuit
644 2653 767 2675 caussae

94 2690 182 2731 lovi,
205 2703 306 2736 quam
331 2701 440 2726 actam
464 2693 620 2739 oportuit
639 2693 682 2727 de
705 2695 766 2727 tri-

830 1900 895 1933 hus
905 1899 1055 1946 capellis.
1070 1898 1163 1933 Vide
1175 1899 1303 1933 Lucilii
1317 1899 1426 1945 epigr.
1445 1900 1505 1932 lib.

830 1954 888 1992 ΙΙ,
913 1965 988 1998 cap.
1019 1956 1065 1992 46
1081 1979 1091 1994 ‚
1106 1952 1293 1998 Autholog.
1316 1951 1414 1986 unde
1439 1953 1506 1985 hoc

829 2018 1044 2051 expressum.
1068 2005 1162 2039 Vide
1188 2014 1221 2038 et
1247 2005 1442 2039 Luciauum
1470 2005 1503 2037 in

829 2052 969 2104 Pnfln'pow
989 2055 1196 2104 διδασκάλῳ.

886 2125 916 2144 2.
945 2113 997 2144 De
1019 2112 1116 2145 tribus
1137 2111 1275 2157 capelle.
1298 2113 1351 2144 De
1378 2123 1415 2144 re
1435 2111 1502 2143 levi

829 2164 1087 2198 contendebam
1114 2177 1194 2198 cum
1222 2163 1447 2204 adversar103
1471 2172 1503 2197 et

829 2225 868 2250 tu
890 2217 1036 2264 perinde
1063 2230 1100 2251 ac
1119 2218 1147 2251 si
1173 2217 1218 2251 de
1239 2217 1388 2262 imperio
1409 2216 1504 2250 orbis

829 2279 1000 2316 ageretur,
1018 2283 1190 2304 memoras
1212 2270 1412 2315 gravissima
1430 2270 1503 2303 bel-

828 2324 878 2365 la3
894 2325 992 2369 quasi
1011 2323 1118 2363 dicat,
1133 2324 1266 2356 Omitte
1284 2323 1358 2356 haec
1376 2330 1409 2355 et
1425 2322 1502 2355 redi

828 2377 864 2409 in
878 2377 985 2410 viam:
1001 2377 1133 2422 gallice,
1143 2377 1300 2409 Revertens
1314 2377 1333 2408 ὰ
1347 2389 1402 2408 nos
1415 2389 1501 2408 mou-

829 2438 908 2461 tam.
926 2451 976 2455 -
988 2431 1038 2462 De
1051 2429 1148 2462 tribus
1161 2429 1300 2474 capellis.
1315 2429 1383 2462 Fac
1397 2429 1501 2463 verba

828 2481 871 2515 de
888 2496 926 2514 re
943 2485 1042 2527 cujus
1062 2483 1298 2516 controversia
1317 2490 1498 2521 movetur,

827 2547 891 2568 nec
909 2547 994 2568 vana
1010 2548 1126 2568 rerum
1143 2535 1331 2569 alienarum
1347 2548 1363 2568 a
1384 2544 1500 2568 nostra

828 2600 927 2621 causa
943 2589 1278 2622 commemoratione
1290 2587 1424 2633 judices
1437 2589 1499 2621 ob-

828 2640 964 2675 tundas.

885 2697 916 2728 5.
938 2695 1076 2729 Cannas.
1102 2696 1271 2739 Ignohilis
1292 2703 1340 2728 cst
1364 2694 1499 2740 Apuliae
