1978 3305
492 258 589 311 404

867 253 928 296 M.
951 253 1092 295 VAL.
1131 253 1519 297 MARTIALIS

630 339 780 385 Alitis?
804 340 898 383 liaec
925 339 1033 382 extis
1055 337 1228 381 condita
1259 355 1399 399 nuper
1422 349 1558 383 erant.

560 411 670 468 Quae
696 410 789 454 litat
812 419 994 471 argento
1022 425 1102 468 pro
1131 418 1196 463 te,
1222 425 1311 453 non
1337 411 1571 471 sanguine,
1596 426 1703 454 caesa

628 482 838 535 Victima,
864 481 953 539 jam
987 478 1103 523 ferro
1129 496 1218 523 non
1249 496 1359 540 opus
1386 496 1478 524 esse
1505 480 1647 524 docet.
1868 510 1898 536 ,ᾳ

629 623 713 665 Τοῦ
738 626 893 667 πτηνοῦ
917 618 1162 680 σπλάγχνοις
1184 620 1303 661 ταῦτ’
1322 620 1619 680 ἐνικεκρύφατο.

561 695 633 735 Zeu
659 694 754 751 ὕπερ
783 690 979 751 ἀργυρίῳ,
1004 691 1041 731 κ’
1061 690 1136 749 οὐχ
1162 690 1305 749 αἵματι
1333 693 1549 751 καλλιερῶν
1573 691 1646 749 χὴν

627 760 775 814 Φησὶν,
796 757 919 813 ἅναξ,
944 762 1032 806 ὁτιὴ
1060 760 1204 819 μηκέτι
1228 754 1291 802 δεῖ
1313 755 1505 818 χάλυὲος.

489 906 622 952 effigies
633 931 642 946 ,
656 918 697 938 ex
718 905 816 950 cujus
836 911 950 937 rostro
965 901 1168 948 pendebant

487 967 571 994 octo
595 958 754 999 nummi,
779 957 839 1002 qui
866 964 945 989 octo
973 967 1107 988 menses
1128 955 1164 987 in

487 1010 690 1058 peragendo
712 1010 805 1044 hello
824 1008 1016 1042 Sarmatico
1037 1007 1167 1041 insum-

486 1075 567 1112 ptos
590 1064 837 1110 significarent.

542 1120 577 1152 8.
592 1119 674 1150 Hoec
686 1120 776 1149 excisa
791 1115 927 1160 Nempe
940 1113 1068 1147 anseris
1081 1125 1166 1159 prae-

488 1169 616 1205 cordiis
644 1168 786 1203 condita
811 1176 909 1201 erant
935 1166 1164 1207 numismata,

486 1224 571 1257 dum
588 1222 720 1255 bellum
739 1221 851 1254 fieret.

542 1290 577 1320 9.
594 1276 668 1309 Non
689 1276 842 1318 sanguine
867 1272 978 1306 Caesar
1001 1272 1038 1305 in
1059 1270 1163 1305 codd.

488 1329 588 1363 Bodl.
609 1328 718 1362 Scriv.
740 1335 774 1360 et
785 1324 995 1360 Beverlandi
1009 1324 1084 1358 MS.
1103 1338 1165 1358 non

486 1383 641 1427 sanguine
662 1393 744 1414 caesa
760 1379 797 1413 in
817 1378 900 1412 edd.
920 1386 1002 1411 vett.
1015 1399 1068 1404 -—
1084 1378 1166 1420 Ouae

487 1438 558 1468 litat
574 1442 717 1480 argemo.
737 1433 938 1477 Intelligere
955 1431 1013 1464 hic
1026 1429 1166 1464 videtur

1227 902 1353 943 Poeta,
1380 903 1599 948 temporibus
1626 901 1815 937 Domitiani
1843 915 1897 935 ar-

1226 963 1385 1000 genteam
1419 963 1554 989 aetatem
1588 955 1731 990 rediisse
1747 981 1756 997 ,
1790 967 1898 1001 quum

1226 1007 1345 1047 dicat,
1372 1009 1443 1053 jam
1478 1019 1552 1041 non
1580 1021 1668 1054 opus
1692 1021 1764 1042 esse
1794 1009 1897 1042 ferro.

1225 1060 1347 1102 Forte,
1376 1061 1493 1105 inquit
1516 1059 1693 1102 Raderus,
1718 1061 1900 1106 intelligit,

1223 1125 1297 1146 non
1318 1113 1486 1159 sanguine
1498 1139 1508 1155 ‚
1526 1126 1590 1147 nec
1613 1126 1747 1160 pugna,
1768 1113 1828 1148 sed
1845 1126 1900 1147 ar—

1223 1174 1327 1211 gento
1349 1179 1367 1199 a
1390 1166 1546 1200 barbaris
1566 1166 1783 1212 redemptam
1796 1166 1900 1200 fuisse

1224 1231 1346 1264 pacem
1358 1245 1367 1260 ,
1376 1227 1416 1252 ut
1427 1227 1524 1265 patet
1536 1232 1578 1253 ex
1591 1219 1714 1253 Diom's
1728 1220 1899 1266 fragmen-

1225 1272 1375 1313 to‚item
1391 1272 1501 1305 eTac.
1520 1274 1602 1318 Agr.
1621 1285 1696 1318 cap.
1714 1275 1760 1313 64
1774 1285 1782 1305 :
1797 1281 1831 1306 at
1851 1272 1900 1306 sic

1224 1325 1421 1358 intellectus
1443 1337 1565 1359 sensus
1593 1325 1766 1359 Carminis
1796 1325 1899 1359 Velio

1225 1390 1306 1411 sane
1320 1385 1354 1411 et
1371 1378 1523 1412 Martiali
1541 1378 1781 1424 gravissimum
1801 1377 1898 1412 dam-

1227 1443 1312 1464 num
1333 1430 1510 1464 attulisset.
1531 1430 1671 1464 Judicet
1691 1432 1809 1465 lector.

1037 1578 1353 1633 XXXIII.

840 1736 1075 1774 QUALEM
1112 1735 1285 1764 VELIT
1320 1735 1567 1765 AMICAM.

561 1869 698 1910 HANG
719 1862 843 1914 volo,
868 1878 964 1922 quae
991 1860 1145 1916 facilis,
1167 1877 1262 1921 quae
1287 1860 1505 1922 palliolata
1527 1872 1734 1924 vagatur3

630 1938 754 1980 Hanc
784 1932 908 1986 volo,
935 1949 1029 1992 quae
1059 1948 1196 1992 puero
1221 1931 1310 1991 jam
1343 1932 1461 1976 (ledit
1490 1942 1590 1976 ante
1621 1950 1742 1983 mem

559 2010 683 2051 Hauc
710 2003 834 2054 volo,
860 2019 990 2064 quaxn
1021 2002 1194 2045 redimit
1219 2012 1355 2046 totam
1383 2002 1586 2046 denarius
1614 2003 1744 2056 alter3

547 2165 574 2185 1.
602 2150 795 2184 Palliolum.
823 2147 910 2180 Nam
936 2146 1099 2191 palliolum
1132 2155 1164 2178 et

484 2206 762 2253 palliamveteres
776 2213 846 2234 uon
865 2208 999 2233 tantum
1017 2211 1086 2244 quo
1103 2199 1165 2231 liu-

487 2271 604 2293 meros
629 2263 803 2302 tegerent,
823 2252 882 2287 sed
902 2253 1003 2286 etiam
1023 2264 1093 2297 quo
1109 2263 1163 2285 ca-

487 2313 558 2358 pita
575 2311 746 2344 velarent,
764 2307 997 2352 appellarunt.
1011 2305 1054 2337 Et
1072 2303 1107 2337 id
1121 2304 1165 2337 ci-

486 2364 596 2399 naedis
628 2372 661 2396 et
695 2361 859 2394 mollibus
889 2357 1164 2392 usitatissimum.

487 2418 630 2452 Palliola
645 2426 788 2462 quoque
805 2412 1010 2452 mulierum,
1030 2418 1064 2443 et
1080 2423 1164 2455 prae-

487 2472 589 2516 cipue
612 2468 845 2502 meretricum.
869 2465 925 2498 sic
947 2463 1052 2496 Ovid.
1086 2464 1161 2496 Art.

488 2526 566 2556 Am.
581 2523 641 2556 lib.
658 2523 673 2554 Ι
686 2547 694 2561 ,
713 2520 783 2565 733
801 2533 807 2551 :
824 2520 976 2562 «Arguat
994 2525 1026 2549 et
1040 2517 1161 2549 macies

486 2577 639 2610 animum
656 2586 739 2607 :nec
760 2581 860 2617 turpe
883 2570 1015 2616 putaris
1035 2569 1158 2603 Pallio-

482 2630 556 2663 lum
580 2627 698 2661 uititlis
716 2624 922 2671 imposuisse
940 2622 1082 2656 comis„
1110 2623 1158 2654 Ita

484 2683 576 2716 enim
600 2679 836 2714 xetnsiissimae
856 2677 1065 2710 membr-'ime
1079 2675 1160 2708 scri-

1224 2155 1322 2192 ptum
1338 2147 1514 2187 exhibent,
1525 2160 1735 2194 quamquam
1753 2150 1898 2195 vulgata·

1224 2212 1344 2232 omnes
1363 2198 1533 2234 editiones
1552 2201 1701 2234 habeant
1722 2203 1876 2235 Pileolum
1888 2227 1897 2242 ‚

1224 2260 1288 2286 etc.
1302 2254 1572 2286 S.i1.n1.is11=·s.—
1583 2254 1649 2287 Alii
1664 2255 1897 2301 interpretan-

1225 2313 1300 2338 tur:
1319 2319 1387 2338 non
1407 2314 1537 2351 togata,
1562 2319 1633 2340 non
1661 2308 1782 2341 stolata
1803 2335 1812 2343 .
1837 2307 1897 2342 sed

1224 2358 1377 2391 ancillari
1399 2359 1520 2393 habitu
1538 2360 1669 2394 vestita.

1281 2424 1312 2444 2.
1335 2412 1434 2444 Dedit
1448 2439 1455 2452 ,
1475 2421 1540 2446 etc.
1558 2413 1634 2446 Lib.
1656 2415 1707 2452 ΙΙ,
1725 2426 1780 2459 ep.
1803 2426 1894 2447 xux.

1279 2465 1310 2496 3.
1334 2465 1470 2497 Jeedimit
1495 2473 1591 2498 totam
1612 2466 1759 2499 denarius
1781 2484 1794 2496 «ι
1811 2467 1896 2499 Om-

1222 2516 1326 2549 nibus
1350 2517 1462 2550 modis
1483 2519 1651 2564 largamn.
1673 2528 1713 2553 ut
1731 2519 1790 2552 lib.
1810 2520 1896 2559 XII,

1221 2570 1309 2615 epig.
1330 2584 1408 2607 mv:
1426 2572 1614 2611 Ausonius.
1628 2573 1717 2617 epig.
1732 2585 1810 2606 mxi
1822 2598 1829 2612 ,
1846 2585 1895 2605 vs.

1223 2636 1255 2666 7.
1278 2641 1290 2651 a
1310 2623 1494 2668 Deglubit,
1520 2625 1640 2663 fellat,
1669 2625 1813 2659 molitur
1835 2638 1897 2670 per

1221 2685 1403 2721 utramque
1422 2689 1638 2710 cavernam.»
1656 2677 1817 2712 Yitlelib.
1840 2679 1895 2716 11,
