1978 3305
448 227 1029 280 EPIGRAMMATUM
1068 229 1196 275 LIB.
1237 232 1289 272 V.
1515 229 1569 273 13

371 323 522 368 Phasis
550 321 780 383 purpureis
807 321 967 365 rubens
995 319 1200 373 lacernis,

372 396 429 438 Et
452 393 587 453 jactat
613 390 780 435 tumido
812 391 1025 453 superbus
1053 406 1152 434 ore:

371 462 567 507 Tandem
591 461 861 506 commodius
886 461 986 505 licet
1011 459 1159 504 sedere
1175 494 1185 513 ,

372 532 501 576 Nunc
531 542 596 576 est
619 531 787 576 reddita
812 531 998 592 dignitas
1023 529 1254 591 equestris;

372 603 521 647 Turba
541 618 630 646 non
653 602 913 662 premimur,
933 617 1014 645 nec
1036 600 1329 660 inquinamur.

372 675 498 727 Haec,
524 682 567 716 et
594 670 694 715 talia
718 671 822 715 dum
846 671 980 715 refert
1003 670 1203 731 supinus,
1549 691 1575 707 ω

371 742 472 786 Illas
497 757 739 803 purpureas
763 751 808 785 et
829 750 1081 801 arrogantes

373 813 506 856 Jussit
529 828 706 872 surgere
732 812 908 856 Lectius
939 811 1145 855 lacernas.

164 963 343 999 purpurea
367 949 510 984 indutus
529 957 621 990 erat,
641 956 680 983 ut
701 949 838 983 videre-

164 1014 222 1039 tur
245 1017 362 1050 eques.
382 1003 460 1037 Lib.
482 1003 548 1044 IV,
573 1002 683 1047 epigr.
704 1014 747 1036 11.
770 1003 838 1035 Le-

163 1059 275 1104 gimus
293 1059 486 1096 Romanos,
506 1068 616 1101 quum
634 1055 838 1100 spectaculis

164 1110 343 1151 adessent,
363 1109 515 1143 vestibus
534 1107 691 1141 candidis
704 1134 713 1150 ‚
730 1108 838 1141 immo

164 1172 199 1197 et
228 1162 355 1209 nigris,
382 1162 450 1195 hoc
480 1169 596 1195 autem
625 1161 703 1194 loco
735 1162 838 1195 etiam

164 1216 280 1250 rubris
306 1227 387 1249 usos
408 1214 534 1256 fuisse;
559 1211 653 1247 unde
674 1213 838 1259 colligere

163 1270 263 1312 licet,
278 1269 411 1302 nullam
425 1268 535 1313 legem
553 1265 692 1312 jussisse
711 1274 750 1299 ut
762 1278 840 1300 can-

165 1321 248 1355 dida
266 1330 360 1355 veste
373 1345 382 1362 ‚
403 1320 561 1366 quamvis
579 1319 749 1361 solerent,
767 1327 840 1353 ute-

163 1383 297 1409 rentur.
327 1375 503 1419 Augustus
519 1399 529 1415 ,
556 1380 641 1406 teste
668 1371 838 1406 Suetonio

164 1429 201 1461 in
223 1430 399 1473 Augusto,
418 1439 493 1471 cap.
518 1429 564 1466 40
579 1450 589 1466 ,
608 1425 839 1470 prohibuerat

163 1493 210 1514 ne
227 1481 306 1526 quis
322 1480 360 1513 in
378 1480 456 1512 foro
474 1479 612 1512 cii-cove
631 1477 699 1512 nisi
715 1478 838 1523 positis

164 1533 309 1568 lacernis
337 1540 475 1578 togatus
500 1531 726 1573 consisteret;
752 1539 837 1565 atta-

165 1599 245 1620 men
265 1585 328 1619 diu
345 1598 417 1618 non
436 1584 601 1618 obtinuit.

220 1640 252 1673 5.
276 1640 391 1672 Phasis
405 1640 570 1684 purpureis
589 1636 682 1670 ruber
703 1636 739 1670 in
758 1636 836 1671 Ald.

163 1693 263 1726 Junt.
279 1691 393 1726 Colin.
410 1691 547 1736 Gryph.
566 1690 711 1723 Junian.
730 1690 837 1735 Lang.

164 1745 352 1778 Pulmann.
387 1752 450 1777 etc.
486 1743 596 1776 rubens
633 1742 838 1776 Beverlandi

164 1798 241 1832 MS.
269 1820 320 1824 -
341 1797 511 1842 I’mpnreis
533 1797 675 1829 lacernis.
699 1796 839 1837 Quibus

165 1851 298 1896 equites
321 1850 520 1884 utebantur.
549 1850 600 1882 De
620 1849 766 1882 lacernis
784 1847 838 1881 ‹li-

165 1912 280 1944 ctum‚
305 1903 368 1936 lib.
393 1903 429 1941 1,
453 1902 562 1948 epigr.
594 1913 745 1935 Lxxvnt.
769 1902 836 1935 En.

164 1971 216 1978 —
231 1955 430 1989 Induebant
448 1955 602 1989 lacernas
621 1967 835 2000 purpureas,

164 2017 203 2043 ut
222 2009 356 2055 equites
375 2007 581 2041 viderentur
598 2019 606 2040 :
627 2007 750 2041 Petrus
773 2007 800 2040 F
802 2021 837 2041 a·

163 2063 237 2096 ber.
266 2063 441 2102 Lacerna,
463 2060 560 2106 quasi
586 2061 718 2102 lacera,
741 2059 838 2106 quod

163 2115 293 2161 capitio
311 2115 430 2148 minor
448 2114 511 2156 sit,
528 2113 632 2147 Sexto
655 2113 836 2159 Pompeio.

164 2167 264 2201 Hanc
282 2167 434 2201 militurn
456 2179 596 2212 quoque
620 2166 724 2200 fuisse
750 2179 838 2200 con-

165 2228 242 2254 stat.
261 2221 421 2266 Propert.
438 2220 500 2253 lib.
519 2221 592 2252 IV:
615 2219 782 2253 «Texitur
799 2218 836 2252 in

165 2273 284 2307 castris
302 2281 433 2318 quanta
449 2273 588 2306 lacerna
609 2272 688 2305 tuis.
699 2289 712 2302 »a
727 2273 837 2306 Erant

166 2333 199 2359 et
227 2326 375 2359 lacernae
403 2325 529 2371 quibus
559 2333 743 2358 uterentur
766 2326 836 2358 Ro-

165 2377 281 2419 mani,
297 2390 401 2423 quum
412 2378 618 2424 spectaculis
628 2390 770 2424 operam
783 2390 835 2411 se-

165 2429 362 2464 dentariam
394 2439 601 2475 praestarent
629 2442 636 2463 :
683 2431 835 2464 martial.

164 2483 225 2516 lib.
253 2484 368 2516 XIV:
394 2500 406 2512 u
428 2483 742 2528 Amphitheatrales
775 2496 837 2516 nos

900 948 1187 984 commendamur
1211 946 1253 980 ad
1273 959 1352 981 usus
1365 972 1373 988 ,
1394 948 1512 989 Quum
1527 957 1573 982 te-

898 1003 945 1047 git
967 1002 1124 1047 algentes
1144 1009 1262 1034 nostra
1282 1001 1415 1034 lacerna
1437 1009 1541 1046 togas.
1554 1020 1565 1031 ι,

899 1055 1057 1088 Juvenal.
1091 1054 1160 1088 Sat.
1194 1054 1275 1086 IX:
1308 1071 1320 1082 =‹
1338 1054 1485 1099 pingues
1509 1054 1572 1087 ali-

899 1107 1039 1153 quando
1049 1107 1205 1141 lacernas
1215 1131 1224 1147 ,
1234 1106 1455 1139 Munimenta
1472 1114 1573 1151 togae,

899 1160 980 1194 duri
1000 1160 1176 1205 crassique
1205 1159 1341 1193 coloris.
1362 1176 1374 1189 n
1404 1159 1482 1192 Lib.
1505 1161 1571 1201 IV,

898 1213 1008 1259 epigr.
1034 1225 1077 1247 11.
1109 1212 1275 1246 Horatius
1304 1212 1403 1257 nigra
1434 1212 1571 1246 lacerna

899 1267 1085 1312 spectabat.
1099 1265 1242 1311 Bayfius
1260 1264 1437 1298 immerito
1457 1262 1516 1304 (de
1533 1279 1571 1299 re

899 1317 1083 1359 vestiaria)
1100 1319 1254 1352 lacernas
1275 1317 1498 1363 epomidibus
1513 1319 1573 1352 Ju-

898 1372 1188 1406 risconsultorum
1213 1370 1343 1404 similes
1369 1370 1466 1404 dicit.
1486 1372 1570 1404 Rad.

954 1438 987 1470 7.
1023 1425 1163 1458 Tandem
1167 1450 1227 1457 .....
1255 1425 1335 1457 licet.
1362 1424 1445 1457 Haec
1469 1425 1574 1459 verba

897 1487 979 1512 sunt
999 1476 1156 1511 Phasidis
1173 1477 1366 1522 gloriantis.

954 1533 986 1565 8.
1001 1531 1095 1564 Nunc
1105 1530 1294 1563 esu-eddim.
1306 1529 1381 1562 Hoc
1391 1538 1443 1563 est
1453 1555 1462 1571 ,
1476 1531 1560 1576 equi

899 1584 994 1617 tibus
1009 1584 1171 1617 amissum
1181 1583 1281 1616 bellis
1291 1582 1452 1616 civilibus
1471 1596 1574 1629 eque·

897 1646 1002 1671 strem
1018 1637 1190 1670 honorem
1208 1635 1350 1669 tandem
1364 1648 1571 1682 recuperare

898 1690 1059 1736 contigit.

953 1756 986 1787 9.
1009 1744 1224 1789 anuinnmur.
1242 1742 1349 1784 Quasi
1369 1742 1481 1788 plebis
1498 1755 1572 1775 sor-

899 1795 991 1829 didae
1012 1795 1223 1829 commercio
1245 1803 1280 1828 et
1300 1795 1428 1828 vicinia
1453 1805 1572 1829 conta·

899 1849 1092 1882 minaretur
1119 1850 1191 1894 ejus
1219 1848 1322 1882 vestis
1358 1857 1393 1882 et
1420 1847 1571 1893 dignitas

899 1902 1058 1935 mentita.
1079 1902 1146 1935 En.

957 1967 1011 1989 ιο.
1034 1956 1310 2001 Hoec....s‹1pimts.
1341 1956 1383 1987 In
1408 1954 1571 1988 cathedra

898 2008 954 2041 vel
974 2007 1138 2041 subsellio
1160 2008 1312 2041 molliter
1339 2019 1377 2040 ac
1398 2007 1507 2040 otiose
1535 2007 1571 2040 in

898 2070 1034 2107 tergum
1048 2069 1231 2106 porrectus
1243 2087 1251 2102 ‚
1263 2069 1296 2094 et
1310 2061 1406 2106 quasi
1423 2061 1570 2100 cubans;

897 2113 993 2159 quod
1003 2113 1188 2159 perspicue
1202 2113 1315 2160 pingit
1327 2113 1570 2158 impotentiam

896 2166 1061 2200 hominis.
1084 2167 1152 2201 ΕΙ).

956 2231 1013 2253 11.
1038 2220 1117 2253 Illas
1141 2232 1325 2264 purpureas.
1354 2219 1571 2264 Metonymia

897 2281 964 2313 est3
985 2271 1021 2305 id
1037 2280 1106 2313 est,
1123 2271 1321 2317 designator
1338 2271 1494 2312 Lectius,
1510 2271 1571 2317 qui

896 2327 986 2358 bene
1008 2334 1155 2359 noverat
1181 2324 1387 2367 Phasidem,
1413 2324 1514 2370 jussit
1535 2325 1573 2357 il-

895 2379 972 2411 lum
1007 2378 1154 2411 lacernis
1187 2377 1373 2423 purpureis
1407 2376 1572 2411 indutum

896 2431 973 2464 loco
996 2430 1140 2472 cedere,
1162 2439 1264 2477 atquc
1291 2430 1405 2464 statim
1433 2429 1475 2463 ad
1497 2431 1571 2475 ple·—

897 2485 977 2517 bem
1008 2483 1167 2517 transire.
