1978 3305
254 265 366 298 LXII.

236 318 366 352 LXIII.

238 369 367 404 LXIV.

256 424 368 456 LXV.

237 476 367 509 LXVI.

220 528 368 562 LXVII.

202 580 368 614 LXVIII.

239 634 368 666 LXIX.

257 686 370 720 LXX.

238 739 368 772 LXXI.

218 791 368 824 DXXII.

203 844 369 878 LXXIII.

203 896 369 930 LXXIV.

222 949 368 982 LXXV.

203 1001 368 1035 LXXVI.

184 1054 369 1089 LXXVII.

166 1106 368 1140 LXXVIII.

203 1159 369 1193 LXXIX.

224 1212 369 1246 LXXX.

205 1264 367 1298 LXXXI.

189 1317 370 1352 LXXXII.

166 1369 369 1405 LXXXIII.

168 1422 367 1457 LXXXIV.

185 1476 366 1509 LXXXV.

165 1528 366 1562 LXXXVI.

146 1580 365 1616 LXXXVII.

126 1633 365 1669 LXXXVIII.

166 1683 364 1721 LXXXIX.

289 1741 365 1774 XC.

269 1793 366 1827 XCI.

253 1845 366 1879 XCII.

235 1897 366 1933 XCIII.

234 1950 351 1984 XCIV
358 1978 365 1985 .

254 2003 366 2038 XCV.

236 2055 367 2091 XCVI.

215 2108 366 2143 XCVII.

200 2161 367 2195 XCVHI.

238 2214 368 2249 XCIX.

329 2269 370 2302 C.

312 2321 370 2354 CI.

292 2373 369 2406 CII.

273 2425 368 2459 CIII.

274 2476 367 2512 CIV.

685 183 722 225 T
730 184 767 226 A
777 184 810 226 B
821 183 862 227 U
873 184 910 226 L
921 183 968 226 A.
1430 183 1459 228 6
1468 201 1492 246 7
1504 182 1529 230 5

393 266 444 299 De
465 266 608 300 Platano
627 266 768 301 Caesaris
785 289 1317 298 .....................
1345 270 1425 317 pag,
1458 269 1503 311 43
1512 276 1531 311 4

394 318 445 351 De
461 318 606 352 Philaeni
624 341 1419 354 ...............................
1459 327 1478 363 4
1485 324 1503 357 3
1512 322 1530 356 5

394 371 435 403 In
455 371 625 405 Phoebum
651 394 1422 406 ..............................
1460 381 1480 417 4
1488 375 1505 408 3
1512 378 1534 409 6

395 425 446 456 De
467 432 576 457 statua
597 425 740 458 Caesaris
757 425 945 459 Domitiani
966 447 1421 458 ··················
1462 433 1480 469 4
1488 428 1506 461 3
1513 431 1534 463 6

396 475 451 509 Ad
471 476 655 510 Herculem
670 502 680 518 ‚
701 476 745 510 de
767 477 886 511 eadem
908 486 1015 512 statua
1045 500 1420 511 ...............
1459 485 1478 521 4
1487 481 1530 526 37

396 527 450 561 Ad
473 529 656 563 Fabullum
678 551 1422 564 .............................
1461 538 1480 574 4
1487 535 1505 568 3
1513 547 1533 579 9

395 582 436 613 In
457 581 659 628 AEschylum
677 603 1419 616 .............................
1459 591 1479 626 4
1486 587 1504 620 3
1512 600 1532 632 9

395 633 436 666 In
455 634 657 678 magistrum
676 633 750 667 ludi
761 655 1424 668 ..........................
1461 643 1534 680 440

395 686 437 718 In
458 686 703 731 Polycarmum
729 709 1422 720 ...........................
1462 697 1482 733 4
1489 698 1508 734 4
1517 705 1531 726 1

395 739 438 771 In
458 739 682 773 Caecilianum
701 761 866 772 .......
885 742 892 770 ;
911 762 1421 773 ....................
1461 749 1481 785 4
1489 751 1507 786 4
1517 758 1530 779 1

395 792 447 824 De
463 791 564 825 leone
582 800 615 825 et
633 792 738 826 ariete
754 815 1422 826 ..........................
1461 803 1481 839 4
1489 808 1506 838 4
1514 812 1531 832 2

395 843 451 877 Ad
469 843 620 878 liberum
648 866 1422 879 ..............................
1462 855 1480 891 4
1489 856 1508 892 4
1515 852 1534 884 3

396 897 437 929 In
458 905 610 930 sutorem
627 919 1422 932 ...............................
1461 908 1481 944 4
1487 909 1506 945 4
1514 910 1536 946 4

395 950 447 983 De
468 949 581 995 effigie
594 950 737 984 Camoni
756 973 1290 983 .....................
1288 967 1298 972 -
1309 975 1422 984 .....
1461 961 1481 997 4
1488 961 1506 997 4
1516 957 1534 991 5

396 1003 448 1035 De
465 1002 589 1035 balneo
605 1004 729 1037 Tuccae
757 1025 1423 1036 ..........................
1462 1013 1535 1050 446

395 1055 446 1087 De
467 1055 581 1100 effigie
601 1056 747 1090 Camoni
757 1077 1423 1089 ..........................
1462 1066 1481 1102 4
1489 1066 1533 1107 47

396 1108 448 1140 De
463 1108 626 1141 convivio
641 1109 751 1143 Prisci
781 1131 1423 1142 .........................
1461 1119 1481 1155 4
1489 1119 1507 1155 4
1515 1118 1534 1150 8

396 1159 451 1193 Ad
472 1160 692 1194 Picentinum
703 1183 1423 1196 ............................
1463 1171 1482 1207 4
1490 1171 1508 1208 4
1515 1182 1535 1212 9

397 1212 453 1246 Ad
475 1214 713 1247 Domitianum
731 1236 1427 1249 ...........................
1465 1224 1484 1261 4
1493 1225 1537 1265 49

398 1266 449 1298 De
469 1266 583 1300 Gellio
602 1288 1426 1301 ...............................
1464 1277 1485 1313 4
1492 1274 1510 1307 5
1516 1286 1536 1306 0

396 1317 452 1351 Ad
470 1320 624 1352 Auctum
654 1341 1424 1354 ..............................
1464 1330 1484 1366 4
1492 1326 1509 1359 5
1515 1339 1535 1360 0

394 1371 437 1404 In
459 1371 627 1405 Munnam
656 1394 1425 1407 ..............................
1463 1384 1483 1419 4
1490 1378 1508 1412 5
1518 1391 1531 1411 1

395 1423 452 1456 Ad
467 1425 635 1458 Caesarem
650 1426 890 1460 Domitianum
912 1449 1423 1460 ....................
1462 1432 1507 1471 45
1518 1444 1532 1465 1

395 1476 450 1510 Ad
467 1477 674 1511 Norbanum
701 1500 1421 1512 ............................
1461 1484 1532 1524 452

395 1530 446 1562 De
464 1529 584 1563 Paullo
598 1552 1424 1566 ................................
1464 1541 1483 1578 4
1492 1539 1510 1570 5
1517 1538 1535 1571 3

393 1583 435 1615 In
453 1583 588 1617 obitum
609 1584 727 1618 Severi
746 1584 822 1618 Silii
834 1608 1423 1619 .......................
1461 1593 1481 1630 4
1489 1590 1506 1623 5
1515 1595 1534 1631 4

393 1633 449 1667 Ad
467 1636 650 1681 lupercum
674 1659 1423 1671 .............................
1463 1646 1482 1682 4
1490 1644 1507 1676 5
1517 1645 1534 1677 5

391 1687 446 1720 Ad
465 1689 493 1721 R
499 1689 596 1722 ufum
622 1711 1424 1724 ...............................
1464 1700 1483 1735 4
1491 1697 1508 1729 5
1516 1698 1536 1728 6

393 1739 446 1773 Ad
470 1741 609 1775 Stellam
619 1764 1422 1777 ...............................
1462 1752 1482 1788 4
1489 1749 1506 1782 5
1515 1751 1535 1782 6

392 1792 447 1826 Ad
466 1794 493 1826 F
495 1794 566 1828 lace
572 1807 631 1827 um
647 1816 1422 1829 ..............................
1464 1805 1482 1841 4
1491 1802 1508 1835 5
1516 1815 1534 1846 7

392 1846 565 1880 Adulatur
581 1848 783 1882 Domitiano
805 1871 1422 1882 ........................
1462 1853 1535 1894 458

393 1898 446 1932 Ad
467 1899 667 1946 Condylum
678 1922 1424 1935 .............................
1464 1907 1537 1953 459

393 1951 447 1984 Ad
466 1953 677 1987 Calocissum
703 1975 974 1986 ...........
994 1984 998 1986 ,
1019 1977 1237 1987 .........
1257 1981 1264 1987 .
1283 1979 1423 1989 ......
1464 1963 1537 1999 460

394 2005 446 2038 De
467 2005 681 2051 Hippocrate
704 2028 1424 2041 ............................
1465 2015 1510 2051 46
1520 2026 1533 2047 1

393 2058 446 2090 De
467 2058 687 2104 Athenagora
706 2082 1425 2094 ............................
1466 2069 1486 2104 4
1493 2068 1512 2098 6
1520 2080 1536 2100 2

394 2111 446 2143 De
465 2110 605 2145 Herode
629 2134 1428 2147 ..............................
1468 2121 1487 2158 4
1493 2120 1513 2151 6
1520 2133 1537 2153 2

395 2161 451 2195 Ad
472 2164 492 2197 J
497 2165 609 2198 ulium
624 2187 1426 2199 ...............................
1467 2175 1486 2211 4
1493 2174 1513 2205 6
1521 2172 1538 2205 3

397 2214 452 2248 Ad
474 2217 519 2257 Q.
541 2216 707 2251 Ovidium
733 2241 1429 2253 ...........................
1468 2227 1541 2265 464

398 2267 451 2301 Ad
473 2269 627 2303 Atticum
650 2269 694 2304 de
707 2271 757 2304 M.
778 2272 934 2306 Antonio
945 2294 1427 2305 ...................
1467 2281 1487 2316 4
1494 2280 1514 2310 6
1521 2283 1541 2318 4

398 2321 438 2353 In
459 2321 599 2355 Bassum
628 2345 1429 2359 ...............................
1468 2333 1488 2370 4
1495 2332 1514 2363 6
1523 2330 1541 2363 5

397 2373 570 2408 Adulatur
592 2376 793 2410 Domitiano
812 2401 1430 2411 ........................
1470 2385 1541 2423 466

398 2425 453 2459 Ad
474 2428 646 2461 Phoebum
658 2451 1432 2464 ..............................
1471 2439 1490 2476 4
1496 2438 1516 2470 6
1522 2450 1542 2479 9

397 2480 448 2512 De
467 2481 612 2525 geminis
627 2482 792 2516 fratribus
816 2505 1351 2516 .....................
1371 2511 1376 2515 .
1397 2511 1402 2516 .
1423 2512 1428 2517 .
1469 2493 1487 2529 4
1495 2491 1540 2531 69

746 2609 907 2621 *4

1202 2712 1299 2767 43²
