1978 3305
364 217 948 262 EPIGRAMMATUM
985 217 1112 260 LIB.
1144 217 1229 259 VI.

1410 214 1501 260 133

237 304 419 350 Glauc'ia
445 304 623 349 libertus
648 305 738 365 jam
769 303 964 348 Melioris
991 312 1096 347 erat.

169 376 368 428 Moribus
396 376 481 419 hoc
507 375 743 436 formaeque
767 375 940 430 datum,
966 374 1060 434 quis
1084 371 1282 416 blandior
1312 370 1414 416 illo?
1490 392 1503 415 5

236 448 324 489 Aut
347 447 443 506 quis
468 445 696 507 Apollineo
722 444 946 507 pulchrior
971 460 1046 487 ore
1070 442 1181 487 fuit?

168 515 420 560 lmmodicis
448 516 591 560 brevis
616 526 681 560 est
705 525 806 559 aetas
822 551 834 571 ,
859 524 904 559 et
931 530 1030 558 rara
1059 523 1268 558 senectus.

238 586 462 647 Quidquid
487 602 629 643 anias,
651 587 800 646 cupias
824 601 914 629 non
937 583 1148 645 placuisse
1176 584 1315 627 nimis.

97 722 171 768 gini
190 722 406 769 adscriptum
434 722 588 755 exhibet.
616 743 669 749 --
690 721 767 755 ,Mu-

98 789 173 808 nera
186 803 194 816 ,
213 784 278 810 etc.
293 776 412 809 Infans
426 775 519 808 enim
534 775 769 809 manumissus

98 837 159 862 est.
175 828 269 862 Vide
290 836 325 862 et
340 829 448 874 epigr.
466 827 614 874 praeced.
625 840 716 862 vers.
732 826 766 863 3.

153 884 185 915 6.
208 882 278 915 Aut
295 884 376 928 quis.
393 881 469 914 Hoc
490 889 561 923 est,
579 881 668 922 Quis
681 906 691 922 ,
713 881 768 915 vel

97 935 201 968 etiam
215 935 387 968 formosus
401 943 440 969 ut
453 935 582 980 Apollo
592 959 601 976 ,
612 935 679 968 fuit
693 935 770 981 pul-

97 987 216 1020 chrior
236 987 404 1021 Glaucia?

153 1053 187 1085 7.
204 1041 382 1073 Immodc'cis
401 1040 499 1073 brevis
516 1048 579 1080 est,
598 1047 664 1074 etc.
684 1039 768 1073 Pul-

98 1093 272 1126 cherrima
289 1106 437 1139 quaeque
457 1094 572 1126 brevis
590 1094 653 1127 aevi
675 1101 768 1127 sunt.

98 1147 238 1180 Praecox
261 1145 396 1179 indoles
416 1146 595 1179 immaturi
613 1146 769 1192 plerum-

98 1212 165 1245 que
192 1199 274 1241 fati3
299 1199 342 1232 τὰ
371 1200 431 1244 γὰρ
458 1213 498 1232 πε
503 1199 599 1244 ρισσὰ
627 1200 744 1245 σώμα-
749 1213 770 1232 α.

97 1253 196 1285 πὶπτ-
186 1266 227 1285 ιν
257 1253 388 1297 βαρείαις
414 1253 490 1297 πζὸς
518 1256 593 1286 θεῶν
620 1249 770 1297 δυσπρα·

97 1305 185 1345 ξίσις,
207 1307 301 1350 ἔφαχ
321 1307 334 1339 ὁ
361 1306 457 1351 uni-72⁴
482 1305 656 1339 .Calchas
678 1305 770 1338 scili·

97 1367 151 1392 cet
168 1358 340 1392 referente
362 1358 494 1392 nuncio
516 1358 743 1404 Sophocleo
734 1371 770 1391 111

97 1413 199 1456 Ajace
213 1425 390 1457 μαστιγοφ.
405 1423 445 1445 ex
459 1412 627 1457 opinione
643 1411 770 1457 impia,

98 1465 189 1498 Deos
209 1463 364 1498 invidere
384 1464 518 1498 eximiae
531 1473 565 1498 et
579 1465 769 1498 enormiori

97 1517 242 1563 gloriae;
269 1518 353 1551 hinc
383 1526 418 1551 et
444 1517 568 1551 fascini
596 1517 770 1559 adhibiti,

98 1579 240 1616 sputum
256 1595 266 1610 ‚
286 1571 400 1605 salivae
418 1571 562 1616 aliaeque
579 1583 633 1604 res
656 1571 768 1617 turpi-

98 1624 202 1664 culae,
227 1624 356 1669 quibus
383 1624 531 1669 gloriam
558 1624 771 1670 temperari,

99 1676 278 1722 arcerique
305 1676 472 1710 invidiam
503 1675 692 1710 credebant
718 1698 771 1704 —

100 1730 276 1763 Immodlcis
299 1730 396 1764 brevis
417 1738 472 1762 est.
495 1730 576 1764 Haec
596 1730 662 1763 fuit
680 1729 770 1762 anti-

99 1796 249 1828 quorum
283 1784 452 1817 sententia
472 1809 480 1823 ‚
510 1782 707 1816 immodicis
737 1791 771 1816 et

98 1836 286 1869 humanam
306 1845 433 1870 sortem
455 1849 660 1882 quacunque
678 1836 713 1869 in
733 1849 771 1869 re

99 1890 342 1934 superantibus
377 1889 579 1922 hominibus
611 1888 771 1922 invidere

100 1944 211 1983 Deos3
235 1950 268 1975 et
292 1941 374 1975 inde
401 1942 501 1983 fieri,
526 1955 571 1975 ne
592 1942 686 1975 inter
706 1955 770 1975 nos

100 1994 280 2029 diurnent.
296 1995 412 2036 Quare
425 1994 563 2028 dicebat
580 1995 666 2028 Cato
684 1995 771 2029 Cen¹

100 2049 212 2082 sorius
239 2061 246 2082 :
273 2064 285 2075 «
303 2048 455 2081 Senilem
476 2050 656 2094 juventam
682 2060 771 2093 prae-

100 2109 244 2135 maturae
260 2102 382 2134 mortis
397 2114 469 2135 esse
484 2101 655 2146 signum.»
679 2101 770 2134 Plin.

101 2154 162 2188 lib.
183 2155 273 2195 VII,
296 2167 372 2200 cap.
396 2154 452 2188 51.
471 2154 649 2200 Optabant
664 2153 774 2199 igitur

100 2219 147 2240 ne
166 2207 251 2252 quid
273 2207 377 2241 nimis
398 2207 572 2252 placeret,
593 2215 633 2240 ut
651 2207 774 2252 praeci-

102 2260 155 2304 pit
183 2260 240 2293 hic
263 2260 454 2302 Martiali53
482 2268 515 2293 et
534 2260 678 2293 nimiam
699 2261 774 2293 lau-

102 2311 281 2346 dationem
291 2325 419 2346 nocere
431 2313 682 2347 existimabant.
692 2313 776 2355 Qui-

103 2364 184 2398 dam
206 2367 301 2399 enim
314 2365 547 2412 prodiderunt
565 2378 638 2401 esse
658 2366 775 2400 homi-

826 733 887 754 nes
902 720 1012 753 nimia
1025 719 1231 754 laudatione
1244 721 1503 762 effascinante53

826 772 908 806 vide
927 775 970 813 Α.4
989 773 1079 807 Gell.
1102 774 1164 807 lib.
1186 774 1259 815 IX,
1285 786 1359 819 cap.
1382 779 1414 816 4.
1436 774 1503 808 Hic

825 827 969 872 proprie
988 827 1160 870 fascinum.
1187 826 1293 860 Unde
1321 827 1502 872 Proefiscine

826 878 968 919 dixere,
990 878 1033 913 ad
1062 878 1292 913 avertendum
1324 880 1502 914 fascinum.

827 932 940 966 Notus
961 932 1103 978 Virgilii
1141 933 1257 972 locus,
1290 932 1364 966 Ecl.
1394 934 1504 975 VIII,

831 998 875 1030 27
891 997 898 1018 :
918 1003 931 1015 ι
950 987 1098 1019 Baccare
1114 986 1268 1018 frontem
1285 986 1439 1032 Cingite‚
1458 998 1503 1019 ne

826 1038 896 1071 vati
923 1047 1046 1072 noceat
1067 1039 1156 1072 mala
1178 1039 1297 1084 lingua
1320 1039 1453 1073 futuro>
1481 1055 1495 1068 ιι

827 1092 944 1125 Notet.
965 1093 1048 1125 mala
1064 1093 1174 1137 lingua
1186 1106 1198 1130 ;
1214 1104 1293 1124 nam
1307 1093 1463 1136 fascinum
1483 1104 1502 1125 a

827 1143 933 1178 fando
954 1171 962 1185 ,
995 1145 1110 1190 inquit
1148 1145 1282 1178 Festus.
1316 1146 1363 1178 At
1398 1145 1501 1178 Cloa-

827 1198 896 1231 tius
927 1198 1074 1231 Verrius
1111 1198 1208 1243 quasi
1249 1198 1411 1239 βάσκανον
1448 1196 1504 1230 di·

829 1258 924 1284 ctum
937 1259 1106 1292 autumat,
1122 1259 1155 1284 et
1171 1250 1357 1284 commode
1373 1263 1454 1283 sane
1469 1258 1502 1284 et

828 1302 1075 1346 condecenter,
1090 1304 1136 1337 ait
1156 1304 1244 1337 Gell.
1262 1303 1324 1337 lib.
1341 1305 1394 1336 VI
1406 1330 1414 1343 ‚
1427 1315 1503 1348 cap.

833 1369 887 1390 12.
919 1357 1092 1390 Caeterum
1122 1365 1194 1390 tota
1223 1356 1282 1389 illa
1306 1357 1428 1402 opinio
1459 1368 1504 1389 ex

828 1422 869 1442 eo
891 1409 1013 1451 fluxit,
1033 1409 1129 1456 quod
1149 1410 1386 1455 opinabantur
1410 1410 1504 1442 Deos

827 1462 988 1496 invidere
1000 1465 1167 1496 enormiori
1174 1463 1301 1507 glorioe,
1314 1471 1353 1496 ut
1367 1462 1414 1496 ait
1421 1463 1507 1494 Ter-

828 1516 1007 1549 tullianus.
1022 1515 1197 1549 Invidiam
1213 1524 1332 1549 autem
1345 1516 1447 1549 istam
1457 1514 1506 1548 ita

828 1570 1029 1602 metuebant
1041 1596 1050 1612 ,
1062 1577 1099 1602 ut
1116 1581 1190 1602 eam
1205 1580 1416 1614 quocunque
1433 1580 1507 1601 mo-

829 1620 875 1655 do
894 1623 1031 1667 placare
1054 1630 1291 1663 conarentur;
1316 1630 1350 1656 et
1374 1620 1506 1655 idcirco

827 1687 883 1708 res
901 1676 1093 1721 turpiculas
1117 1687 1309 1720 puerorum
1337 1675 1427 1708 collo
1450 1685 1510 1718 ap-

827 1727 1047 1773 pendebant,
1068 1729 1169 1761 bonae
1192 1741 1307 1762 scaevae
1325 1739 1447 1767 causa,
1466 1735 1507 1761 ut

829 1789 928 1815 notat
947 1783 1061 1815 Varro
1077 1782 1114 1814 in
1133 1781 1232 1814 libris
1248 1780 1292 1814 de
1307 1780 1426 1827 lingua
1445 1780 1504 1813 lat.

830 1835 911 1876 Quo
929 1847 1010 1868 sane
1029 1832 1170 1868 videtur
1191 1834 1343 1868 allusisse
1365 1833 1508 1867 Plautus

829 1888 865 1920 in
885 1888 1000 1921 Milite
1017 1888 1189 1933 glorioso,
1212 1897 1277 1921 act.
1296 1888 1343 1927 V,
1359 1899 1451 1920 scen.
1471 1886 1507 1926 I,

830 1954 877 1974 vs.
902 1941 921 1974 5
945 1953 952 1974 :
984 1959 997 1971 α
1025 1941 1131 1974 Enim
1155 1939 1365 1986 jamdudum
1394 1939 1504 1984 gestio

830 1994 966 2028 moecho
1005 1994 1073 2027 hoc
1112 1993 1284 2027 abdomen
1322 1992 1474 2026 adimere
1497 2016 1506 2032 ‚

831 2048 881 2080 Ut
913 2047 1038 2080 faciam
1070 2047 1167 2092 quasi
1198 2059 1308 2092 puero
1342 2047 1380 2079 in
1413 2045 1503 2078 collo

831 2099 1008 2146 pendeant
1039 2100 1269 2145 crepundia.»
1302 2100 1347 2131 Et
1374 2098 1410 2130 in
1438 2097 1508 2130 suis

833 2153 965 2186 aedibus
994 2153 1069 2186 haec
1096 2151 1308 2197 προὲάσκαντ
1314 2165 1333 2184 οι
1360 2145 1509 2194 (Muto-

834 2207 892 2240 nia
925 2206 1073 2252 appellat
1103 2205 1350 2250 γλωσσο1γροίφος
1375 2200 1509 2242 )habe-

833 2260 930 2293 bant.
950 2258 1128 2292 Plutarch.
1149 2265 1184 2291 et
1202 2257 1343 2290 Pollux.
1366 2255 1504 2288 Her-ald.

891 2314 926 2347 8.
955 2313 1031 2346 Non
1053 2312 1209 2357 placuisse
1233 2312 1335 2343 nimis.
1362 2309 1416 2342 Ne
1439 2309 1506 2343 cito

835 2373 978 2411 pereat,
994 2373 1100 2410 teque
1118 2365 1253 2409 jactura
1273 2362 1416 2398 cruciet.

1213 2713 1242 2755 ,(1
