1978 3305
449 238 1031 284 EPIGRAMMATUM
1071 243 1199 285 LIB.
1241 245 1294 286 X.

1471 246 1570 300 483

300 323 475 366 Dimisit
504 334 672 370 nostras
703 343 898 387 purpura
926 338 1067 372 vestra
1093 338 1227 389 togas.

160 469 324 506 tanquam
341 461 367 494 si
380 460 643 496 dimitterentur
653 464 711 496 tali
726 465 835 504 facto,

897 464 933 501 Ι,
953 466 1061 510 epigr.
1083 479 1189 500 mxu
1202 493 1210 509 2
1227 468 1417 514 Dimisitque
1438 473 1573 505 animam

159 525 230 545 non
253 525 350 547 secus
371 526 476 559 quam
505 514 745 549 dimittebatur
779 525 838 550 aut
897 517 1047 550 nobiliore
1072 522 1152 558 Τιά,·
1178 520 1238 553 lib.
1268 522 1326 561 ΙΙ,
1348 522 1456 568 epigr.
1488 537 1572 565 κνι,

159 565 282 599 concio
294 592 303 603 ,
323 575 382 600 aut
403 577 551 601 senatus.
569 569 614 601 Et
630 569 757 602 Noster
772 570 835 603 lib.

900 571 1037 602 Dimitte
1057 571 1251 605 Machaonas
1270 586 1384 607 omnes.

813 715 932 783 XL

596 886 649 918 13·
688 869 1135 917 CA1,1.10DORUM.⁴

228 1023 318 1066 Nn.
345 1021 473 1066 aliud‘
491 1021 679 1082 loqueris
695 1057 706 1070 ,
728 1039 858 1083 quam
886 1023 1076 1078 Thesea,
1096 1026 1442 1089 Pirithoumque

297 1094 444 1153 Teque
469 1102 597 1153 putas
619 1092 793 1153 Pyladi,
817 1093 1088 1151 Calliodore,
1113 1112 1277 1156 parem.

227 1163 511 1223 Dispeream,
542 1164 576 1206 si
604 1172 652 1206 tu
680 1163 829 1224 Pyladi
859 1175 1065 1225 praestare
1096 1166 1315 1211 matellam

300 1234 474 1294 Dignus
502 1249 570 1287 es,
597 1243 673 1277 aut
697 1251 854 1295 porcos
880 1251 1058 1295 pascere
1083 1237 1277 1281 Pirithoi.

227 1303 402 1346 Donavi
425 1313 594 1357 tamen,
615 1305 756 1364 inquis
771 1339 782 1358 ‚
804 1307 945 1348 amico
967 1305 1098 1350 millia.
1125 1308 1340 1367 quinque,

297 1374 355 1416 Et
380 1371 511 1416 lotam
540 1370 607 1417 (ut
634 1369 837 1425 multum)
860 1384 1011 1436 terque
1032 1386 1272 1437 quaterque
1295 1387 1455 1438 togam.

226 1443 369 1500 Quid,
394 1443 512 1503 quod
534 1443 593 1487 nil
614 1460 807 1504 unquam
828 1444 977 1505 Pyladi
1003 1446 1183 1490 donavit
1204 1447 1412 1491 Orestes?

210 1588 224 1601 '¹
249 1593 290 1625 In
316 1605 460 1638 parcum
489 1594 664 1633 amicum,
691 1607 762 1627 sese
785 1603 835 1627 ta-

157 1658 238 1679 men
261 1645 430 1691 Pyladem
454 1655 489 1679 et
511 1647 687 1679 Theseum
707 1648 837 1691 jactare

158 1710 292 1732 ausum.
312 1699 420 1732 Poeta
439 1711 521 1731 vere
537 1699 584 1732 ait
602 1699 748 1740 amicos,
763 1712 836 1733 non

158 1751 219 1796 qui
238 1750 370 1796 aliquid
392 1750 541 1791 donent,
563 1750 624 1784 sed
646 1753 707 1797 qui
724 1755 836 1785 πάντα

157 1803 245 1836 miv&
264 1804 429 1837 habeant.

216 1869 246 1890 1.
271 1857 397 1903 Psrith.
419 1857 529 1890 Paris.
554 1859 665 1901 1617.
686 1857 755 1890 Pir.
780 1856 835 1890 ed.

159 1909 271 1942 Maitt.
286 1931 338 1936 -—-
354 1910 485 1948 Thesea,
505 1910 753 1955 Pirithoumque.
770 1909 859 1951 Alii-⁸

158 1962 315 1995 scribunt
329 1962 524 1995 Perithoum.
546 1963 598 1995 De
618 1962 672 1995 his
688 1964 759 2007 jam
774 1963 836 1996 lib.

160 2015 248 2056 VII,
276 2015 384 2060 epigr.
411 2026 504 2048 xnv.
531 2015 666 2048 Eorum
692 2016 838 2049 historia

158 2068 324 2101 omnibus
343 2067 458 2101 obvia.

214 2121 248 2154 3.
270 2121 400 2165 Pyladi,
422 2129 487 2154 etc.
505 2121 572 2154 Vel
588 2120 712 2154 infimo
729 2122 838 2155 servi-

159 2173 198 2206 tii
231 2185 377 2206 munere
405 2172 575 2218 defungi,
603 2182 643 2207 ut
675 2182 839 2219 praestare

128 2256 131 2257 γ
161 2222 494 2271 111311113111(ἀμίὸα.).

215 2283 248 2319 4.
269 2279 387 2311 Porcos
402 2291 530 2322 pascere
545 2280 695 2312 Pirithoi.
714 2280 819 2313 Forte
831 2305 840 2320 ‚

161 2330 257 2377 quod
272 2332 308 2364 in
323 2330 524 2376 glandiferis
539 2330 644 2364 Pindi
656 2333 762 2377 sylvis
778 2331 840 2366 de-

161 2384 262 2428 gebat
281 2383 471 2417 Pirithous.

218 2437 250 2469 5.
274 2437 382 2470 Millia
404 2439 548 2482 quinque.
574 2436 840 2470 Sestertiorum.

217 2491 251 2522 6.
270 2490 383 2522 Lotum
405 2489 535 2522 multum
555 2488 633 2522 cod.
654 2489 839 2523 Pulmann.

163 2542 232 2576 Pro
248 2541 447 2587 parenthesi
464 2542 613 2575 minima
631 2551 764 2588 puncta
782 2555 839 2576 ex·

172 2595 277 2629 ibent
303 2594 385 2629 Ald.
408 2595 508 2628 Junt.
534 2594 650 2629 Colin.
675 2603 709 2628 et
730 2608 840 2629 unum

166 2647 262 2693 dque
289 2648 477 2681 minimum
502 2656 672 2692 punctum
695 2657 772 2693 post
794 2650 842 2680 lo-

897 1603 961 1627 tam
978 1596 1086 1628 Paris.
1113 1598 1206 1640 1617
1226 1603 1331 1641 atque
1352 1598 1480 1642 Delph.
1502 1599 1577 1632 Nec

896 1649 1119 1692 parenthesin
1137 1661 1201 1681 nec
1215 1658 1387 1693 punctum
1399 1650 1506 1684 habet
1522 1651 1577 1685 ed.

895 1701 1036 1734 Barbou.
1069 1716 1082 1727 κ
1108 1700 1312 1746 Suspectum
1343 1703 1519 1737 Scriverio
1543 1714 1580 1738 ut

896 1766 936 1786 m.
962 1753 1104 1787 Frustra
1133 1764 1142 1786 :
1168 1762 1219 1787 est
1244 1754 1339 1787 enim
1366 1755 1577 1801 compendio

895 1803 1029 1838 dictum
1043 1819 1107 1851 pro
1123 1818 1182 1846 eo,
1203 1803 1304 1852 quod
1321 1815 1371 1841 est
1386 1808 1577 1854 integrum.

896 1858 953 1891 Sic
961 1859 1133 1897 Juv.VII.
1142 1871 1156 1892 1
1166 1860 1212 1903 87
1223 1871 1253 1891 2-
1262 1860 1312 1893 Ut
1327 1861 1490 1902 multum,
1501 1861 1575 1895 duo

895 1911 1081 1945 sufficient.
1097 1929 1110 1940 n
1137 1911 1276 1945 Gronov.
1293 1912 1479 1947 Salmasius
1494 1915 1577 1960 legit

896 1964 946 1996 Et
965 1964 1060 1997 lotam
1076 1991 1084 2004 ,
1106 1972 1140 1996 ut
1162 1966 1330 1998 minimum.
1344 1965 1436 1999 Vide
1449 1967 1575 2001 Vario-

895 2028 977 2050 rum
995 2025 1108 2050 notas.
1135 2034 1148 2046 ι
1161 2017 1207 2051 Ut
1225 2018 1354 2051 multum
1376 2020 1580 2064 parenthesi

896 2068 1170 2108 includendam,
1200 2078 1240 2103 ut
1263 2071 1333 2104 sint
1353 2073 1460 2105 verba
1481 2073 1576 2106 Mar-

896 2122 986 2155 tialis
996 2148 1005 2163 ‚
1022 2122 1200 2156 irridentis
1215 2123 1439 2167 exiguitatem
1453 2137 1578 2159 mune-

896 2175 954 2208 ris.
972 2175 1065 2208 Male
1083 2176 1177 2209 hunc
1193 2176 1215 2208 l.
1237 2176 1361 2221 accipit
1380 2176 1523 2211 Salmas.
1539 2179 1577 2212 in

896 2236 970 2261 not.
988 2227 1032 2261 ad
1049 2228 1139 2261 Hist.
1156 2229 1247 2273 Aug.
1266 2228 1362 2273 quod
1377 2238 1411 2263 et
1427 2230 1463 2264 in
1476 2233 1575 2277 pejus

896 2288 1060 2314 retractat
1073 2280 1116 2313 ad
1131 2280 1241 2314 Solin.
1255 2293 1292 2326 p.
1309 2282 1355 2325 39
1365 2295 1377 2315 1
1387 2309 1394 2314 .
1415 2299 1428 2311 ι
1451 2283 1575 2317 Beml.

904 2353 938 2359 —
962 2334 1013 2365 Et
1028 2334 1137 2373 lotam,
1159 2341 1225 2366 etc.
1243 2334 1319 2366 Hoc
1337 2343 1404 2374 est,
1423 2335 1496 2369 fere
1511 2349 1576 2370 no-

900 2398 978 2418 vam
990 2411 1000 2426 ‚
1012 2398 1112 2418 novae
1125 2386 1286 2419 similem.

954 2451 988 2482 7.
1013 2439 1174 2484 «Pylades
1188 2438 1220 2472 d.
1245 2439 1370 2472 Orestae
1387 2451 1506 2475 sensus
1519 2444 1577 2486 ju-

899 2492 958 2524 bet
970 2503 1042 2524 esse
1051 2490 1189 2536 legend.
1200 2503 1316 2537 neque
1326 2492 1426 2525 aliter
1434 2495 1580 2540 vestigia

901 2542 1030 2577 codicis
1049 2543 1197 2578 Puteani
1214 2556 1221 2576 :
1242 2544 1277 2577 in
1294 2557 1364 2590 quo
1383 2546 1459 2578 Pila
1477 2547 1579 2580 dona-

901 2597 985 2629 bitur
997 2610 1095 2629 esse.»
1111 2598 1223 2630 Heius.
1241 2596 1286 2630 ad
1301 2597 1407 2631 ovid.
1420 2611 1474 2645 ep.
1487 2611 1557 2633 vni
1570 2625 1579 2639 ,

907 2663 941 2691 ς).
955 2670 1005 2676 —-
1016 2650 1124 2693 Quid,
1146 2650 1240 2696 quod.
1260 2650 1514 2686 Vehementius
1528 2653 1582 2686 in-

1281 2721 1371 2766 31²
