1978 3305
355 237 939 284 EPIGRAMMATUM
975 237 1101 279 LIB.
1142 237 1196 279 V.

1422 251 1485 297 79

284 330 465 371 Certum
495 336 560 371 est
583 327 698 371 hanc
726 326 802 370 tibi
827 339 1066 387 pernegare
1094 323 1278 379 famam,

286 397 401 441 Olim
433 413 563 458 quam
593 398 703 458 petis
734 397 778 440 in
808 397 914 441 meis
942 393 1116 448 libellis,

249 466 252 467 ⁷
289 467 632 528 Qualiscumque
657 466 813 529 legaris
837 477 886 511 ut
910 482 988 527 per
1011 464 1176 509 orbem.

287 540 400 583 Nam
429 547 470 582 te
496 554 575 582 cur
598 536 751 598 aliquis
778 538 886 581 sciat
910 533 1068 580 fuisse?

288 610 473 669 Ignotus
498 623 672 669 pereas,
691 608 842 661 miser,
866 622 1040 650 necesse
1065 615 1141 650 est.

287 680 391 722 Non
422 678 607 722 deerunt
635 687 782 721 tamen
809 677 893 721 hac
920 677 964 719 in
988 676 1096 720 urbe
1127 675 1273 720 forsan

286 749 412 792 Unus
429 783 440 803 ,
453 747 522 792 vel
552 748 640 792 duo
655 784 666 805 ,
690 757 856 803 tresve,
876 755 1142 808 quatuorve,

287 817 448 862 Pellem
475 818 632 863 rodere
656 819 732 879 qui
756 817 893 861 velint
919 817 1132 861 caninam.

288 889 380 932 Nos
403 888 486 933 hac
507 899 541 932 a*
558 889 703 933 scabie
730 898 929 932 tenemus
957 903 1139 948 ungues.

80 1016 219 1049 allatres.
243 1015 356 1049 Gloss.
377 1017 516 1059 gannit,
541 1017 660 1055 σκύζει.
682 1016 752 1049 Im-

79 1081 187 1114 pense
203 1095 212 1112 ,
234 1069 340 1110 bene,
365 1069 445 1114 quia
474 1076 665 1114 utrumque
697 1080 753 1101 ca·

80 1134 176 1155 num.
200 1121 336 1154 Herald.

136 1174 170 1208 3.
207 1174 332 1208 Certum
366 1182 412 1206 est
445 1177 487 1206 mi
521 1174 578 1206 tibi
608 1174 755 1208 Juntina

82 1236 199 1260 nostra
219 1227 255 1260 in
274 1227 440 1272 margine.
466 1226 593 1260 Certum
612 1235 660 1259 est
677 1228 756 1259 lumc

81 1280 156 1313 mihi
166 1279 385 1314 Calderinus.
398 1301 448 1305 ——
463 1279 590 1313 Certum
606 1288 651 1312 est
662 1305 672 1319 ,
690 1288 756 1313 etc.

80 1334 163 1366 Non
185 1333 280 1366 vivet
293 1359 303 1373 ‚
322 1345 393 1365 non
414 1341 539 1366 notum
558 1332 626 1366 erit
645 1341 758 1379 poste-

80 1385 175 1418 ritati
197 1397 326 1419 nomen
351 1394 450 1419 tuum
480 1385 517 1418 in
547 1385 758 1419 carminibus

81 1438 184 1480 meis,
203 1439 258 1472 vel
281 1438 402 1471 infami
422 1447 504 1471 nota
527 1439 697 1472 inustum.

138 1491 169 1524 5.
195 1492 261 1524 Per
284 1491 388 1524 urbem
409 1491 555 1525 Juntina
574 1500 697 1525 nostra
722 1490 759 1523 in

81 1556 190 1589 marg.
219 1566 268 1570 —
296 1544 552 1591 Qualiscumque.
584 1545 641 1577 Tu
670 1544 760 1589 petis

83 1598 119 1630 in
138 1597 225 1630 meis
239 1597 453 1631 carminibus
468 1598 593 1631 famam
609 1598 762 1643 qualem·

84 1662 235 1695 cumque
254 1651 384 1683 bonam
410 1659 469 1684 aut
490 1651 615 1684 malam
629 1676 638 1691 ‚
659 1649 765 1698 dum-v

83 1702 191 1736 modo
210 1716 341 1737 nomen
363 1712 416 1737 eat
433 1702 476 1737 ad
498 1712 655 1748 posteros
671 1715 680 1736 :
698 1715 762 1748 ego

85 1763 117 1788 te
130 1756 240 1789 silebo
251 1780 262 1797 ‚
280 1756 452 1801 exquisito
466 1756 611 1790 ultionis
621 1767 758 1802 genere.

85 1807 212 1842 Seneca
224 1833 234 1851 ‚
250 1808 294 1843 de
310 1810 367 1842 Ira
381 1835 388 1848 ‚
410 1809 473 1843 lib.
490 1810 547 1843 II:
571 1827 584 1839 ιι
604 1808 761 1843 Ultionis

84 1862 474 1896 contumeliosissimum
488 1875 595 1908 genus
607 1871 674 1904 est,
689 1874 760 1895 non

86 1926 158 1948 esse
173 1915 284 1949 visum
300 1914 449 1961 dignum
470 1928 510 1949 ex
533 1928 604 1961 quo
625 1924 762 1960 petere-

85 1975 182 2001 retur
202 1968 303 2002 ultio.
322 1986 335 1998 n
363 1969 430 2002 En.

868 1018 902 1049 6.
925 1015 1011 1049 Nam
1039 1023 1068 1047 te
1093 1027 1149 1047 cur
1172 1015 1286 1061 aliquis
1301 1041 1310 1055 ,
1345 1024 1410 1049 etc.
1437 1014 1493 1048 Sic

816 1069 951 1101 Bolaeus
968 1075 1088 1101 noster
1107 1079 1116 1100 :

816 1127 846 1151 Et
857 1125 901 1157 qui
912 1125 1005 1150 saurait
1015 1133 1074 1149 sans
1084 1124 1135 1148 moi
1148 1132 1197 1157 que
1207 1122 1285 1147 Cotin
1299 1133 1311 1147 a
1324 1123 1432 1157 pret-hd?
1446 1126 1491 1149 En,

868 1185 905 1217 7.
931 1173 1053 1211 lffiser,
1078 1184 1197 1204 necesse
1215 1180 1272 1205 est.
1292 1172 1384 1213 Quia
1403 1171 1493 1205 invi-

815 1225 893 1259 dus.
911 1225 989 1258 Lib.
1004 1226 1020 1257 I
1031 1225 1256 1270 ‚epigramm.
1273 1237 1354 1266 xL13
1368 1232 1402 1258 et
1418 1238 1494 1271 sup.

821 1278 930 1324 epigr.
952 1290 1055 1317 xxm,
1070 1290 1118 1311 vs.
1145 1290 1178 1322 9.

876 1343 930 1363 10.
952 1331 1071 1363 Pellem
1096 1330 1222 1369 rodere,
1245 1338 1310 1364 etc.
1331 1331 1402 1372 Qui
1424 1343 1496 1364 ma-

817 1383 949 1417 ledicos
971 1383 1082 1417 velint
1102 1381 1294 1416 maledictis
1320 1384 1496 1418 insectari.

818 1437 977 1470 Allusum
990 1437 1066 1470 vult
1080 1437 1244 1470 Erasmus
1266 1435 1310 1470 ad
1329 1437 1493 1483 proverb.

822 1489 919 1523 Catule
940 1492 1167 1522 canitzam'non
1192 1498 1247 1522 est.
1271 1490 1407 1532 Varro,
1434 1490 1497 1523 lib.

821 1544 890 1585 VI,
908 1544 946 1576 L.
961 1541 1100 1575 L.Vide
1114 1542 1175 1575 lib.
1191 1543 1281 1574 XIII
1293 1567 1303 1583 ‚
1322 1543 1430 1588 epigr.
1448 1555 1496 1582 11,

820 1609 869 1629 vs.
894 1595 927 1629 3.
949 1596 1070 1629 Horat.
1091 1594 1195 1641 epod.
1216 1597 1236 1629 6
1255 1608 1263 1628 ;
1288 1612 1301 1624 n
1321 1595 1419 1637 Quid
1436 1595 1500 1628 im-

821 1658 993 1682 merentes
1005 1648 1161 1694 hospites
1171 1660 1289 1687 vexas,
1302 1649 1396 1682 canis
1406 1649 1501 1694 igna-

820 1714 884 1735 vus
903 1701 1088 1735 adversum
1108 1701 1222 1747 lupos.
1239 1718 1252 1730 u
1271 1702 1338 1735 En.

879 1768 893 1788 1
906 1767 919 1788 1
931 1781 938 1788 .
956 1755 1024 1788 Nos
1043 1755 1119 1794 hac,
1142 1763 1208 1788 etc.
1225 1755 1299 1800 Ego
1316 1755 1359 1788 ab
1377 1755 1443 1788 hac
1459 1755 1500 1787 li-

821 1807 942 1841 bidine
962 1816 996 1841 et
1012 1808 1173 1852 contagio
1191 1806 1423 1841 maledicendi
1444 1820 1500 1840 me

822 1861 988 1895 contineo
1004 1886 1013 1901 ,
1029 1861 1144 1894 scabie
1158 1861 1232 1906 ejus
1247 1861 1331 1894 nolo
1347 1873 1404 1894 me
1421 1873 1501 1894 con-

821 1914 993 1948 taminare
1005 1939 1014 1954 ‚
1033 1914 1116 1947 nolo
1134 1913 1310 1959 pruritum
1328 1915 1402 1959 ejus
1427 1926 1499 1947 sca-

822 1966 938 2001 hendo
959 1968 1086 2001 levare.

709 2091 874 2146 LXI.

579 2236 632 2264 IN
671 2213 1018 2263 MARIANUM*

159 2350 422 2393 Cmspnms
455 2349 532 2392 istc
558 2350 652 2408 quis
678 2357 768 2402 est,
797 2348 920 2391 uxori
950 2363 1123 2407 semper
1151 2346 1345 2392 adhaeret

142 2472 156 2486 *
189 2476 492 2521 Elegantissimum
527 2477 738 2520 epigramma
756 2498 765 2513 ‚

91 2542 160 2575 quo
173 2529 428 2563 nonnullorum
446 2527 629 2574 stupiditas-
642 2528 764 2562 tradu-

92 2582 204 2622 citur,
219 2583 280 2628 qui
295 2581 502 2616 formosulos
519 2583 662 2625 juvenes
679 2594 766 2614 uxo-

94 2635 190 2668 ribus
227 2635 296 2668 suis
331 2634 506 2669 adhaerere
543 2634 767 2681 patiebantur

93 2688 156 2720 sub
175 2688 280 2721 officii
303 2687 481 2723 domestici
502 2696 683 2734 praetcxtu.
701 2689 767 2721 Re-

826 2475 938 2520 spexit
961 2475 1028 2508 hoc
1057 2475 1269 2520 epigramma
1297 2476 1335 2509 B.
1358 2476 1501 2510 Hieron.

826 2528 986 2573 pluribus
1005 2528 1090 2561 locis
1104 2553 1114 2565 ,
1131 2529 1190 2562 lib.
1211 2530 1245 2571 Ι,
1262 2528 1425 2563 adversus
1440 2531 1504 2562 Jo-

825 2581 958 2614 vinian.
976 2581 1112 2615 Her-ald.

884 2646 896 2666 1
907 2661 914 2668 .
938 2633 1113 2679 Crispulus.
1130 2635 1309 2681 Crispatus
1325 2636 1454 2677 crium,
1469 2644 1501 2669 et

826 2686 1002 2721 delicatus.
