1978 3305
388 189 966 233 EPIGRAMMATUM
1006 190 1131 231 LIB.
1173 190 1258 231 XI.

1424 187 1520 251 637

179 278 244 321 Ah
273 275 460 322 facinus!
490 278 635 320 tunica
659 285 778 337 patet
801 277 959 337 inguen
989 277 1206 336 utrimque
1230 275 1399 327 levata;

247 349 567 408 Inspiciturque
590 357 662 390 tua
689 346 882 390 mentula
908 346 1021 389 facta
1045 362 1191 389 manu.

179 420 221 460 Si
246 428 287 461 te
314 418 501 461 delectat
523 426 751 460 numerata
780 417 962 477 pecunia
977 452 988 471 7
1008 416 1148 459 vende

246 492 488 548 Argentum
507 523 518 542 ‚
536 503 707 530 mensas
723 523 734 540 ⁷
762 486 984 546 myrrhina
999 522 1010 540 ‚
1035 502 1136 529 rura
1154 523 1165 540 ‚
1188 486 1380 530 domum.

178 558 331 602 Vende
356 575 478 602 senes
502 574 673 611 servos,
700 572 827 616 agros
853 566 896 599 et
919 556 1060 600 vende
1085 567 1290 617 paternos
1311 575 1318 599 :

246 631 313 673 Ne
336 645 495 690 pueros
521 627 710 680 vendas,
735 628 880 669 omnia
906 627 1045 670 vende
1072 628 1213 670 miser.

178 700 370 743 Luxuria
389 708 453 742 est
472 714 616 741 emere
629 698 732 750 hos,
757 693 878 757 (quis
893 698 1007 746 enim
1023 697 1269 752 dubitatve,
1292 699 1521 758 negatve9'y

246 769 329 813 Sed
356 768 494 812 multo
516 768 658 827 major
684 767 873 811 vendere
903 766 1071 810 luxuria
1099 777 1175 811 est.

106 897 224 930 furens
251 897 433 943 Impressit
456 908 646 929 memorem
678 895 784 929 dente

105 949 209 983 labris
228 958 360 983 notam.
378 967 391 979 n
409 950 478 983 En.

160 1002 194 1036 5.
220 1003 360 1042 Tunica,
383 1012 448 1036 etc.
468 1003 605 1048 Nempe
624 1002 712 1036 nudi
728 1015 785 1035 ex-

105 1056 327 1101 ponebantur
342 1081 350 1097 ‚
376 1064 415 1088 ut
443 1056 565 1088 liceret
586 1055 783 1088 ementibus

103 1107 405 1153 pulchritudinem
422 1120 543 1141 eorum
556 1117 589 1141 et
597 1107 696 1141 dotes
707 1121 784 1141 nos-

104 1170 332 1207 seantequam
347 1161 512 1207 depretio
526 1170 697 1206 ageretur.
710 1161 784 1194 Un-

104 1213 148 1247 de
164 1214 251 1247 illud
271 1215 401 1247 Juven.
419 1214 488 1248 Sat.
503 1215 573 1254 IX,
594 1214 638 1248 35
653 1239 662 1254 ‚
686 1213 782 1260 quod

102 1269 171 1310 jam
189 1280 291 1313 supra
308 1268 510 1309 retulimus,
527 1280 603 1313 pag.
621 1268 685 1300 631
700 1267 782 1300 :«Te

103 1320 262 1365 quamvis
281 1319 437 1360 nudum,
456 1329 522 1354 etc.
540 1338 552 1349 ›·
566 1321 642 1353 Nisi
663 1329 777 1353 tamen

844 895 986 929 credere
1002 897 1100 929 malis
1114 897 1149 929 in
1165 897 1297 929 balneis
1312 897 1408 930 hunc
1423 899 1525 931 cinae-

845 948 928 981 dum
944 949 1069 995 aspici,
1087 948 1132 982 de
1148 962 1218 995 quo
1235 950 1303 983 hoc
1322 951 1399 983 loco
1416 951 1522 983 Juve-

845 1002 942 1035 nalis.
964 1003 1030 1035 ΕΙ).

899 1058 932 1089 8.
944 1056 1136 1099 Argentum.
1155 1054 1198 1088 Id
1216 1064 1285 1097 est,
1303 1065 1464 1101 argentea
1484 1070 1524 1089 va

843 1120 877 1140 sa
895 1134 904 1148 ‚
935 1108 1124 1141 caelaturas.
1149 1130 1198 1134 ——
1221 1109 1392 1155 Alb-rrln'na
1415 1135 1422 1148 ,
1456 1118 1520 1142 etc.

844 1161 922 1194 Lib.
940 1161 1040 1202 XIV,
1055 1173 1109 1207 ep.
1128 1173 1229 1194 cxm.
1247 1162 1291 1194 Et
1308 1174 1350 1194 eo
1376 1163 1523 1195 nomine

843 1226 984 1247 omnem
1011 1226 1203 1259 gemmeam
1229 1215 1493 1260 supellectilem.

901 1280 913 1300 1
926 1280 957 1299 2.
975 1266 1042 1300 Sed
1058 1267 1173 1307 multo,
1193 1275 1257 1301 etc.
1275 1267 1331 1300 Sic
1349 1269 1372 1301 l.
1392 1269 1446 1308 II,
1465 1282 1520 1314 ep*

842 1332 1005 1357 Lx111,vs.
1021 1324 1052 1360 4-
1067 1320 1166 1353 «Haec
1176 1333 1273 1365 mage
1286 1321 1420 1354 luxuria
1432 1330 1493 1355 est.
1507 1341 1519 1351 ι»

690 1455 929 1511 LXXI.

677 1607 743 1633 DF.
784 1607 942 1634 LEDA.

175 1718 483 1760 HYSTERICAM
509 1715 656 1760 vetulo
681 1732 724 1760 se
749 1715 916 1759 dixerat
939 1732 1030 1759 esse
1053 1717 1209 1760 marito
1225 1752 1236 1767 ,

243 1788 300 1830 Et
323 1788 521 1847 queritur
545 1786 656 1830 futui
680 1786 800 1830 Leda
821 1803 996 1830 necesse
1023 1785 1101 1830 sibi
1123 1804 1131 1829 :

173 1857 259 1900 Sed
280 1857 387 1901 flens
410 1867 540 1918 atque
563 1874 740 1918 gemens
762 1859 870 1900 tanti
893 1867 1024 1918 negat
1045 1874 1137 1900 esse
1159 1857 1339 1901 salutem
1357 1894 1367 1909 ,

245 1929 386 1988 Seque
406 1928 538 1972 refert
560 1929 704 1989 potius
726 1928 1002 1989 proposuisse
1029 1929 1152 1971 mori.

174 1999 254 2041 Vir
278 2008 403 2059 rogat
418 2034 428 2052 ‚
450 2009 499 2041 ut
521 2000 663 2053 vivat,
686 1998 844 2042 virides
869 2016 949 2042 nec
973 1998 1143 2042 deserat
1163 2015 1323 2051 annos;

245 2071 300 2113 Et
322 2069 439 2125 fieri,
461 2069 578 2130 quod
597 2070 688 2129 jam
714 2087 799 2113 non
829 2068 931 2113 facit
958 2071 1073 2130 ipse,
1098 2069 1208 2112 sinit.

161 2203 189 2223 1.
208 2191 428 2235 Ilw'stericun2‚
446 2199 510 2224 etc.
524 2192 625 2224 Uteri
652 2188 780 2236 (graece

101 2245 240 2288 ὕστέρων
259 2243 270 2282 )
308 2245 582 2289 strangulatione
616 2245 779 2277 laboran-

103 2304 171 2329 tem
182 2323 191 2337 ‚
209 2297 266 2330 cui
282 2298 406 2330 morbo
423 2298 653 2342 praescribunt
667 2309 778 2329 reme-

103 2348 201 2382 dium
233 2350 361 2383 medici
389 2349 540 2383 validam
573 2363 778 2395 congressus

103 2403 406 2437 succussationem.
424 2404 618 2436 Hic-terimur
639 2404 672 2435 in
693 2411 776 2436 vett.

101 2453 182 2488 edd.
203 2455 286 2488 Vid.
307 2456 417 2501 epigr.
440 2469 532 2493 vm,
559 2457 618 2489 ubi
641 2456 778 2501 scripsi<

104 2521 177 2540 mus
196 2508 269 2541 sine
290 2510 501 2553 aspiratione
525 2528 537 2538 α
562 2510 737 2542 ictui-icam
764 2528 775 2537 »ι

157 2562 190 2594 3.
212 2561 370 2607 Sedslens
385 2587 392 2600 ,
418 2571 483 2595 etr.
505 2561 575 2595 Sed
595 2571 711 2595 tamen
732 2563 779 2594 la-

103 2626 263 2660 crymans
284 2614 477 2648 dissimulat
493 2616 577 2649 tanti
594 2616 658 2648 sibi
674 2616 778 2648 vitam

842 2191 1025 2231 aestimari,
1052 2199 1085 2223 et
1118 2189 1262 2223 interire
1288 2203 1324 2223 se
1348 2191 1448 2223 malle
1472 2192 1519 2225 ait

841 2257 945 2289 quam
967 2243 1066 2276 istius
1089 2242 1183 2275 modi
1205 2244 1448 2277 convalescere
1464 2258 1518 2279 re-

841 2297 979 2335 medior,
999 2305 1032 2329 et
1052 2297 1180 2336 mittar,
1202 2296 1321 2341 inquit
1343 2313 1356 2325 «
1376 2297 1418 2330 ad
1439 2311 1515 2331 um-

840 2351 936 2391 bras,
955 2350 1126 2382 Pallentes
1148 2350 1290 2381 umbras
1308 2349 1432 2388 Erebi,
1456 2365 1518 2384 no-

841 2413 1002 2448 ctemque
1027 2400 1236 2447 profundam
1260 2403 1370 2442 Ante,
1391 2404 1519 2448 pudor,

842 2469 945 2501 quam
960 2465 994 2488 te
1006 2456 1112 2495 violo,
1124 2463 1183 2488 aut
1194 2457 1335 2500 tuajura
1348 2458 1517 2491 1·esolvo.-·

843 2507 957 2554 (Virg.
974 2508 1113 2541 AEneid.
1131 2508 1191 2540 lib.
1212 2509 1277 2547 IV,
1296 2508 1339 2541 25
1362 2521 1411 2554 sq.
1428 2508 1517 2549 )E1›.

899 2563 931 2596 5.
949 2562 1087 2594 Vir-ides.
1101 2561 1224 2594 AEtatis
1233 2560 1320 2593 flore
1335 2564 1518 2597 moriatur.

898 2618 930 2647 (ἱ.
947 2616 1043 2648 Fiet-i.
1061 2616 1112 2648 Ab
1121 2614 1196 2647 aliis
1208 2615 1348 2647 scilicet.
1361 2636 1410 2640 ——
1425 2618 1523 2658 Quod
