1978 3305
477 231 571 282 [μα

855 230 917 272 Μ.
943 228 1082 272 VAL.
1122 232 1510 276 MARTIALIS

1113 391 1243 446 XL.

865 558 931 585 DE
972 558 1184 586 NATALI
1223 558 1502 588 CAESONIAE.

551 693 705 734 PRIMA.
735 691 931 735 Palatino
963 692 1036 736 lux
1067 703 1131 738 est
1162 694 1255 738 haec
1284 704 1380 738 orta
1411 695 1623 749 Tonanti,

623 764 830 822 Optasset
860 762 1021 824 Cybele
1053 781 1138 824 qua
1164 766 1381 826 peperisse
1407 767 1574 809 Jovem.

557 834 647 876 Hac
673 842 716 876 et
738 843 888 877 sancta
917 835 1000 877 mei
1032 836 1177 896 genita
1205 846 1270 879 est
1299 837 1496 880 Caesonia
1522 835 1625 879 Rufi
1658 870 1664 877 .

622 901 723 946 Plus
751 903 879 948 debet
907 905 1036 948 matri
1067 905 1185 950 nulla
1214 905 1359 967 puella
1389 923 1488 951 suae.

553 974 748 1017 Laetatur
774 976 946 1034 gemina
969 985 1174 1019 votorum
1207 986 1322 1021 sorte
1347 978 1528 1020 maritus
1544 1012 1554 1027 ,
1883 999 1897 1019 s

623 1044 818 1105 Contigit
846 1045 965 1089 hunc
995 1045 1053 1088 illi
1079 1046 1197 1106 quod
1226 1046 1293 1091 bis
1320 1062 1465 1091 amare
1495 1046 1622 1092 diem.

543 1205 573 1225 1.
598 1193 707 1225 Prima
727 1194 892 1227 Palatino.
912 1195 1016 1228 Nono
1035 1196 1162 1229 Kalen-

484 1244 543 1278 das
566 1246 773 1279 Novembris
791 1256 892 1281 natus
914 1257 966 1281 est
990 1249 1162 1283 Domitia-

486 1311 570 1339 nus⁵
588 1306 673 1332 teste
693 1299 861 1333 Suetonio
883 1301 919 1333 in
941 1302 1162 1343 Domitiano,

486 1363 590 1396 quem
613 1360 732 1385 noster
753 1362 855 1398 poeta
878 1354 1076 1388 Palatinum
1096 1356 1164 1388 To-

488 1412 629 1437 nantem
651 1404 759 1447 dicit,
779 1414 812 1439 et
828 1407 953 1440 Jovem
977 1409 1165 1454 appellavit

489 1457 612 1490 millies
630 1470 747 1503 supra.

543 1523 575 1543 2.
594 1510 719 1556 Cybele.
738 1514 893 1545 Deorum
910 1522 1030 1547 mater.

543 1563 577 1596 3.
594 1564 668 1596 Hac
687 1573 717 1596 et
736 1565 901 1598 Santonici
918 1567 954 1599 in
975 1566 1055 1600 edd.
1076 1575 1160 1600 vett.

487 1616 606 1649 ,δἀιιεεα
629 1630 712 1650 meo.
730 1641 737 1647 .
756 1641 764 1647 .
783 1641 790 1648 .
802 1617 886 1661 Rufo
906 1618 986 1653 cod.
1002 1620 1162 1654 Pulman.

488 1690 539 1695 —-
550 1669 739 1704 Sanctones
749 1672 803 1704 vel
815 1672 986 1706 Santones
1000 1673 1054 1706 vel
1069 1673 1164 1706 Xau-

490 1729 586 1756 tones
605 1724 726 1769 populi
749 1733 829 1758 sunt
849 1725 971 1758 Galliae
995 1738 1035 1758 ex
1057 1726 1166 1775 Aqui—

1221 1196 1312 1231 tania
1331 1197 1443 1243 prima
1456 1222 1466 1237 ,
1483 1195 1610 1237 hodie,
1630 1196 1814 1240 Saintonge.
1829 1195 1895 1227 Eu.

1276 1255 1311 1290 4.
1325 1250 1405 1283 Plus
1422 1249 1512 1282 debet
1520 1251 1611 1295 patri
1623 1249 1710 1281 nulla
1719 1248 1829 1293 puella
1843 1260 1898 1280 suo

1222 1304 1410 1336 Pulmann.
1423 1303 1563 1335 —Plus
1581 1301 1671 1334 debet
1687 1304 1782 1333 matri
1798 1300 1897 1334 nulla.

1223 1355 1330 1397 Quod
1343 1364 1423 1389 nata
1441 1356 1485 1389 sit
1504 1356 1572 1388 hoc
1593 1354 1661 1388 die.
1852 1350 1860 1358 ”

1282 1410 1312 1442 5.
1336 1408 1488 1443 Gemina.
1500 1436 1507 1442 .
1519 1408 1688 1452 ‚Contigit‚
1706 1416 1771 1440 etc.
1791 1404 1899 1447 Quod

1223 1475 1334 1495 unum
1362 1460 1597 1506 eumdemque
1628 1460 1780 1493 celebret
1804 1467 1900 1492 nata-

1224 1515 1292 1548 lem
1311 1515 1454 1549 Caesaris
1474 1522 1508 1547 et
1527 1513 1655 1546 uxoris,

1279 1571 1314 1602 6.
1334 1569 1393 1601 Bis
1414 1581 1520 1600 amare
1540 1567 1631 1599 diem.
1656 1563 1762 1606 Quod
1781 1577 1822 1598 eo
1844 1563 1902 1598 die

1226 1634 1313 1654 uxor
1333 1620 1488 1654 Caesonia
1511 1629 1545 1653 et
1566 1618 1786 1652 Domitianus
1800 1625 1902 1650 natus

1225 1674 1289 1715 sit,
1308 1686 1459 1719 quorum
1479 1671 1675 1707 communis
1692 1670 1825 1716 peragit
1842 1681 1903 1703 na-

1228 1727 1304 1760 talis
1328 1727 1466 1760 festum.

1122 1879 1287 1932 XLI.

586 2034 947 2063 DED10DOR0
980 2035 1043 2062 ET
1077 2034 1225 2062 x'oTo
1262 2033 1540 2062 PHILAENlS
1576 2011 1820 2061 UXORle

705 2166 940 2209 TARPEMS
965 2165 1187 2209 Diodorus
1213 2165 1265 2208 ad
1293 2180 1476 2208 coronas

706 2237 893 2279 Romam
919 2252 1054 2296 quum
1081 2245 1248 2297 peteret
1280 2235 1423 2279 Pharo
1452 2233 1627 2285 relicta3

548 2380 560 2393 ¹
578 2385 630 2416 De
660 2392 729 2416 roto
748 2384 891 2416 Philem‘s
915 2384 1099 2430 inscriptio
1124 2393 1174 2416 est

499 2438 530 2469 in
552 2436 631 2470 Ald.
651 2438 752 2470 Junt.
774 2437 891 2470 Colin.
913 2445 977 2470 etc.

556 2504 583 2523 1.
611 2491 763 2535 sliu-peius
786 2490 947 2524 Diodorus
969 2490 1014 2521 ml
1031 2503 1173 2523 coronas.

499 2543 647 2577 Notatur
662 2544 719 2577 hic
734 2555 740 2576 :
756 2544 797 2576 In
815 2543 1097 2588 Quinquatribus
1111 2543 1175 2575 Mi-

497 2609 628 2634 nervam
645 2596 752 2629 immo
771 2597 805 2628 in
821 2609 932 2641 agone
949 2596 1146 2641 Capitolino
1164 2610 1170 2627 2

500 2662 576 2681 nani
589 2649 867 2694 Quinquatribus
879 2650 1020 2683 Albanae
1037 2661 1175 2682 corona·-

497 2701 685 2743 dabantur,
695 2715 765 2734 non
777 2702 1172 2747 Tarpeiae.Gnosovius.

1233 2406 1285 2410 —
1304 2385 1454 2429 Tarpeias
1470 2383 1642 2420 Diodorus,
1662 2391 1726 2415 etc.
1743 2383 1785 2414 ln
1800 2381 1911 2422 Quiu-

1235 2437 1380 2482 quatriis
1409 2437 1588 2469 Minervae.
1618 2435 1715 2468 Libri
1744 2435 1808 2474 IV,
1836 2434 1911 2479 epi-

1235 2498 1423 2535 grammate
1444 2502 1518 2529 ων,
1536 2502 1584 2521 vs.
1615 2502 1626 2522 1
1639 2515 1645 2521 .

1292 2557 1324 2576 α.
1345 2543 1464 2575 Pharo.
1485 2542 1633 2581 Pharos,
1651 2540 1756 2573 hodie
1776 2540 1908 2575 Far-1011,

1236 2597 1374 2629 colonia
1392 2604 1425 2628 et
1447 2594 1617 2640 oppidum
1635 2593 1775 2638 :Egypti
1788 2618 1796 2632 ‚
1819 2591 1911 2638 apud

1236 2648 1501 2686 Alexandriam,
1521 2648 1553 2680 in
1581 2647 1690 2680 insula
1715 2645 1911 2678 continenti

1238 2714 1333 2747 paetw
1348 2703 1466 2747 juncta
1480 2726 1488 2738 .
1505 2710 1568 2734 etc.
1590 2700 1805 2732 1⁴'1-:uflmms.
