1978 3305
842 198 902 239 M.
926 198 1066 241 VAL.
1104 197 1492 242 MARTIALIS

1028 345 1299 402 LXXII.

679 501 748 529 An
787 500 999 539 RUFUM,
1040 500 1102 528 DE
1140 500 1368 530 ORIGINE
1406 481 1648 530 BAcan*

529 625 624 680 Qm
653 623 793 684 potuit
821 623 982 668 Bacchi
1011 633 1195 667 matrem
1224 623 1380 668 dixisse
1405 625 1670 680 Tonantem,

599 692 678 737 Ille
708 702 854 754 potest
878 692 1076 738 Semelen
1104 693 1271 749 dicere,
1295 693 1433 750 Rufe,
1456 703 1638 755 patrem.

512 827 527 841 *
544 830 651 863 Jocus
668 841 709 863 ex
730 830 874 863 nomine
890 829 1018 863 Bacchi
1036 841 1129 863 sum-

457 890 561 927 ptus:
587 882 718 916 Graecis
752 883 845 916 enim
875 879 1046 927 διμῆτωρ,
1070 894 1130 915 seu

455 934 588 967 bimater
603 934 737 977 dictus;
750 936 847 981 quasi
866 934 952 968 duas
970 935 1132 969 habuerit

458 995 585 1021 matres
608 988 758 1021 :Jovem
796 1000 842 1022 ex
873 989 972 1034 cujus
1000 988 1132 1021 femore

457 1048 582 1073 natum
617 1041 734 1082 aiunt,
755 1049 789 1074 et
821 1041 981 1074 Semelen
1008 1039 1131 1074 Cadmi

459 1092 567 1126 filiam
583 1118 593 1134 ‚
621 1106 662 1126 ex
687 1106 757 1139 qua
785 1093 903 1127 denuo
928 1093 1105 1128 flammata
1121 1118 1131 1134 ‚

454 1145 551 1179 velut
586 1145 665 1191 igne
698 1145 846 1192 prodiit.
868 1146 939 1187 Qui
968 1146 1004 1178 in
1031 1158 1132 1179 mon-

453 1206 566 1232 stroso
585 1199 715 1232 Bacchi
734 1196 906 1244 ὃιμῆτορῡς
934 1197 987 1231 καὶ
1007 1195 1132 1244 &liupo-o

453 1251 552 1284 Jovis
590 1251 721 1285 scilicet
753 1252 886 1284 femore
918 1250 1064 1296 perfecti
1099 1260 1135 1285 et

456 1303 569 1337 renati
584 1311 704 1349 partu,
721 1312 918 1337 monstroso
933 1302 1026 1336 ludit
1041 1304 1135 1349 inge—

457 1357 519 1389 nio
531 1381 541 1398 ,
552 1357 674 1389 Jovem
688 1356 813 1390 Bacchi
826 1364 973 1390 matrem
989 1368 1134 1396 vocans,

456 1421 518 1442 cur
547 1422 618 1442 non
646 1422 743 1455 aeque
768 1410 898 1448 ἀτόπως
919 1417 953 1442 et
979 1409 1135 1442 Semelen

454 1462 608 1508 appellat
642 1471 780 1507 patrem
808 1461 972 1496 Bacchi?
1008 1474 1134 1495 verum

1188 843 1261 864 nou
1292 839 1361 864 tam
1399 831 1570 864 rationem
1599 839 1633 864 et
1667 831 1859 877 analogiam

1187 883 1244 916 hic
1260 884 1316 916 vel
1333 883 1507 928 ignoravit
1521 883 1577 916 vel
1589 896 1662 917 non
1683 884 1860 918 examina-

1187 936 1239 969 vit
1256 936 1443 977 Martialis,
1459 948 1563 981 quam
1580 937 1701 982 jocum
1722 937 1862 970 affecta-

1189 988 1252 1022 vit.
1263 987 1355 1022 Vide
1371 989 1503 1022 Mureti
1516 1001 1586 1022 var.
1604 989 1746 1022 lection.
1759 990 1857 1029 XIX,

1189 1053 1264 1086 cap.
1290 1053 1322 1075 1.

1242 1115 1294 1120 —
1310 1094 1362 1126 De
1382 1095 1503 1138 origine
1520 1094 1642 1126 Bacchi
1664 1094 1791 1127 lemma
1810 1102 1860 1128 est

1188 1146 1224 1179 in
1237 1144 1429 1180 Ald.Junt.
1439 1145 1855 1192 Colin.Gryph.Pulman.

1190 1198 1334 1232 Junian.
1360 1199 1468 1243 Lang.
1489 1199 1574 1232 aliis.

1247 1264 1280 1284 2.
1294 1252 1359 1284 Hic
1363 1253 1470 1296 potuit
1485 1251 1624 1285 Semelen
1639 1251 1773 1285 Beverl.
1788 1251 1863 1285 MS.

1191 1326 1244 1330 -—
1261 1304 1372 1337 Potest
1388 1304 1539 1344 Semelen,
1559 1313 1622 1338 etc.
1640 1304 1730 1337 Nam
1745 1311 1784 1337 ut
1801 1305 1863 1337 Ju-

1195 1357 1287 1402 piter
1307 1356 1362 1389 vir
1383 1365 1418 1390 et
1445 1365 1559 1390 tamen
1583 1365 1717 1398 mater,
1739 1357 1784 1390 ita
1805 1357 1864 1390 Se-

1194 1409 1284 1442 mele
1293 1409 1375 1443 licet
1387 1409 1526 1443 foemina
1539 1417 1652 1454 potest
1668 1408 1738 1442 dici
1753 1418 1863 1455 pater,

1194 1470 1252 1496 aut
1264 1462 1293 1496 si
1311 1462 1378 1496 hoc
1397 1461 1586 1496 absurdum
1599 1488 1609 1504 ,
1627 1462 1694 1496 erit
1710 1470 1743 1496 et
1763 1461 1861 1495 illud.

1005 1598 1314 1653 LXXIII.

901 1755 971 1783 An
1018 1732 1426 1782 THEODORUM‚*

667 1883 774 1926 NON
806 1880 963 1924 donem
992 1879 1068 1923 tibi
1097 1896 1176 1922 cur
1205 1895 1325 1922 meos
1353 1877 1517 1923 libellos

666 1952 823 1994 Oranti
852 1951 1000 2004 toties,
1024 1960 1067 1993 et
1087 1950 1298 2010 exigenti,

668 2022 868 2074 Miraris,
890 2019 1149 2064 Theodore?
1172 2035 1331 2080 magna
1358 2035 1487 2064 causa
1516 2028 1602 2070 θεῖς

665 2094 816 2137 Dones
842 2101 888 2136 tu
911 2091 1018 2135 mihi
1044 2107 1099 2135 ne
1123 2100 1220 2135 tuos
1245 2088 1421 2134 libellos.

510 2231 523 2243 *
537 2232 603 2265 Hic
616 2230 749 2264 nullam
760 2229 920 2264 lectionis
931 2229 1134 2262 varietatem

456 2284 623 2317 exhibent
657 2283 867 2329 exemplaria
894 2283 1026 2316 calamo
1053 2293 1134 2315 exa-

460 2345 531 2370 rata
545 2363 554 2378 ,
572 2345 629 2370 aut
650 2337 741 2382 typis
760 2337 937 2380 impressa.

512 2390 713 2423 —Excusat
728 2388 827 2435 quod
850 2401 922 2422 non
942 2386 1135 2421 Theodoro

459 2443 572 2475 oranti
606 2443 717 2475 mittat
751 2443 857 2475 libros
879 2454 979 2479 suos:
1003 2453 1038 2474 se
1057 2453 1131 2473 mc-

460 2504 560 2528 tuerc
575 2507 618 2527 ne
631 2495 687 2527 hic
705 2495 819 2528 mittat
839 2508 918 2528 suos
934 2493 1132 2527 verisimili-

460 2556 510 2580 ter
530 2548 698 2581 infit-etos.
712 2548 887 2580 Consonat
905 2547 986 2580 huic
1003 2547 1024 2580 l.
1041 2547 1107 2579 Vll
1122 2572 1130 2585 ,

1194 2228 1302 2274 epigr.
1338 2240 1367 2260 11
1389 2226 1433 2261 nd
1459 2227 1695 2260 Pontiliamnu
1715 2239 1723 2260 ;
1755 2245 1768 2255 -
1791 2228 1863 2261 Cur

1194 2294 1266 2314 non
1293 2281 1393 2314 mitto
1421 2292 1517 2313 meos
1538 2280 1599 2313 tihi
1613 2305 1622 2320 ‚
1644 2279 1839 2313 pontiliano
1853 2306 1861 2319 ‚

1193 2333 1350 2374 libellos,
1376 2333 1427 2366 No
1448 2333 1532 2365 mihi
1558 2341 1594 2366 tu
1618 2333 1750 2372 mittas,
1772 2333 1862 2366 Pon-

1194 2387 1325 2426 filinne,
1345 2395 1456 2419 mos,-
1473 2387 1524 2419 Ita
1541 2386 1696 2419 Catullus
1711 2385 1752 2418 ad
1772 2386 1863 2418 Lici-

1195 2440 1292 2473 nium
1313 2440 1457 2473 Calvum
1470 2464 1479 2479 ‚
1499 2451 1605 2484 quum
1623 2439 1687 2471 sibi
1706 2438 1862 2483 queritur

1192 2493 1314 2526 missos
1344 2493 1450 2525 malos
1467 2500 1594 2536 poetas.
1618 2490 1698 2524 Vid.
1722 2491 1780 2523 lib.
1806 2492 1835 2522 ll
1853 2515 1863 2530 ‚

1195 2546 1302 2591 epigr.
1324 2557 1396 2577 xiv.
1415 2546 1479 2577 Fa».
