<?xml version="1.0" encoding="UTF-8"?>
<!DOCTYPE html PUBLIC "-//W3C//DTD XHTML 1.0 Transitional//EN"
    "http://www.w3.org/TR/xhtml1/DTD/xhtml1-transitional.dtd">
<html xmlns="http://www.w3.org/1999/xhtml" xml:lang="en" lang="en">
 <head>
  <title>
</title>
<meta http-equiv="Content-Type" content="text/html;charset=utf-8" />
  <meta name='ocr-system' content='tesseract 3.04.00' />
  <meta name='ocr-capabilities' content='ocr_page ocr_carea ocr_par ocr_line ocrx_word'/>
</head>
<body>
  <div class='ocr_page' id='page_1' title='image "./epigrammata02martuoft/epigrammata02martuoft_0171.png"; bbox 0 0 1978 3305; ppageno 0'>
   <div class='ocr_carea' id='block_1_1' title="bbox 338 235 1203 283">
    <p class='ocr_par' dir='ltr' id='par_1_1' title="bbox 338 235 1203 283">
     <span class='ocr_line' id='line_1_1' title="bbox 338 235 1203 283; baseline -0.01 1"><span class='ocrx_word' id='word_1_1' title='bbox 338 236 926 283; x_wconf 87' lang='lat' dir='ltr'><strong>EPIGRAMMATUM</strong></span> <span class='ocrx_word' id='word_1_2' title='bbox 965 237 1089 280; x_wconf 83' lang='lat' dir='ltr'><strong>LIB.</strong></span> <span class='ocrx_word' id='word_1_3' title='bbox 1116 235 1203 277; x_wconf 92' lang='lat' dir='ltr'>VI.</span> 
     </span>
    </p>
   </div>
   <div class='ocr_carea' id='block_1_2' title="bbox 1385 231 1478 294">
    <p class='ocr_par' dir='ltr' id='par_1_2' title="bbox 1385 231 1478 294">
     <span class='ocr_line' id='line_1_2' title="bbox 1385 231 1478 294; baseline 0.022 -17"><span class='ocrx_word' id='word_1_4' title='bbox 1385 231 1478 294; x_wconf 79' lang='lat'>159</span> 
     </span>
    </p>
   </div>
   <div class='ocr_carea' id='block_1_3' title="bbox 673 401 867 458">
    <p class='ocr_par' dir='ltr' id='par_1_3' title="bbox 673 401 867 458">
     <span class='ocr_line' id='line_1_3' title="bbox 673 401 867 458; baseline -0.01 -1"><span class='ocrx_word' id='word_1_5' title='bbox 673 401 867 458; x_wconf 88' lang='lat' dir='ltr'>LVII.</span> 
     </span>
    </p>
   </div>
   <div class='ocr_carea' id='block_1_4' title="bbox 564 533 987 585">
    <p class='ocr_par' dir='ltr' id='par_1_4' title="bbox 564 533 987 585">
     <span class='ocr_line' id='line_1_4' title="bbox 564 533 987 585; baseline -0.007 -1"><span class='ocrx_word' id='word_1_6' title='bbox 564 557 618 585; x_wconf 80' lang='lat' dir='ltr'>[N</span> <span class='ocrx_word' id='word_1_7' title='bbox 667 555 944 584; x_wconf 83' lang='lat' dir='ltr'><strong>PHOEBUM.</strong></span> <span class='ocrx_word' id='word_1_8' title='bbox 968 533 987 558; x_wconf 52' lang='lat'>⁴¹¹</span> 
     </span>
    </p>
   </div>
   <div class='ocr_carea' id='block_1_5' title="bbox 140 677 1262 953">
    <p class='ocr_par' dir='ltr' id='par_1_5' title="bbox 141 677 1249 812">
     <span class='ocr_line' id='line_1_5' title="bbox 141 677 1249 741; baseline -0.004 -16"><span class='ocrx_word' id='word_1_9' title='bbox 141 682 380 725; x_wconf 73' lang='lat' dir='ltr'>MEerms</span> <span class='ocrx_word' id='word_1_10' title='bbox 406 679 532 724; x_wconf 86' lang='lat' dir='ltr'>fictos</span> <span class='ocrx_word' id='word_1_11' title='bbox 555 689 808 741; x_wconf 77' lang='lat' dir='ltr'>unguento,</span> <span class='ocrx_word' id='word_1_12' title='bbox 831 678 1022 734; x_wconf 83' lang='lat' dir='ltr'>Phoebe,</span> <span class='ocrx_word' id='word_1_13' title='bbox 1044 677 1249 740; x_wconf 74' lang='lat' dir='ltr'>capillos,</span> 
     </span>
     <span class='ocr_line' id='line_1_6' title="bbox 208 748 1110 812; baseline -0.002 -18"><span class='ocrx_word' id='word_1_14' title='bbox 208 753 265 794; x_wconf 80' lang='lat' dir='ltr'>Et</span> <span class='ocrx_word' id='word_1_15' title='bbox 289 752 449 812; x_wconf 83' lang='lat' dir='ltr'>tegitur</span> <span class='ocrx_word' id='word_1_16' title='bbox 470 751 596 812; x_wconf 84' lang='lat' dir='ltr'>pictis</span> <span class='ocrx_word' id='word_1_17' title='bbox 619 750 793 795; x_wconf 85' lang='lat' dir='ltr'>sordida</span> <span class='ocrx_word' id='word_1_18' title='bbox 816 748 939 794; x_wconf 81' lang='lat' dir='ltr'>calva</span> <span class='ocrx_word' id='word_1_19' title='bbox 962 749 1110 810; x_wconf 87' lang='lat' dir='ltr'>comis.</span> 
     </span>
    </p>

    <p class='ocr_par' dir='ltr' id='par_1_6' title="bbox 140 820 1262 953">
     <span class='ocr_line' id='line_1_7' title="bbox 140 820 1247 882; baseline -0.001 -19"><span class='ocrx_word' id='word_1_20' title='bbox 140 823 380 864; x_wconf 86' lang='lat' dir='ltr'><strong>Tonsorem</strong></span> <span class='ocrx_word' id='word_1_21' title='bbox 402 821 535 882; x_wconf 85' lang='lat' dir='ltr'>capiti</span> <span class='ocrx_word' id='word_1_22' title='bbox 557 837 647 865; x_wconf 92' lang='lat' dir='ltr'>non</span> <span class='ocrx_word' id='word_1_23' title='bbox 672 830 738 865; x_wconf 84' lang='lat' dir='ltr'>est</span> <span class='ocrx_word' id='word_1_24' title='bbox 763 820 969 864; x_wconf 86' lang='lat' dir='ltr'>adhibere</span> <span class='ocrx_word' id='word_1_25' title='bbox 994 835 1247 875; x_wconf 79' lang='lat' dir='ltr'>necessum3</span> 
     </span>
     <span class='ocr_line' id='line_1_8' title="bbox 212 889 1262 953; baseline -0.001 -20"><span class='ocrx_word' id='word_1_26' title='bbox 212 891 385 935; x_wconf 79' lang='lat' dir='ltr'>Radere</span> <span class='ocrx_word' id='word_1_27' title='bbox 411 901 454 935; x_wconf 89' lang='lat' dir='ltr'>te</span> <span class='ocrx_word' id='word_1_28' title='bbox 479 890 633 936; x_wconf 87' lang='lat' dir='ltr'>melius</span> <span class='ocrx_word' id='word_1_29' title='bbox 659 892 866 953; x_wconf 82' lang='lat' dir='ltr'>spongia,</span> <span class='ocrx_word' id='word_1_30' title='bbox 888 889 1052 934; x_wconf 81' lang='lat' dir='ltr'>Phoebe</span> <span class='ocrx_word' id='word_1_31' title='bbox 1069 925 1080 945; x_wconf 88' lang='lat'>,</span> <span class='ocrx_word' id='word_1_32' title='bbox 1106 899 1262 951; x_wconf 87' lang='lat' dir='ltr'>potest.</span> 
     </span>
    </p>
   </div>
   <div class='ocr_carea' id='block_1_6' title="bbox 65 1027 756 1818">
    <p class='ocr_par' dir='ltr' id='par_1_7' title="bbox 67 1027 747 1130">
     <span class='ocr_line' id='line_1_9' title="bbox 122 1027 747 1076; baseline -0.002 -11"><span class='ocrx_word' id='word_1_33' title='bbox 122 1027 137 1041; x_wconf 67' lang='lat'>⁴¹</span> <span class='ocrx_word' id='word_1_34' title='bbox 154 1032 193 1065; x_wconf 87' lang='lat' dir='ltr'>In</span> <span class='ocrx_word' id='word_1_35' title='bbox 212 1031 363 1064; x_wconf 77' lang='lat' dir='ltr'>Plcoebum</span> <span class='ocrx_word' id='word_1_36' title='bbox 383 1039 534 1076; x_wconf 76' lang='lat' dir='ltr'>tegentem</span> <span class='ocrx_word' id='word_1_37' title='bbox 554 1032 674 1064; x_wconf 75' lang='lat' dir='ltr'>calvam</span> <span class='ocrx_word' id='word_1_38' title='bbox 693 1045 747 1064; x_wconf 87' lang='lat' dir='ltr'>ca-</span> 
     </span>
     <span class='ocr_line' id='line_1_10' title="bbox 67 1084 746 1130; baseline 0.001 -13"><span class='ocrx_word' id='word_1_39' title='bbox 67 1085 156 1130; x_wconf 62' lang='lat' dir='ltr'>pellis</span> <span class='ocrx_word' id='word_1_40' title='bbox 172 1084 374 1118; x_wconf 83' lang='lat' dir='ltr'>inscribitur</span> <span class='ocrx_word' id='word_1_41' title='bbox 393 1085 429 1118; x_wconf 93' lang='lat' dir='ltr'>in</span> <span class='ocrx_word' id='word_1_42' title='bbox 446 1084 653 1118; x_wconf 85' lang='lat' dir='ltr'>Beverlandi</span> <span class='ocrx_word' id='word_1_43' title='bbox 670 1085 746 1118; x_wconf 88' lang='lat' dir='ltr'>MS.</span> 
     </span>
    </p>

    <p class='ocr_par' dir='ltr' id='par_1_8' title="bbox 72 1137 750 1288">
     <span class='ocr_line' id='line_1_11' title="bbox 124 1137 749 1178; baseline 0.002 -8"><span class='ocrx_word' id='word_1_44' title='bbox 124 1159 175 1163; x_wconf 96' lang='lat'><strong>—</strong></span> <span class='ocrx_word' id='word_1_45' title='bbox 195 1137 367 1171; x_wconf 81' lang='lat' dir='ltr'>Phoebum</span> <span class='ocrx_word' id='word_1_46' title='bbox 386 1150 514 1171; x_wconf 89' lang='lat' dir='ltr'>canum</span> <span class='ocrx_word' id='word_1_47' title='bbox 532 1145 566 1171; x_wconf 86' lang='lat' dir='ltr'>et</span> <span class='ocrx_word' id='word_1_48' title='bbox 586 1138 724 1171; x_wconf 89' lang='lat' dir='ltr'>calvum</span> <span class='ocrx_word' id='word_1_49' title='bbox 739 1163 749 1178; x_wconf 80' lang='grc'>,</span> 
     </span>
     <span class='ocr_line' id='line_1_12' title="bbox 72 1190 750 1236; baseline 0.001 -13"><span class='ocrx_word' id='word_1_50' title='bbox 72 1190 213 1223; x_wconf 79' lang='lat' dir='ltr'>fictitios</span> <span class='ocrx_word' id='word_1_51' title='bbox 238 1190 303 1223; x_wconf 84' lang='lat' dir='ltr'>sibi</span> <span class='ocrx_word' id='word_1_52' title='bbox 324 1190 468 1235; x_wconf 86' lang='lat' dir='ltr'>capillos</span> <span class='ocrx_word' id='word_1_53' title='bbox 489 1199 750 1236; x_wconf 84' lang='lat' dir='ltr'>comparantem</span> 
     </span>
     <span class='ocr_line' id='line_1_13' title="bbox 76 1242 748 1288; baseline 0.001 -12"><span class='ocrx_word' id='word_1_54' title='bbox 76 1242 198 1276; x_wconf 86' lang='lat' dir='ltr'>irridet</span> <span class='ocrx_word' id='word_1_55' title='bbox 213 1255 221 1276; x_wconf 93' lang='lat'>:</span> <span class='ocrx_word' id='word_1_56' title='bbox 236 1255 315 1276; x_wconf 87' lang='lat' dir='ltr'>nam</span> <span class='ocrx_word' id='word_1_57' title='bbox 335 1243 487 1277; x_wconf 85' lang='lat' dir='ltr'>calvities</span> <span class='ocrx_word' id='word_1_58' title='bbox 505 1243 748 1288; x_wconf 84' lang='lat' dir='ltr'>ignominiosa.</span> 
     </span>
    </p>

    <p class='ocr_par' dir='ltr' id='par_1_9' title="bbox 65 1295 756 1818">
     <span class='ocr_line' id='line_1_14' title="bbox 130 1295 751 1341; baseline 0 -12"><span class='ocrx_word' id='word_1_59' title='bbox 130 1308 144 1329; x_wconf 94' lang='lat'>1</span> <span class='ocrx_word' id='word_1_60' title='bbox 155 1322 162 1329; x_wconf 90' lang='lat'>.</span> <span class='ocrx_word' id='word_1_61' title='bbox 174 1296 243 1329; x_wconf 93' lang='lat' dir='ltr'>Pro</span> <span class='ocrx_word' id='word_1_62' title='bbox 247 1295 345 1340; x_wconf 79' lang='lat' dir='ltr'>fictos</span> <span class='ocrx_word' id='word_1_63' title='bbox 360 1296 548 1341; x_wconf 84' lang='lat' dir='ltr'>legendum</span> <span class='ocrx_word' id='word_1_64' title='bbox 563 1309 635 1330; x_wconf 88' lang='lat' dir='ltr'>esse</span> <span class='ocrx_word' id='word_1_65' title='bbox 651 1305 751 1329; x_wconf 82' lang='lat' dir='ltr'>tactos</span> 
     </span>
     <span class='ocr_line' id='line_1_15' title="bbox 73 1347 756 1395; baseline 0.003 -14"><span class='ocrx_word' id='word_1_66' title='bbox 73 1350 164 1393; x_wconf 87' lang='lat' dir='ltr'>conj.</span> <span class='ocrx_word' id='word_1_67' title='bbox 175 1349 298 1383; x_wconf 90' lang='lat' dir='ltr'>Heins.</span> <span class='ocrx_word' id='word_1_68' title='bbox 310 1347 353 1382; x_wconf 86' lang='lat' dir='ltr'>ad</span> <span class='ocrx_word' id='word_1_69' title='bbox 362 1348 467 1383; x_wconf 83' lang='lat' dir='ltr'>Ovid.</span> <span class='ocrx_word' id='word_1_70' title='bbox 479 1349 570 1383; x_wconf 88' lang='lat' dir='ltr'>Fast.</span> <span class='ocrx_word' id='word_1_71' title='bbox 580 1350 648 1390; x_wconf 89' lang='lat' dir='ltr'>IV,</span> <span class='ocrx_word' id='word_1_72' title='bbox 665 1354 756 1395; x_wconf 71' lang='lat'>7403</span> 
     </span>
     <span class='ocr_line' id='line_1_16' title="bbox 65 1401 752 1448; baseline 0.006 -15"><span class='ocrx_word' id='word_1_73' title='bbox 65 1401 162 1446; x_wconf 78' lang='lat' dir='ltr'>fictos</span> <span class='ocrx_word' id='word_1_74' title='bbox 176 1410 293 1435; x_wconf 88' lang='lat' dir='ltr'>tamen</span> <span class='ocrx_word' id='word_1_75' title='bbox 309 1401 452 1435; x_wconf 87' lang='lat' dir='ltr'>defendi</span> <span class='ocrx_word' id='word_1_76' title='bbox 469 1415 569 1448; x_wconf 83' lang='lat' dir='ltr'>posse</span> <span class='ocrx_word' id='word_1_77' title='bbox 580 1429 589 1444; x_wconf 97' lang='lat'>,</span> <span class='ocrx_word' id='word_1_78' title='bbox 605 1404 752 1448; x_wconf 84' lang='lat' dir='ltr'>putabat</span> 
     </span>
     <span class='ocr_line' id='line_1_17' title="bbox 75 1453 752 1500; baseline 0 -13"><span class='ocrx_word' id='word_1_79' title='bbox 75 1453 239 1488; x_wconf 89' lang='lat' dir='ltr'>Oudend.</span> <span class='ocrx_word' id='word_1_80' title='bbox 272 1454 317 1488; x_wconf 88' lang='lat' dir='ltr'>ad</span> <span class='ocrx_word' id='word_1_81' title='bbox 344 1456 477 1489; x_wconf 81' lang='lat' dir='ltr'>Lucan.</span> <span class='ocrx_word' id='word_1_82' title='bbox 503 1456 561 1497; x_wconf 89' lang='lat' dir='ltr'>X,</span> <span class='ocrx_word' id='word_1_83' title='bbox 587 1459 673 1500; x_wconf 68' lang='lat'>491.</span> <span class='ocrx_word' id='word_1_84' title='bbox 700 1478 752 1482; x_wconf 92' lang='lat'><strong>—</strong></span> 
     </span>
     <span class='ocr_line' id='line_1_18' title="bbox 74 1506 751 1542; baseline 0.004 -3"><span class='ocrx_word' id='word_1_85' title='bbox 74 1506 364 1541; x_wconf 83' lang='lat' dir='ltr'>Emendationem</span> <span class='ocrx_word' id='word_1_86' title='bbox 391 1508 525 1542; x_wconf 80' lang='lat' dir='ltr'>Heinsii</span> <span class='ocrx_word' id='word_1_87' title='bbox 551 1508 667 1542; x_wconf 83' lang='lat' dir='ltr'>firmat</span> <span class='ocrx_word' id='word_1_88' title='bbox 693 1521 751 1542; x_wconf 91' lang='lat' dir='ltr'>co-</span> 
     </span>
     <span class='ocr_line' id='line_1_19' title="bbox 74 1559 752 1607; baseline 0.004 -14"><span class='ocrx_word' id='word_1_89' title='bbox 74 1559 140 1593; x_wconf 88' lang='lat' dir='ltr'>dex</span> <span class='ocrx_word' id='word_1_90' title='bbox 159 1560 298 1594; x_wconf 84' lang='lat' dir='ltr'>Thuan.</span> <span class='ocrx_word' id='word_1_91' title='bbox 319 1561 381 1607; x_wconf 88' lang='lat' dir='ltr'>qui</span> <span class='ocrx_word' id='word_1_92' title='bbox 391 1563 502 1604; x_wconf 81' lang='lat' dir='ltr'>factos</span> <span class='ocrx_word' id='word_1_93' title='bbox 516 1562 643 1595; x_wconf 83' lang='lat' dir='ltr'>habet:</span> <span class='ocrx_word' id='word_1_94' title='bbox 662 1562 752 1596; x_wconf 88' lang='lat' dir='ltr'>forte</span> 
     </span>
     <span class='ocr_line' id='line_1_20' title="bbox 75 1615 752 1660; baseline 0.003 -14"><span class='ocrx_word' id='word_1_95' title='bbox 75 1621 190 1646; x_wconf 89' lang='lat' dir='ltr'>tamen</span> <span class='ocrx_word' id='word_1_96' title='bbox 212 1626 230 1646; x_wconf 92' lang='lat' dir='ltr'>e</span> <span class='ocrx_word' id='word_1_97' title='bbox 247 1622 387 1660; x_wconf 88' lang='lat' dir='ltr'>recepta</span> <span class='ocrx_word' id='word_1_98' title='bbox 406 1627 479 1648; x_wconf 90' lang='lat' dir='ltr'>non</span> <span class='ocrx_word' id='word_1_99' title='bbox 498 1615 670 1648; x_wconf 85' lang='lat' dir='ltr'>inutiliter</span> <span class='ocrx_word' id='word_1_100' title='bbox 691 1617 752 1648; x_wconf 84' lang='lat' dir='ltr'>tin-</span> 
     </span>
     <span class='ocr_line' id='line_1_21' title="bbox 74 1661 754 1713; baseline 0.003 -16"><span class='ocrx_word' id='word_1_101' title='bbox 74 1674 139 1698; x_wconf 84' lang='lat' dir='ltr'>ctos</span> <span class='ocrx_word' id='word_1_102' title='bbox 158 1666 319 1708; x_wconf 64' lang='lat' dir='ltr'>diceres,</span> <span class='ocrx_word' id='word_1_103' title='bbox 340 1666 436 1713; x_wconf 90' lang='lat' dir='ltr'>quod</span> <span class='ocrx_word' id='word_1_104' title='bbox 455 1661 548 1710; x_wconf 82' lang='lat' dir='ltr'>(hoc</span> <span class='ocrx_word' id='word_1_105' title='bbox 567 1666 673 1701; x_wconf 88' lang='lat' dir='ltr'>modo</span> <span class='ocrx_word' id='word_1_106' title='bbox 685 1692 692 1704; x_wconf 87' lang='lat'>,</span> <span class='ocrx_word' id='word_1_107' title='bbox 715 1663 754 1699; x_wconf 75' lang='grc' dir='ltr'>τί-</span> 
     </span>
     <span class='ocr_line' id='line_1_22' title="bbox 75 1713 754 1762; baseline 0.006 -12"><span class='ocrx_word' id='word_1_108' title='bbox 75 1713 184 1762; x_wconf 80' lang='lat' dir='ltr'>ctos‚)</span> <span class='ocrx_word' id='word_1_109' title='bbox 216 1719 358 1754; x_wconf 80' lang='lat' dir='ltr'>exhibet</span> <span class='ocrx_word' id='word_1_110' title='bbox 388 1720 535 1754; x_wconf 86' lang='lat' dir='ltr'>Juntina</span> <span class='ocrx_word' id='word_1_111' title='bbox 569 1729 688 1754; x_wconf 88' lang='lat' dir='ltr'>nostra</span> <span class='ocrx_word' id='word_1_112' title='bbox 718 1721 754 1754; x_wconf 90' lang='lat' dir='ltr'>in</span> 
     </span>
     <span class='ocr_line' id='line_1_23' title="bbox 76 1771 755 1818; baseline 0.004 -14"><span class='ocrx_word' id='word_1_113' title='bbox 76 1771 242 1817; x_wconf 83' lang='lat' dir='ltr'>margine.</span> <span class='ocrx_word' id='word_1_114' title='bbox 263 1794 314 1799; x_wconf 84' lang='lat'>——</span> <span class='ocrx_word' id='word_1_115' title='bbox 333 1773 482 1806; x_wconf 76' lang='lat' dir='ltr'>Mentiris</span> <span class='ocrx_word' id='word_1_116' title='bbox 491 1773 600 1818; x_wconf 80' lang='lat' dir='ltr'>fictos,</span> <span class='ocrx_word' id='word_1_117' title='bbox 618 1775 755 1807; x_wconf 92' lang='lat' dir='ltr'>Turne-</span> 
     </span>
    </p>
   </div>
   <div class='ocr_carea' id='block_1_7' title="bbox 77 1824 756 1872">
    <p class='ocr_par' dir='ltr' id='par_1_10' title="bbox 77 1824 756 1872">
     <span class='ocr_line' id='line_1_24' title="bbox 77 1824 756 1872; baseline 0.006 -17"><span class='ocrx_word' id='word_1_118' title='bbox 77 1824 140 1858; x_wconf 84' lang='lat' dir='ltr'>bus</span> <span class='ocrx_word' id='word_1_119' title='bbox 152 1849 162 1866; x_wconf 82' lang='lat'>,</span> <span class='ocrx_word' id='word_1_120' title='bbox 177 1825 237 1859; x_wconf 86' lang='lat' dir='ltr'>lib.</span> <span class='ocrx_word' id='word_1_121' title='bbox 255 1826 372 1867; x_wconf 91' lang='lat' dir='ltr'>XXV,</span> <span class='ocrx_word' id='word_1_122' title='bbox 389 1838 464 1871; x_wconf 82' lang='lat' dir='ltr'>cap.</span> <span class='ocrx_word' id='word_1_123' title='bbox 494 1839 552 1872; x_wconf 80' lang='lat'>27.</span> <span class='ocrx_word' id='word_1_124' title='bbox 574 1827 668 1860; x_wconf 89' lang='lat' dir='ltr'>Olim</span> <span class='ocrx_word' id='word_1_125' title='bbox 693 1827 756 1872; x_wconf 93' lang='lat' dir='ltr'>qui</span> 
     </span>
    </p>
   </div>
   <div class='ocr_carea' id='block_1_8' title="bbox 807 1030 1494 1868">
    <p class='ocr_par' dir='ltr' id='par_1_11' title="bbox 807 1030 1486 1225">
     <span class='ocr_line' id='line_1_25' title="bbox 808 1030 1486 1076; baseline 0 -11"><span class='ocrx_word' id='word_1_126' title='bbox 808 1039 907 1066; x_wconf 84' lang='lat' dir='ltr'>erant</span> <span class='ocrx_word' id='word_1_127' title='bbox 935 1039 1011 1065; x_wconf 82' lang='lat' dir='ltr'>toto</span> <span class='ocrx_word' id='word_1_128' title='bbox 1038 1030 1151 1076; x_wconf 84' lang='lat' dir='ltr'>capite</span> <span class='ocrx_word' id='word_1_129' title='bbox 1175 1030 1282 1072; x_wconf 87' lang='lat' dir='ltr'>calvi,</span> <span class='ocrx_word' id='word_1_130' title='bbox 1310 1030 1374 1064; x_wconf 91' lang='lat' dir='ltr'>sibi</span> <span class='ocrx_word' id='word_1_131' title='bbox 1396 1031 1486 1065; x_wconf 88' lang='lat' dir='ltr'>sole-</span> 
     </span>
     <span class='ocr_line' id='line_1_26' title="bbox 807 1084 1485 1130; baseline -0.001 -12"><span class='ocrx_word' id='word_1_132' title='bbox 807 1085 893 1118; x_wconf 84' lang='lat' dir='ltr'>bant</span> <span class='ocrx_word' id='word_1_133' title='bbox 922 1093 1103 1130; x_wconf 86' lang='lat' dir='ltr'>unguento</span> <span class='ocrx_word' id='word_1_134' title='bbox 1132 1084 1266 1129; x_wconf 83' lang='lat' dir='ltr'>perfusi</span> <span class='ocrx_word' id='word_1_135' title='bbox 1302 1084 1399 1118; x_wconf 90' lang='lat' dir='ltr'>velut</span> <span class='ocrx_word' id='word_1_136' title='bbox 1428 1084 1485 1117; x_wconf 85' lang='lat' dir='ltr'>fila</span> 
     </span>
     <span class='ocr_line' id='line_1_27' title="bbox 807 1135 1485 1183; baseline -0.001 -12"><span class='ocrx_word' id='word_1_137' title='bbox 807 1138 1015 1183; x_wconf 89' lang='lat' dir='ltr'>capillorum</span> <span class='ocrx_word' id='word_1_138' title='bbox 1033 1136 1173 1171; x_wconf 84' lang='lat' dir='ltr'>imitari.</span> <span class='ocrx_word' id='word_1_139' title='bbox 1189 1135 1279 1170; x_wconf 87' lang='lat' dir='ltr'>Vide</span> <span class='ocrx_word' id='word_1_140' title='bbox 1295 1148 1350 1183; x_wconf 89' lang='lat' dir='ltr'>ep.</span> <span class='ocrx_word' id='word_1_141' title='bbox 1366 1149 1485 1178; x_wconf 76' lang='lat' dir='ltr'><strong>Lxxw,</strong></span> 
     </span>
     <span class='ocr_line' id='line_1_28' title="bbox 809 1191 913 1225; baseline 0.01 -1"><span class='ocrx_word' id='word_1_142' title='bbox 809 1191 913 1225; x_wconf 87' lang='lat' dir='ltr'>infra.</span> 
     </span>
    </p>

    <p class='ocr_par' dir='ltr' id='par_1_12' title="bbox 809 1242 1488 1502">
     <span class='ocr_line' id='line_1_29' title="bbox 865 1242 1487 1288; baseline -0.002 -11"><span class='ocrx_word' id='word_1_143' title='bbox 865 1258 897 1278; x_wconf 86' lang='lat'>2.</span> <span class='ocrx_word' id='word_1_144' title='bbox 920 1245 969 1277; x_wconf 83' lang='lat' dir='ltr'>Et</span> <span class='ocrx_word' id='word_1_145' title='bbox 987 1245 1105 1288; x_wconf 75' lang='lat' dir='ltr'>tegitur</span> <span class='ocrx_word' id='word_1_146' title='bbox 1115 1242 1205 1287; x_wconf 81' lang='lat' dir='ltr'>fictis</span> <span class='ocrx_word' id='word_1_147' title='bbox 1226 1244 1320 1288; x_wconf 85' lang='lat' dir='ltr'>conj.</span> <span class='ocrx_word' id='word_1_148' title='bbox 1342 1244 1425 1276; x_wconf 84' lang='lat' dir='ltr'>Ant.</span> <span class='ocrx_word' id='word_1_149' title='bbox 1449 1243 1487 1276; x_wconf 63' lang='lat' dir='ltr'>de</span> 
     </span>
     <span class='ocr_line' id='line_1_30' title="bbox 811 1296 1485 1343; baseline -0.003 -13"><span class='ocrx_word' id='word_1_150' title='bbox 811 1298 911 1343; x_wconf 72' lang='lat' dir='ltr'>Rooy.</span> <span class='ocrx_word' id='word_1_151' title='bbox 947 1297 1065 1330; x_wconf 91' lang='lat' dir='ltr'>«Vult</span> <span class='ocrx_word' id='word_1_152' title='bbox 1093 1296 1221 1337; x_wconf 87' lang='lat' dir='ltr'>Poeta,</span> <span class='ocrx_word' id='word_1_153' title='bbox 1253 1296 1370 1341; x_wconf 92' lang='lat' dir='ltr'>inquit</span> <span class='ocrx_word' id='word_1_154' title='bbox 1403 1296 1485 1336; x_wconf 88' lang='lat' dir='ltr'>ille,</span> 
     </span>
     <span class='ocr_line' id='line_1_31' title="bbox 810 1348 1484 1395; baseline -0.001 -12"><span class='ocrx_word' id='word_1_155' title='bbox 810 1350 981 1383; x_wconf 85' lang='lat' dir='ltr'>Phoebum</span> <span class='ocrx_word' id='word_1_156' title='bbox 999 1349 1065 1395; x_wconf 87' lang='lat' dir='ltr'>tegi</span> <span class='ocrx_word' id='word_1_157' title='bbox 1086 1349 1216 1382; x_wconf 85' lang='lat' dir='ltr'>calvam</span> <span class='ocrx_word' id='word_1_158' title='bbox 1232 1348 1410 1382; x_wconf 88' lang='lat' dir='ltr'>sordidam</span> <span class='ocrx_word' id='word_1_159' title='bbox 1429 1361 1484 1395; x_wconf 83' lang='lat' dir='ltr'>ga-</span> 
     </span>
     <span class='ocr_line' id='line_1_32' title="bbox 809 1401 1488 1448; baseline -0.001 -12"><span class='ocrx_word' id='word_1_160' title='bbox 809 1404 883 1436; x_wconf 90' lang='lat' dir='ltr'>lero</span> <span class='ocrx_word' id='word_1_161' title='bbox 896 1429 905 1444; x_wconf 88' lang='lat'>,</span> <span class='ocrx_word' id='word_1_162' title='bbox 921 1411 955 1436; x_wconf 86' lang='lat' dir='ltr'>et</span> <span class='ocrx_word' id='word_1_163' title='bbox 970 1402 1038 1436; x_wconf 88' lang='lat' dir='ltr'>hoc</span> <span class='ocrx_word' id='word_1_164' title='bbox 1059 1401 1166 1436; x_wconf 90' lang='lat' dir='ltr'>modo</span> <span class='ocrx_word' id='word_1_165' title='bbox 1186 1402 1328 1436; x_wconf 89' lang='lat' dir='ltr'>mentiri</span> <span class='ocrx_word' id='word_1_166' title='bbox 1345 1402 1488 1448; x_wconf 87' lang='lat' dir='ltr'>capillos</span> 
     </span>
     <span class='ocr_line' id='line_1_33' title="bbox 811 1463 1169 1502; baseline -0.006 -12"><span class='ocrx_word' id='word_1_167' title='bbox 811 1464 992 1502; x_wconf 85' lang='lat' dir='ltr'>unguento</span> <span class='ocrx_word' id='word_1_168' title='bbox 1012 1463 1131 1489; x_wconf 83' lang='lat' dir='ltr'>tactos.</span> <span class='ocrx_word' id='word_1_169' title='bbox 1156 1472 1169 1485; x_wconf 73' lang='lat' dir='ltr'>n</span> 
     </span>
    </p>

    <p class='ocr_par' dir='ltr' id='par_1_13' title="bbox 811 1507 1489 1595">
     <span class='ocr_line' id='line_1_34' title="bbox 866 1507 1489 1543; baseline -0.005 0"><span class='ocrx_word' id='word_1_170' title='bbox 866 1510 900 1543; x_wconf 84' lang='lat'>3.</span> <span class='ocrx_word' id='word_1_171' title='bbox 927 1508 1089 1542; x_wconf 75' lang='lat' dir='ltr'>Adhibet-e</span> <span class='ocrx_word' id='word_1_172' title='bbox 1110 1521 1241 1542; x_wconf 80' lang='lat' dir='ltr'>necesse.</span> <span class='ocrx_word' id='word_1_173' title='bbox 1263 1507 1384 1541; x_wconf 88' lang='lat' dir='ltr'>Codex</span> <span class='ocrx_word' id='word_1_174' title='bbox 1406 1508 1489 1541; x_wconf 89' lang='lat' dir='ltr'>Pul-</span> 
     </span>
     <span class='ocr_line' id='line_1_35' title="bbox 811 1560 1297 1595; baseline -0.002 0"><span class='ocrx_word' id='word_1_175' title='bbox 811 1562 930 1595; x_wconf 91' lang='lat' dir='ltr'>manni</span> <span class='ocrx_word' id='word_1_176' title='bbox 948 1570 981 1595; x_wconf 89' lang='lat' dir='ltr'>et</span> <span class='ocrx_word' id='word_1_177' title='bbox 997 1560 1205 1594; x_wconf 85' lang='lat' dir='ltr'>Beverlandi</span> <span class='ocrx_word' id='word_1_178' title='bbox 1221 1561 1297 1594; x_wconf 87' lang='lat' dir='ltr'>MS.</span> 
     </span>
    </p>

    <p class='ocr_par' dir='ltr' id='par_1_14' title="bbox 813 1614 1494 1868">
     <span class='ocr_line' id='line_1_36' title="bbox 868 1614 1490 1659; baseline -0.003 -11"><span class='ocrx_word' id='word_1_179' title='bbox 868 1619 902 1656; x_wconf 71' lang='lat'>4.</span> <span class='ocrx_word' id='word_1_180' title='bbox 918 1614 1041 1647; x_wconf 81' lang='lat' dir='ltr'>Radere</span> <span class='ocrx_word' id='word_1_181' title='bbox 1056 1622 1095 1647; x_wconf 79' lang='lat' dir='ltr'>te.</span> <span class='ocrx_word' id='word_1_182' title='bbox 1111 1614 1187 1648; x_wconf 85' lang='lat' dir='ltr'>Hoc</span> <span class='ocrx_word' id='word_1_183' title='bbox 1203 1622 1273 1654; x_wconf 86' lang='lat' dir='ltr'>est,</span> <span class='ocrx_word' id='word_1_184' title='bbox 1292 1615 1490 1659; x_wconf 82' lang='lat' dir='ltr'>abstergere</span> 
     </span>
     <span class='ocr_line' id='line_1_37' title="bbox 813 1666 1490 1713; baseline -0.003 -12"><span class='ocrx_word' id='word_1_185' title='bbox 813 1668 924 1712; x_wconf 88' lang='lat' dir='ltr'>pictos</span> <span class='ocrx_word' id='word_1_186' title='bbox 944 1668 1073 1708; x_wconf 89' lang='lat' dir='ltr'>crines,</span> <span class='ocrx_word' id='word_1_187' title='bbox 1093 1675 1127 1700; x_wconf 91' lang='lat' dir='ltr'>et</span> <span class='ocrx_word' id='word_1_188' title='bbox 1145 1666 1261 1701; x_wconf 88' lang='lat' dir='ltr'>delere</span> <span class='ocrx_word' id='word_1_189' title='bbox 1282 1675 1399 1713; x_wconf 86' lang='lat' dir='ltr'>potest</span> <span class='ocrx_word' id='word_1_190' title='bbox 1419 1667 1490 1699; x_wconf 82' lang='lat' dir='ltr'>sola</span> 
     </span>
     <span class='ocr_line' id='line_1_38' title="bbox 814 1719 1491 1767; baseline -0.003 -13"><span class='ocrx_word' id='word_1_191' title='bbox 814 1721 969 1767; x_wconf 74' lang='lat' dir='ltr'>spongia.</span> <span class='ocrx_word' id='word_1_192' title='bbox 979 1720 1101 1753; x_wconf 80' lang='lat' dir='ltr'>Radere</span> <span class='ocrx_word' id='word_1_193' title='bbox 1116 1733 1189 1754; x_wconf 91' lang='lat' dir='ltr'>non</span> <span class='ocrx_word' id='word_1_194' title='bbox 1204 1719 1334 1753; x_wconf 90' lang='lat' dir='ltr'>dicitur</span> <span class='ocrx_word' id='word_1_195' title='bbox 1346 1719 1491 1766; x_wconf 84' lang='lat' dir='ltr'>proprie</span> 
     </span>
     <span class='ocr_line' id='line_1_39' title="bbox 815 1773 1494 1819; baseline -0.003 -12"><span class='ocrx_word' id='word_1_196' title='bbox 815 1774 882 1807; x_wconf 89' lang='lat' dir='ltr'>nisi</span> <span class='ocrx_word' id='word_1_197' title='bbox 900 1773 944 1807; x_wconf 88' lang='lat' dir='ltr'>de</span> <span class='ocrx_word' id='word_1_198' title='bbox 959 1774 1126 1807; x_wconf 86' lang='lat' dir='ltr'>novacula</span> <span class='ocrx_word' id='word_1_199' title='bbox 1137 1799 1145 1815; x_wconf 97' lang='lat'>,</span> <span class='ocrx_word' id='word_1_200' title='bbox 1166 1785 1244 1819; x_wconf 88' lang='lat' dir='ltr'>quae</span> <span class='ocrx_word' id='word_1_201' title='bbox 1259 1785 1361 1806; x_wconf 85' lang='lat' dir='ltr'>veros</span> <span class='ocrx_word' id='word_1_202' title='bbox 1381 1773 1494 1819; x_wconf 92' lang='lat' dir='ltr'>capil-</span> 
     </span>
     <span class='ocr_line' id='line_1_40' title="bbox 816 1826 1490 1868; baseline -0.001 -8"><span class='ocrx_word' id='word_1_203' title='bbox 816 1827 868 1860; x_wconf 87' lang='lat' dir='ltr'>los</span> <span class='ocrx_word' id='word_1_204' title='bbox 891 1835 1043 1868; x_wconf 79' lang='lat' dir='ltr'>resecat3</span> <span class='ocrx_word' id='word_1_205' title='bbox 1063 1826 1123 1861; x_wconf 90' lang='lat' dir='ltr'>sed</span> <span class='ocrx_word' id='word_1_206' title='bbox 1148 1826 1189 1860; x_wconf 83' lang='lat' dir='ltr'>iis</span> <span class='ocrx_word' id='word_1_207' title='bbox 1210 1834 1304 1861; x_wconf 84' lang='lat' dir='ltr'>caret</span> <span class='ocrx_word' id='word_1_208' title='bbox 1326 1826 1490 1859; x_wconf 79' lang='lat' dir='ltr'>Phoebus.</span> 
     </span>
    </p>
   </div>
   <div class='ocr_carea' id='block_1_9' title="bbox 668 1976 899 2032">
    <p class='ocr_par' dir='ltr' id='par_1_15' title="bbox 668 1976 899 2032">
     <span class='ocr_line' id='line_1_41' title="bbox 668 1976 899 2032; baseline 0.009 -2"><span class='ocrx_word' id='word_1_209' title='bbox 668 1976 899 2032; x_wconf 88' lang='lat' dir='ltr'><strong>LVIII.</strong></span> 
     </span>
    </p>
   </div>
   <div class='ocr_carea' id='block_1_10' title="bbox 432 2112 1142 2161">
    <p class='ocr_par' dir='ltr' id='par_1_16' title="bbox 432 2112 1142 2161">
     <span class='ocr_line' id='line_1_42' title="bbox 432 2112 1142 2161; baseline 0.004 -3"><span class='ocrx_word' id='word_1_210' title='bbox 432 2131 503 2159; x_wconf 82' lang='lat' dir='ltr'>AD</span> <span class='ocrx_word' id='word_1_211' title='bbox 541 2131 740 2161; x_wconf 87' lang='lat' dir='ltr'><strong>AULUM</strong></span> <span class='ocrx_word' id='word_1_212' title='bbox 779 2112 1142 2161; x_wconf 64' lang='lat' dir='ltr'><strong>PUDENTEM.*</strong></span> 
     </span>
    </p>
   </div>
   <div class='ocr_carea' id='block_1_11' title="bbox 152 2255 1383 2319">
    <p class='ocr_par' dir='ltr' id='par_1_17' title="bbox 152 2255 1383 2319">
     <span class='ocr_line' id='line_1_43' title="bbox 152 2255 1383 2319; baseline 0.003 -21"><span class='ocrx_word' id='word_1_213' title='bbox 152 2255 374 2300; x_wconf 75' lang='lat' dir='ltr'>CERNERE</span> <span class='ocrx_word' id='word_1_214' title='bbox 399 2256 653 2302; x_wconf 83' lang='lat' dir='ltr'>Parrhasios</span> <span class='ocrx_word' id='word_1_215' title='bbox 676 2258 780 2302; x_wconf 88' lang='lat' dir='ltr'>dum</span> <span class='ocrx_word' id='word_1_216' title='bbox 807 2268 849 2303; x_wconf 89' lang='lat' dir='ltr'>te</span> <span class='ocrx_word' id='word_1_217' title='bbox 867 2258 1017 2319; x_wconf 83' lang='lat' dir='ltr'>juvat,</span> <span class='ocrx_word' id='word_1_218' title='bbox 1045 2257 1154 2302; x_wconf 87' lang='lat' dir='ltr'>Aule</span> <span class='ocrx_word' id='word_1_219' title='bbox 1169 2294 1180 2314; x_wconf 79' lang='grc'>,</span> <span class='ocrx_word' id='word_1_220' title='bbox 1203 2259 1383 2302; x_wconf 85' lang='lat' dir='ltr'>Triones</span> 
     </span>
    </p>
   </div>
   <div class='ocr_carea' id='block_1_12' title="bbox 79 2389 761 2700">
    <p class='ocr_par' dir='ltr' id='par_1_18' title="bbox 79 2389 761 2700">
     <span class='ocr_line' id='line_1_44' title="bbox 133 2389 758 2432; baseline 0.006 -6"><span class='ocrx_word' id='word_1_221' title='bbox 133 2389 239 2427; x_wconf 79' lang='lat' dir='ltr'>&#39;Aulo</span> <span class='ocrx_word' id='word_1_222' title='bbox 250 2393 403 2428; x_wconf 87' lang='lat' dir='ltr'>Pudenti</span> <span class='ocrx_word' id='word_1_223' title='bbox 416 2396 453 2428; x_wconf 89' lang='lat' dir='ltr'>in</span> <span class='ocrx_word' id='word_1_224' title='bbox 464 2396 652 2430; x_wconf 86' lang='lat' dir='ltr'>Sarmatico</span> <span class='ocrx_word' id='word_1_225' title='bbox 666 2398 758 2432; x_wconf 90' lang='lat' dir='ltr'>bello</span> 
     </span>
     <span class='ocr_line' id='line_1_45' title="bbox 80 2448 758 2493; baseline 0.006 -13"><span class='ocrx_word' id='word_1_226' title='bbox 80 2455 249 2493; x_wconf 85' lang='lat' dir='ltr'>occupato</span> <span class='ocrx_word' id='word_1_227' title='bbox 261 2473 269 2487; x_wconf 92' lang='lat'>‚</span> <span class='ocrx_word' id='word_1_228' title='bbox 291 2448 435 2493; x_wconf 79' lang='lat' dir='ltr'>exponit</span> <span class='ocrx_word' id='word_1_229' title='bbox 456 2450 620 2483; x_wconf 89' lang='lat' dir='ltr'>morbum</span> <span class='ocrx_word' id='word_1_230' title='bbox 638 2463 758 2490; x_wconf 76' lang='lat' dir='ltr'>suum,</span> 
     </span>
     <span class='ocr_line' id='line_1_46' title="bbox 80 2501 758 2546; baseline 0.006 -13"><span class='ocrx_word' id='word_1_231' title='bbox 80 2512 149 2545; x_wconf 91' lang='lat' dir='ltr'>quo</span> <span class='ocrx_word' id='word_1_232' title='bbox 175 2512 210 2534; x_wconf 87' lang='lat' dir='ltr'>se</span> <span class='ocrx_word' id='word_1_233' title='bbox 234 2512 346 2546; x_wconf 87' lang='lat' dir='ltr'>prope</span> <span class='ocrx_word' id='word_1_234' title='bbox 366 2501 413 2534; x_wconf 89' lang='lat' dir='ltr'>ait</span> <span class='ocrx_word' id='word_1_235' title='bbox 432 2502 644 2536; x_wconf 81' lang='lat' dir='ltr'>exstinctum</span> <span class='ocrx_word' id='word_1_236' title='bbox 671 2515 679 2537; x_wconf 91' lang='lat'><strong>:</strong></span> <span class='ocrx_word' id='word_1_237' title='bbox 698 2502 758 2537; x_wconf 88' lang='lat' dir='ltr'>sed</span> 
     </span>
     <span class='ocr_line' id='line_1_47' title="bbox 80 2554 758 2601; baseline 0.006 -15"><span class='ocrx_word' id='word_1_238' title='bbox 80 2565 174 2587; x_wconf 91' lang='lat' dir='ltr'>nunc</span> <span class='ocrx_word' id='word_1_239' title='bbox 192 2554 403 2587; x_wconf 78' lang='lat' dir='ltr'>revalescere</span> <span class='ocrx_word' id='word_1_240' title='bbox 415 2579 423 2594; x_wconf 92' lang='lat'><strong>‚</strong></span> <span class='ocrx_word' id='word_1_241' title='bbox 446 2567 658 2601; x_wconf 79' lang='lat' dir='ltr'>sperareque</span> <span class='ocrx_word' id='word_1_242' title='bbox 678 2568 758 2590; x_wconf 82' lang='lat' dir='ltr'>mox</span> 
     </span>
     <span class='ocr_line' id='line_1_48' title="bbox 79 2605 759 2654; baseline 0.007 -16"><span class='ocrx_word' id='word_1_243' title='bbox 79 2605 259 2648; x_wconf 87' lang='lat' dir='ltr'>futurum,</span> <span class='ocrx_word' id='word_1_244' title='bbox 279 2614 317 2640; x_wconf 90' lang='lat' dir='ltr'>ut</span> <span class='ocrx_word' id='word_1_245' title='bbox 335 2607 449 2641; x_wconf 86' lang='lat' dir='ltr'>salvus</span> <span class='ocrx_word' id='word_1_246' title='bbox 471 2608 545 2654; x_wconf 83' lang='lat' dir='ltr'>ipse</span> <span class='ocrx_word' id='word_1_247' title='bbox 563 2609 699 2642; x_wconf 88' lang='lat' dir='ltr'>salvum</span> <span class='ocrx_word' id='word_1_248' title='bbox 718 2622 759 2642; x_wconf 87' lang='lat' dir='ltr'>ex</span> 
     </span>
     <span class='ocr_line' id='line_1_49' title="bbox 81 2658 761 2700; baseline 0.007 -10"><span class='ocrx_word' id='word_1_249' title='bbox 81 2658 205 2691; x_wconf 78' lang='lat' dir='ltr'>militia</span> <span class='ocrx_word' id='word_1_250' title='bbox 236 2660 436 2694; x_wconf 82' lang='lat' dir='ltr'>venientem</span> <span class='ocrx_word' id='word_1_251' title='bbox 466 2660 661 2695; x_wconf 82' lang='lat' dir='ltr'>Pudentem</span> <span class='ocrx_word' id='word_1_252' title='bbox 682 2684 691 2700; x_wconf 87' lang='lat'>‚</span> <span class='ocrx_word' id='word_1_253' title='bbox 728 2670 761 2695; x_wconf 92' lang='lat' dir='ltr'>et</span> 
     </span>
    </p>
   </div>
   <div class='ocr_carea' id='block_1_13' title="bbox 816 2397 1497 2709">
    <p class='ocr_par' dir='ltr' id='par_1_19' title="bbox 816 2397 1492 2492">
     <span class='ocr_line' id='line_1_50' title="bbox 818 2397 1492 2443; baseline 0.003 -13"><span class='ocrx_word' id='word_1_254' title='bbox 818 2398 1034 2443; x_wconf 82' lang='lat' dir='ltr'>primipilatu</span> <span class='ocrx_word' id='word_1_255' title='bbox 1048 2424 1056 2438; x_wconf 96' lang='lat'>,</span> <span class='ocrx_word' id='word_1_256' title='bbox 1078 2397 1146 2431; x_wconf 93' lang='lat' dir='ltr'>hoc</span> <span class='ocrx_word' id='word_1_257' title='bbox 1166 2406 1215 2432; x_wconf 87' lang='lat' dir='ltr'>est</span> <span class='ocrx_word' id='word_1_258' title='bbox 1227 2424 1235 2439; x_wconf 93' lang='lat'>,</span> <span class='ocrx_word' id='word_1_259' title='bbox 1255 2398 1408 2443; x_wconf 82' lang='lat' dir='ltr'>equestri</span> <span class='ocrx_word' id='word_1_260' title='bbox 1427 2399 1492 2432; x_wconf 88' lang='lat' dir='ltr'>ho-</span> 
     </span>
     <span class='ocr_line' id='line_1_51' title="bbox 816 2451 1393 2492; baseline 0.002 -9"><span class='ocrx_word' id='word_1_261' title='bbox 816 2463 904 2484; x_wconf 90' lang='lat' dir='ltr'>nore</span> <span class='ocrx_word' id='word_1_262' title='bbox 923 2451 1106 2492; x_wconf 84' lang='lat' dir='ltr'>affectum,</span> <span class='ocrx_word' id='word_1_263' title='bbox 1124 2451 1259 2484; x_wconf 90' lang='lat' dir='ltr'>salutet.</span> <span class='ocrx_word' id='word_1_264' title='bbox 1275 2451 1393 2485; x_wconf 84' lang='lat' dir='ltr'>Rader.</span> 
     </span>
    </p>

    <p class='ocr_par' dir='ltr' id='par_1_20' title="bbox 819 2503 1497 2709">
     <span class='ocr_line' id='line_1_52' title="bbox 875 2503 1494 2544; baseline 0.002 -6"><span class='ocrx_word' id='word_1_265' title='bbox 875 2516 888 2538; x_wconf 96' lang='lat'>1</span> <span class='ocrx_word' id='word_1_266' title='bbox 900 2531 907 2537; x_wconf 93' lang='lat'><strong><em>.</em></strong></span> <span class='ocrx_word' id='word_1_267' title='bbox 932 2503 1066 2537; x_wconf 78' lang='lat' dir='ltr'>Cernere</span> <span class='ocrx_word' id='word_1_268' title='bbox 1083 2504 1273 2537; x_wconf 78' lang='lat' dir='ltr'>Parrhasios</span> <span class='ocrx_word' id='word_1_269' title='bbox 1285 2531 1294 2544; x_wconf 92' lang='lat'>,</span> <span class='ocrx_word' id='word_1_270' title='bbox 1316 2513 1380 2538; x_wconf 88' lang='lat' dir='ltr'>etc.</span> <span class='ocrx_word' id='word_1_271' title='bbox 1401 2506 1494 2539; x_wconf 84' lang='lat' dir='ltr'>Dum</span> 
     </span>
     <span class='ocr_line' id='line_1_53' title="bbox 819 2556 1494 2604; baseline 0.003 -15"><span class='ocrx_word' id='word_1_272' title='bbox 819 2565 857 2589; x_wconf 90' lang='lat' dir='ltr'>tu</span> <span class='ocrx_word' id='word_1_273' title='bbox 893 2557 1107 2590; x_wconf 80' lang='lat' dir='ltr'>centurionis</span> <span class='ocrx_word' id='word_1_274' title='bbox 1144 2556 1316 2604; x_wconf 87' lang='lat' dir='ltr'>stipendia</span> <span class='ocrx_word' id='word_1_275' title='bbox 1350 2559 1494 2592; x_wconf 82' lang='lat' dir='ltr'>mereris</span> 
     </span>
     <span class='ocr_line' id='line_1_54' title="bbox 820 2609 1493 2657; baseline 0.003 -14"><span class='ocrx_word' id='word_1_276' title='bbox 820 2609 915 2655; x_wconf 84' lang='lat' dir='ltr'>apud</span> <span class='ocrx_word' id='word_1_277' title='bbox 949 2610 1052 2644; x_wconf 85' lang='lat' dir='ltr'>Getas</span> <span class='ocrx_word' id='word_1_278' title='bbox 1077 2610 1114 2644; x_wconf 89' lang='lat' dir='ltr'>in</span> <span class='ocrx_word' id='word_1_279' title='bbox 1144 2610 1328 2651; x_wconf 85' lang='lat' dir='ltr'>Sarmatia,</span> <span class='ocrx_word' id='word_1_280' title='bbox 1349 2623 1426 2657; x_wconf 77' lang='lat' dir='ltr'>quae</span> <span class='ocrx_word' id='word_1_281' title='bbox 1450 2611 1493 2645; x_wconf 88' lang='lat' dir='ltr'>ad</span> 
     </span>
     <span class='ocr_line' id='line_1_55' title="bbox 823 2663 1497 2709; baseline 0.001 -13"><span class='ocrx_word' id='word_1_282' title='bbox 823 2663 1103 2709; x_wconf 82' lang='lat' dir='ltr'>Septentrionem</span> <span class='ocrx_word' id='word_1_283' title='bbox 1131 2664 1205 2698; x_wconf 72' lang='lat' dir='ltr'>sita.</span> <span class='ocrx_word' id='word_1_284' title='bbox 1232 2685 1281 2690; x_wconf 92' lang='lat'><strong>—</strong></span> <span class='ocrx_word' id='word_1_285' title='bbox 1306 2665 1497 2698; x_wconf 76' lang='lat' dir='ltr'>Parrhasios</span> 
     </span>
    </p>
   </div>
  </div>
 </body>
</html>
