1978 3305
511 247 607 293 266

879 251 940 293 M.
963 252 1041 293 VA
1056 251 1104 293 L.
1144 252 1538 298 MARTIALIS

1045 402 1370 461 LXXVII.

1023 551 1076 580 1N
1115 551 1348 582 TUCCAM.
1367 533 1386 550 ⁴*

573 666 760 718 Encls,
786 673 836 707 ut
856 673 1030 708 nostros
1055 664 1214 711 donem
1241 665 1342 722 tibi,
1361 667 1532 723 Tucca,
1558 665 1736 711 libellos.

645 735 743 777 Non
769 732 923 778 faciam
947 751 956 777 z
982 750 1082 779 nam
1108 736 1172 780 vis
1198 735 1409 793 vendere,
1431 753 1520 781 non
1544 735 1699 797 legere.

558 859 573 872 '¹
593 861 715 906 Neque
737 861 773 894 in
799 861 866 895 hoc
890 861 997 895 ullam
1017 862 1177 897 lectionis

505 913 704 947 varietatem
725 914 916 948 exhibuere
944 915 1174 958 membranae,

502 975 563 1000 aut
581 966 753 1011 impressi.

555 1041 607 1046 -
621 1019 832 1054 Illiberalem
847 1028 881 1053 et
896 1019 1082 1053 sordidum
1103 1020 1177 1054 ani-

1235 876 1333 896 mum
1352 864 1478 897 Tuccae
1497 862 1650 897 declarat
1669 875 1678 896 :
1704 876 1830 909 nempe
1847 863 1910 910 qui

1239 917 1351 950 facere
1365 925 1535 962 quaestum
1549 916 1585 949 in
1596 916 1691 950 dono
1708 915 1909 950 destinarat.

1296 982 1327 1003 1.
1353 970 1493 1014 Exigis,
1521 969 1708 1014 efflagitas,
1737 981 1846 1016 usque
1876 977 1910 1002 et

1238 1034 1349 1068 usque
1368 1023 1469 1068 petis.

1039 1154 1368 1211 LXXVIII.

1012 1313 1070 1342 IN
1107 1313 1364 1342 PAPILUM.
1380 1292 1400 1311 '⁶

569 1424 720 1480 QUUM
751 1425 954 1468 Saxetani
980 1434 1170 1486 ponatur
1198 1424 1334 1469 cauda
1361 1424 1532 1480 lacerti,

638 1496 695 1538 Et
719 1494 830 1538 bene
860 1495 894 1539 si
919 1511 1087 1550 coenas,
1109 1495 1286 1540 conchis
1315 1496 1492 1540 inuncta
1515 1495 1594 1539 tibi
1619 1505 1709 1551 est3

571 1566 758 1621 Sumen,
784 1581 939 1626 aprum
956 1601 967 1620 ‚
992 1565 1210 1627 leporem,
1235 1564 1426 1621 boletos,
1451 1575 1618 1621 ostrea,
1642 1564 1823 1620 mullos,

639 1636 779 1680 Mittis
803 1653 812 1678 :
841 1636 976 1680 habes
1004 1652 1085 1680 nec
1111 1653 1208 1691 cor,
1235 1635 1407 1699 Papile,
1432 1653 1513 1681 nec
1541 1637 1730 1698 genium.

551 1756 565 1770 “
578 1761 617 1793 In
630 1760 829 1805 Pamphilum
844 1759 954 1794 codex
969 1761 1171 1794 Pulmanni.

551 1835 603 1840 —-
615 1815 726 1847 Docet
742 1814 902 1859 Papilum
923 1814 1070 1848 stultum
1085 1841 1094 1856 ,
1113 1814 1173 1860 qui

496 1866 582 1901 velit
607 1865 719 1900 videri
748 1866 862 1900 lautus
889 1867 993 1908 foris,
1015 1876 1050 1901 et
1077 1866 1173 1900 domi

498 1928 615 1965 egeat,
637 1920 729 1953 bona
750 1932 811 1952 sua
833 1920 906 1954 aliis
928 1920 1114 1965 largiatur,
1136 1929 1175 1954 ut

498 1973 573 2018 ipse
593 1981 719 2006 careat.
737 1972 855 2006 Rader.

557 2038 570 2059 1
608 2025 687 2058 Cum
704 2034 855 2059 saxetum.
873 2026 971 2058 Junt.
989 2038 1043 2059 an.
1063 2038 1075 2059 1
1087 2026 1128 2059 51
1140 2038 1171 2059 α.

501 2078 579 2111 Cum
610 2077 754 2111 Sexitani
783 2079 819 2112 in
847 2077 1055 2124 quibusdam
1086 2078 1172 2112 aliis.

498 2130 592 2165 Vide
609 2131 722 2165 Strab.
743 2132 813 2174 III,
838 2131 931 2172 105;
951 2131 1077 2165 Athen.
1099 2132 1172 2173 ΙΙΙ,

501 2198 556 2219 20.
573 2205 624 2211 --
634 2185 739 2229 Quum
754 2183 919 2218 Saxetani.
928 2183 1034 2218 Piscis
1047 2197 1173 2230 nempe

497 2238 654 2271 vilissimi
672 2250 679 2270 :
699 2237 854 2271 Saxitani
875 2251 894 2272 a
918 2237 1029 2282 patria
1049 2237 1173 2272 Baetica

500 2291 657 2324 meminit
677 2291 812 2324 Plinius
829 2290 892 2324 lib.
916 2291 1076 2332 XXXII,
1095 2303 1171 2336 cap.

502 2356 513 2376 1
527 2357 557 2385 1,
574 2352 607 2377 et
627 2344 715 2377 forte
738 2344 786 2376 sie
804 2341 1000 2388 legendum.

553 2410 568 2429 α
579 2424 586 2430 .
612 2396 693 2430 Non
712 2395 887 2442 quadrant
899 2404 1040 2441 ponatur
1055 2404 1088 2429 et
1103 2404 1171 2435 est,-

499 2450 611 2495 itaque
629 2462 752 2483 censeo
769 2448 960 2482 delendum
976 2461 1047 2482 esse
1063 2450 1097 2482 τὸ
1115 2457 1169 2483 est.

497 2503 641 2535 Constat
672 2503 765 2535 enini
796 2502 877 2535 satis
911 2502 1021 2535 oratio
1036 2527 1044 2542 ‚
1074 2502 1101 2534 si
1130 2515 1171 2535 ex

499 2554 709 2598 praecedenti
741 2568 841 2588 versu
869 2555 925 2588 hic
948 2568 1087 2601 quoque
1118 2555 1170 2588 in-

499 2609 630 2653 telligas
657 2611 690 2641 τὸ
714 2617 861 2651 ponatur.
886 2609 1100 2641 Gronovius.
1119 2629 1168 2634 —-

498 2662 780 2694 (‘‹mcl1i.=-1'nuncta.
800 2662 889 2694 Faba
905 2660 1003 2694 valde
1021 2661 1146 2694 insulsa
1158 2686 1167 2700 ,

1232 1761 1301 1794 nisi
1317 1761 1429 1794 multo
1446 1761 1524 1795 oleo
1546 1759 1801 1807 perfundatur:
1815 1763 1908 1794 imm-

1232 1821 1299 1847 ctus
1320 1822 1438 1848 tamen
1459 1815 1610 1849 sumitur
1630 1814 1735 1848 etiam
1757 1826 1823 1860 pro
1841 1827 1906 1847 un-

1232 1875 1300 1900 cto,
1323 1866 1489 1901 Horatius
1506 1879 1515 1901 :
1539 1885 1552 1897 α
1569 1867 1686 1909 Quum
1710 1876 1770 1900 tua
1787 1868 1904 1913 provi-

1234 1919 1314 1954 deas
1332 1920 1442 1954 oculis
1463 1921 1552 1954 male
1576 1920 1691 1966 lippus
1719 1922 1864 1953 inunctis.
1890 1937 1903 1950 ι

1234 1994 1284 2000 —
1306 1973 1459 2015 conchis,
1480 1981 1547 2007 etc.
1565 1971 1704 2007 Virides
1725 1972 1831 2016 fabae,
1851 1985 1910 2007 ne-

1234 2038 1304 2071 que
1321 2038 1369 2060 eae
1389 2026 1466 2060 oleo
1484 2026 1643 2072 perfusae.

1288 2079 1324 2112 3.
1344 2079 1470 2112 Sumen.
1483 2079 1627 2125 Papillae
1645 2090 1779 2125 porcae,
1795 2090 1812 2111 a
1830 2079 1907 2112 faetu

1232 2130 1329 2165 edito
1364 2132 1481 2165 statim
1511 2139 1662 2166 resectae.
1699 2153 1750 2158 —
1776 2131 1906 2164 Mallos.

1232 2184 1356 2218 Pisces.

1287 2241 1319 2278 4.
1336 2237 1503 2282 Pamphile
1521 2236 1630 2270 codex
1646 2236 1842 2270 Pulmanni.
1857 2257 1908 2263 —

1232 2290 1341 2322 Habes
1361 2303 1415 2322 nec
1428 2302 1491 2323 cor.
1510 2290 1585 2323 Hoc
1608 2298 1659 2323 est
1672 2315 1681 2330 ,
1702 2290 1830 2322 stultus
1845 2302 1880 2322 es
1898 2300 1905 2321 :

1231 2343 1338 2376 honio
1361 2343 1454 2375 enim
1474 2341 1627 2388 prudens
1651 2342 1798 2375 cordatus
1824 2341 1908 2376 dici-

1231 2404 1301 2429 tur.
1313 2395 1440 2429 ——Nec
1453 2398 1589 2440 genium.
1603 2396 1669 2429 Cui
1686 2407 1830 2440 nempe,
1846 2407 1906 2427 ne-

1232 2461 1300 2494 que
1311 2449 1549 2494 voluptatibus
1560 2447 1716 2494 indulges
1730 2448 1902 2493 :optimos

1231 2501 1325 2534 enim
1339 2501 1433 2534 cibos
1449 2501 1522 2534 aliis
1534 2502 1640 2535 mittis
1652 2528 1660 2542 ‚
1671 2510 1708 2534 tu
1724 2500 1906 2534 vilissimos

1231 2553 1405 2593 comedis,
1427 2563 1460 2587 et
1483 2567 1592 2600 quum
1618 2554 1700 2587 soris
1719 2553 1831 2586 lautus
1852 2552 1906 2585 vi-

1230 2606 1302 2640 deri
1325 2607 1421 2646 velis,
1434 2606 1527 2640 domi
1546 2615 1649 2640 temet
1668 2606 1761 2639 ultro
1781 2618 1905 2639 excru-

1228 2661 1294 2693 cias
1313 2660 1441 2704 inopia.
