1978 3305
443 219 502 263 82

815 215 874 258 M.
897 214 1037 256 VAL.
1077 211 1464 254 MARTIALIS

578 304 719 346 Putris
751 311 792 344 et
820 301 1003 359 abrupta
1035 297 1165 340 fascia
1191 306 1302 340 reste
1323 297 1449 356 jacet.

508 374 569 417 Sit
600 382 746 415 tamen
772 370 1006 429 hospitium
1032 367 1157 410 nobis
1182 382 1412 410 commune
1437 366 1637 410 duobus:

578 442 676 485 Emi
705 441 881 493 hort0s;
905 437 1000 497 plus
1030 447 1092 480 est
1117 454 1125 478 :
1150 437 1315 480 instrue
1339 445 1409 491 tu3
1433 437 1574 480 minus
1603 445 1678 481 est.

442 574 477 606 in
494 573 601 618 epigr.
617 583 713 608 cxlx,
731 579 766 603 et
780 581 875 602 chn
887 595 896 610 ‚
911 569 992 602 libri
1007 569 1106 601 XIV.

440 626 530 658 Male
542 650 550 665 ,
569 624 627 669 qui
648 624 788 668 legunt,
805 622 946 655 culcitra.
969 622 1035 654 En.

492 679 525 711 6.
548 678 657 709 Putris
677 683 707 707 et
722 675 866 720 abrupta.
885 674 1009 708 Fasciae
1026 674 1107 707 lecti

439 742 499 763 seu
526 728 651 761 institae
682 727 782 760 humi
813 726 969 760 demissae
1000 735 1083 759 sunt
1097 751 1107 767 ‚

438 781 550 827 ruptis
574 793 699 826 nempe
727 780 869 813 funibus
894 779 1022 825 quibus
1041 779 1107 811 ful-

435 833 627 867 ciebantur.
647 855 697 859 -
713 833 840 866 Fascia.
857 831 1041 877 Explicant
1058 832 1113 864 fu-

438 898 498 919 nes
505 886 703 921 reticulatos
713 912 722 925 ,
735 885 862 931 quibus
872 885 1114 917 insternuntur

442 939 575 972 culcitae
586 964 595 979 ,
612 946 676 972 etc.
697 937 765 971 Sed
780 950 844 972 nec
862 937 971 983 probe
986 935 1113 970 distin-

1165 576 1278 613 guunt
1298 580 1315 601 a
1338 574 1430 601 reste
1451 566 1495 601 de
1513 580 1578 613 qua
1597 568 1734 601 Noster.
1757 569 1840 602 Mal-

1166 621 1233 654 lem
1256 620 1362 665 igitur
1383 620 1554 665 explicare
1570 622 1703 663 fasciam
1727 621 1839 666 quod-

1166 672 1247 706 dam
1263 674 1370 706 latum
1387 674 1567 706 stramenti
1585 686 1693 718 genus
1708 700 1717 713 ,
1741 673 1838 719 quod

1164 733 1271 759 restes
1289 724 1622 771 primumlfulciunt.
1643 728 1708 760 En.

1228 791 1263 823 7.
1276 778 1328 812 Sit
1340 786 1456 818 tamen,
1477 787 1540 812 etc.
1557 779 1625 812 Sed
1639 791 1841 812 communes

1172 831 1242 864 sint
1267 831 1434 864 ambobus
1457 833 1558 865 nobis
1581 832 1699 865 horti:
1722 839 1758 865 tu
1784 844 1841 864 eos

1172 882 1307 916 adorna
1327 884 1540 929 supellectile
1553 910 1562 926 ‚
1581 884 1756 929 siquidem
1777 896 1842 929 ego

1173 936 1250 969 illos
1268 937 1355 976 emi,
1373 935 1467 981 quod
1481 939 1590 981 majus
1605 945 1665 970 est.
1684 938 1749 970 En.

1022 1070 1258 1125 LXIII.

929 1229 994 1255 Au
1034 1206 1359 1256 PONTlcUM.*

510 1355 638 1411 QUID
667 1353 821 1406 sentis,
847 1352 1010 1411 inquis,
1036 1351 1089 1394 de
1115 1352 1296 1407 nostris,
1316 1351 1491 1405 Marce,
1513 1350 1692 1394 libellis?

580 1424 651 1467 Sic
676 1438 745 1465 me
771 1420 1000 1477 sollicitus,
1020 1422 1222 1477 Pontice,
1243 1438 1355 1482 saepe.
1380 1437 1520 1482 rogas.

510 1492 733 1548 Admiror‚
764 1501 949 1552 stupeo:
983 1491 1088 1534 nihil
1119 1501 1183 1535 est.
1212 1491 1445 1553 perfectius
1475 1491 1579 1546 illis,

578 1564 677 1623 Ipse
702 1572 781 1606 tuo
807 1561 921 1606 cedit
945 1561 1138 1622 Regulus
1166 1562 1352 1622 ingenio.

511 1635 606 1677 Hoc
637 1631 801 1677 sentis?
822 1632 985 1692 inquis;
1014 1631 1142 1676 faciat
1172 1632 1248 1675 tibi
1274 1633 1334 1676 sic
1362 1631 1473 1675 bene
1496 1632 1662 1684 Caesar,

577 1704 646 1747 Sic
669 1702 942 1763 Capitolinus
964 1703 1146 1763 Jupiter.
1176 1703 1319 1746 Immo
1345 1702 1432 1746 tibi.

493 1838 507 1851 ¹
526 1842 566 1874 In
583 1841 651 1874 hoc
675 1840 925 1886 epigrammate
946 1840 1113 1873 exbiben-

440 1893 487 1927 (lo
500 1894 631 1927 nullam
649 1892 805 1927 lectionis
819 1892 1021 1925 varietatem
1037 1905 1114 1938 pro-

439 1946 529 1980 dunt
554 1947 635 1979 libri
660 1944 906 1990 manuscripti,
935 1953 993 1978 ant
1021 1945 1114 1990 typis

441 1999 613 2045 impressi.

500 2065 513 2086 1
523 2078 531 2085 .
545 2052 636 2097 Quid
642 2053 746 2084 sentis.
763 2050 950 2084 Ponticum
965 2049 1114 2086 deridet,

441 2105 540 2150 cnjus
560 2117 680 2138 versus
710 2115 967 2147 nonnunquam
997 2101 1114 2135 lauda--

441 2158 519 2196 bat,
540 2165 579 2191 ut
598 2156 664 2203 ipsi
687 2155 924 2196 blandiretur,
940 2155 1020 2188 licet
1038 2167 1114 2200 pes-

441 2210 546 2244 simos
569 2209 748 2255 judicaret.

499 2263 532 2296 3.
548 2263 713 2301 Admc'ror,
728 2269 794 2294 etc.
810 2259 1011 2305 Respondet
1025 2259 1115 2293 Mar-

442 2314 541 2348 tialis.

497 2371 532 2407 4.
551 2368 701 2411 Regulm.
722 2364 928 2400 causidicus
948 2365 1110 2404 celebris,

441 2418 485 2452 de
510 2432 579 2464 quo
604 2419 666 2452 lib.
688 2421 723 2460 Ι,
743 2419 850 2464 epigr.
870 2430 938 2451 x111
959 2427 992 2451 et
1013 2429 1112 2459 cx11;

442 2472 506 2512 IV,
526 2484 599 2504 xvr.

495 2526 527 2558 5.
550 2526 667 2558 Faciat
696 2525 751 2556 tihi
779 2527 835 2557 sic.
866 2523 1040 2557 Particula
1068 2525 1113 2555 sic

438 2589 528 2623 saepe
555 2585 742 2622 usurpatur
772 2576 806 2608 in
839 2577 1108 2620 precationibus.

438 2630 601 2663 Ponticus
625 2638 807 2674 precatur,
830 2637 867 2660 nt
898 2629 944 2660 sic
972 2629 1110 2673 Jupiter

1174 1841 1262 1872 bene
1294 1840 1393 1873 faciat
1418 1840 1592 1879 Martiali,
1615 1841 1666 1874 uti
1696 1839 1740 1873 de
1772 1843 1844 1887 ejus

1173 1892 1311 1937 scriptis
1343 1892 1416 1938 ipse
1449 1893 1537 1924 bene
1564 1902 1729 1927 senserat.
1760 1894 1842 1928 Vid.

1175 1945 1327 1978 Brisson.
1350 1945 1467 1978 Form.
1488 1946 1517 1977 I.

1228 2000 1261 2030 (ἰ.
1280 1998 1377 2029 Immo
1393 1998 1459 2030 tihi.
1480 1997 1536 2030 Sic
1550 1997 1694 2039 faciant,
1713 2011 1734 2031 o
1750 1999 1841 2033 Pon-

1177 2050 1242 2083 tice
1255 2076 1264 2092 ,
1284 2050 1503 2083 Domitianus
1523 2059 1556 2084 et
1574 2051 1714 2096 Jupiter
1732 2053 1820 2085 hene
1834 2078 1842 2091 ,

1174 2111 1213 2135 ut
1231 2115 1294 2147 ego
1309 2103 1400 2136 bene
1421 2103 1532 2137 sentio
1552 2102 1596 2136 (le
1612 2104 1681 2137 tuis
1700 2105 1843 2146 libellis,

1176 2154 1210 2188 id
1232 2163 1305 2196 est,
1325 2155 1450 2189 saciant
1477 2155 1586 2196 male,
1610 2168 1724 2202 neque
1749 2158 1842 2191 enim

1175 2220 1254 2241 vere
1274 2215 1307 2240 et
1332 2219 1372 2240 ex
1399 2208 1516 2241 animo
1535 2209 1699 2254 probavi,
1726 2209 1785 2244 sed
1805 2220 1841 2244 ut

1174 2268 1243 2293 tum
1270 2260 1498 2293 subservirem
1525 2263 1696 2306 φιλαυτίᾳ,
1718 2271 1757 2296 ut
1783 2265 1841 2309 qui

1173 2313 1262 2346 male
1277 2324 1380 2345 sanus
1396 2337 1406 2353 ‚
1432 2313 1576 2359 palpum
1602 2315 1721 2357 malis,
1740 2329 1842 2362 quam

1170 2365 1344 2410 judicium
1371 2374 1517 2399 rectum.
1542 2366 1631 2399 Vide
1649 2368 1708 2401 lib.
1731 2370 1818 2402 vm
1834 2395 1843 2409 ‚

1172 2419 1279 2463 epigr.
1302 2430 1419 2452 Lxxvi.
1442 2441 1494 2445 -—
1516 2418 1714 2465 Simplicius
1733 2422 1843 2466 expli-

1172 2483 1283 2504 carem
1299 2483 1306 2503 ε
1322 2471 1403 2504 Tibi
1421 2472 1538 2516 potius
1553 2471 1636 2505 dent
1658 2474 1774 2518 superi
1791 2487 1842 2507 sa-

1172 2537 1254 2569 pere
1268 2550 1276 2565 ,
1295 2536 1333 2557 ac
1352 2524 1507 2557 modeste
1526 2524 1569 2557 de
1590 2525 1657 2558 tuis
1676 2527 1840 2560 carmini-

1171 2577 1234 2610 bus
1265 2577 1391 2610 sentire
1408 2602 1418 2618 ‚
1450 2577 1653 2610 tenuitatem
1684 2586 1781 2613 tuam
1808 2589 1840 2611 et

1170 2629 1339 2663 inscitiam
1362 2641 1556 2673 agnoscere.
1580 2631 1643 2663 En.
