1978 3305
409 229 504 273 (312

782 229 842 271 M.
866 230 1005 273 VAL.
1045 230 1437 273 MARTIALIS

547 316 690 370 Vicit,
720 331 950 359 concussas
974 317 1063 377 ipse
1091 326 1262 361 secutus
1287 333 1405 377 opes.

473 386 613 430 Triste
638 402 790 429 nemus
813 385 916 429 dirae
941 387 1079 429 vetuit
1102 402 1326 463 superesse
1349 388 1531 448 rapinae,

543 457 867 515 Damnavitque
897 458 1013 517 rogis
1039 457 1167 501 noxia
1189 456 1305 534 ligna
1325 467 1460 517 pater.

475 528 660 586 Pingues
673 528 800 586 ‚Lyg
775 525 879 582 ode,
905 542 1002 570 sues
1029 527 1188 570 habeat
1210 528 1378 572 vicinus
1400 526 1539 580 Iolas;

545 599 604 640 Te
628 597 729 641 satis
755 606 818 640 est
841 596 966 641 nobis
990 613 1276 642 annumerare
1300 613 1447 659 pecus.

544 739 766 797 Σειομέναις
795 739 981 791 βαλάνοις
1008 739 1127 789 αὐτὸς
1154 739 1428 798 ἐπισπόμενος.

476 811 535 851 Οὐ
563 809 649 851 θέλε
674 814 725 868 τῇ
752 804 864 866 λώςῃ
892 812 1079 867 περιεῖναι
1105 808 1288 868 ἀνάρσιον
1314 811 1431 861 ὕλην,

546 872 800 939 Ανδροφόνον
829 895 874 920 τε
902 880 1038 937 πατὴρ
1067 872 1273 934 ὸένδρον’
1261 880 1400 921 ε’καυσε
1429 878 1535 938 πυρί.

475 949 680 1002 Κτοὶσθω,
708 943 864 1009 Λύγδε,
890 951 986 998 σύας
1011 952 1159 1009 πιμελῇ
1185 942 1435 1006 φλιδόωντας
1462 939 1623 999 Ιόλλας·

543 1013 751 1079 Ᾱρκουμαι
776 1014 813 1060 δ’
839 1020 915 1061 ὑπὸ
941 1018 1001 1061 σοὶ
1026 1015 1282 1078 σωζομένοισι
1314 1021 1464 1073 βοτοῖς.

459 1164 493 1200 4.
507 1160 664 1192 Decussas
683 1158 757 1191 vult
771 1159 902 1191 Anton.
918 1157 956 1189 de
975 1157 1077 1202 Rooy.

461 1212 492 1245 5.
515 1213 606 1244 Diroe
622 1214 755 1256 rapinoe.
772 1211 934 1255 Amyntae
950 1210 1079 1244 scilicet

406 1265 459 1298 sui
488 1265 573 1304 filii,
610 1264 646 1297 in
677 1265 777 1309 cujus
803 1275 888 1308 rogo
918 1263 1079 1296 arborem

407 1317 559 1363 patulam
588 1329 714 1363 nempe
743 1316 889 1350 excisam
918 1317 1078 1350 comburi

406 1370 517 1416 jussit.

460 1436 492 1468 7.
511 1424 659 1467 Pingues.
676 1422 802 1455 Sensus
813 1430 861 1455 est
876 1434 882 1455 :
897 1422 928 1454 Ο
943 1420 1079 1467 Lygde,

1140 1170 1183 1190 ne
1205 1156 1363 1190 invideas
1381 1157 1496 1190 alieno
1518 1155 1659 1202 pecori,
1676 1168 1740 1190 nec
1756 1169 1817 1190 no-

1140 1219 1252 1243 strum
1271 1209 1377 1243 nimis
1396 1222 1512 1250 cures,
1535 1209 1596 1242 sed
1615 1221 1697 1242 cave
1715 1210 1779 1243 tibi
1799 1223 1816 1243 a

1139 1262 1243 1296 simili
1262 1275 1362 1302 casu;
1380 1262 1510 1296 sufficit
1526 1262 1619 1295 enim
1633 1270 1666 1295 te
1681 1263 1814 1295 nullum

1141 1329 1178 1348 ex
1197 1315 1317 1349 suibus
1338 1316 1466 1349 nostris
1486 1315 1659 1348 amittere.

1195 1370 1229 1402 8.
1243 1369 1460 1402 Annumerare
1466 1381 1574 1413 pecus.
1587 1368 1666 1401 Non
1679 1366 1797 1401 studio
1808 1392 1817 1407 ,

1140 1434 1210 1467 quo
1229 1423 1418 1467 Amyntas,
1441 1421 1595 1466 saginam
1616 1432 1818 1467 properare.

1014 1534 1223 1613 XLII.

867 1713 918 1741 {N
964 1693 1366 1741 mecanicum*

478 1836 655 1879 Vivum
674 1849 808 1893 quum
838 1848 992 1892 poscas
1021 1834 1360 1894 epigrammata,
1386 1842 1559 1876 mortua
1591 1833 1715 1894 ponis

550 1906 776 1948 Lemmata
804 1920 811 1945 :

842 1904 916 1963 qui
948 1903 1062 1957 fieri,
1091 1902 1347 1957 Caeciliane,
1379 1902 1551 1964 potest?

479 1974 612 2019 Mella
638 1974 763 2035 jubes
788 1973 968 2034 Hyblaea
997 1974 1099 2030 tibi,
1120 1974 1188 2018 vel
1219 1976 1439 2035 Hymettia
1468 1975 1610 2020 nasci:

479 2039 482 2041 ’
551 2047 607 2090 Et
637 2045 787 2105 thyma
813 2045 1036 2105 Cecropiae
1059 2045 1238 2089 Corsica
1265 2046 1391 2105 ponis
1414 2044 1514 2105 api?

464 2169 478 2184 ¹
494 2173 679 2219 Egregium
700 2185 839 2206 carmen
859 2172 934 2206 sine
948 2172 1085 2217 egregio

413 2234 618 2273 argumento
638 2225 714 2259 fieri
734 2238 833 2271 posse
850 2233 965 2271 negat.

472 2293 504 2314 1.
533 2279 662 2312 Vivida.
692 2278 769 2312 Hoc
799 2285 869 2321 est,
898 2278 1026 2311 nobilia
1055 2285 1089 2310 et

414 2334 588 2379 praeclara.
613 2353 663 2357 —
688 2331 827 2364 Mortua.
860 2331 953 2364 Vilia
986 2339 1089 2376 atque

414 2387 560 2432 abjecta.

471 2451 503 2470 π.
519 2437 612 2479 Quid
626 2435 706 2470 edd.
723 2445 807 2471 vett.
828 2436 997 2482 Quisstere
1014 2437 1086 2470 MS.

416 2491 553 2524 Beverl.
574 2513 624 2517 -
645 2491 823 2531 Lemmata,
848 2498 914 2524 etc.
934 2490 1013 2522 Lib.
1039 2491 1087 2530 Χ,

414 2545 522 2590 epigr.
546 2555 626 2584 ux,
642 2556 693 2578 vs,
721 2556 750 2576 1.

472 2597 503 2629 3.
526 2597 625 2629 Mella
648 2596 787 2641 [ly-hlaea
805 2624 812 2635 ,
838 2597 891 2628 vel
916 2597 1089 2642 Hymetti«.

420 2648 510 2683 Vide
532 2661 636 2694 supra
672 2649 732 2682 lib.
759 2650 815 2689 11,
844 2649 951 2695 epigr.
988 2661 1090 2688 x1.v1;

1146 2171 1205 2204 lib.
1227 2173 1319 2212 VII,
1351 2172 1460 2217 epigr.
1491 2183 1669 2212 mxxvrn,
1700 2179 1733 2203 et
1763 2171 1819 2204 lib.

1148 2225 1219 2266 lx,
1236 2225 1346 2271 epigr.
1370 2236 1479 2258 xxvn.

1203 2282 1236 2318 4.
1258 2278 1305 2310 Ec
1325 2278 1430 2324 thyma
1449 2277 1589 2311 Corsica.
1610 2280 1733 2310 Amara
1753 2277 1819 2310 sci-

1150 2330 1250 2371 licet,
1284 2343 1327 2364 ex
1353 2331 1481 2377 quibus
1510 2330 1563 2363 vel
1596 2342 1674 2375 apes
1703 2330 1824 2362 Atticae

1150 2383 1217 2417 mel
1240 2382 1341 2418 dulce
1363 2383 1535 2416 conficere
1558 2391 1742 2428 nequeant.
1767 2382 1824 2415 Sic

1151 2448 1185 2469 se
1198 2437 1252 2482 api
1264 2445 1524 2483 ,argumentum
1534 2448 1616 2469 vero
1631 2435 1708 2469 flori
1723 2435 1824 2468 tacite

1149 2499 1325 2535 comparat
1350 2491 1471 2530 Poeta,
1498 2489 1682 2522 Horatium
1710 2488 1823 2521 imita-

1149 2549 1222 2583 tus,
1245 2544 1306 2589 qui
1324 2542 1384 2576 lib.
1402 2543 1470 2577 IV.
1492 2541 1549 2575 od.
1575 2553 1602 2574 11
1616 2567 1625 2582 ,
1643 2553 1710 2586 27:
1735 2556 1747 2567 «ι
1760 2553 1823 2586 ego

1153 2596 1226 2641 apis
1241 2596 1381 2629 Matinae
1402 2596 1500 2628 More
1521 2593 1698 2640 modoque
1716 2593 1822 2628 Graia

1153 2650 1326 2694 carpentis
1344 2649 1462 2693 thyma
1481 2666 1510 2689 n,
1530 2656 1594 2681 etc.
