1978 3305
363 247 950 294 EPIGRAMMATUM
987 252 1111 294 LIB.
1151 252 1205 293 X.
1383 250 1478 312 529

153 334 246 377 Nec
268 332 503 394 Capitolini
527 351 743 379 summum
766 337 986 397 penetrale
1005 339 1237 393 Tonantis,

223 404 418 464 Quaeque
448 405 582 449 nitent
613 405 716 451 caelo
741 409 938 467 proxima
965 408 1126 469 templa
1155 424 1245 453 suo.

152 474 310 517 Dicere
337 483 380 518 te
407 473 565 519 lassum
590 477 757 536 quoties
781 494 862 538 ego
890 478 1020 522 credo
1047 476 1262 536 Quirino?

221 545 332 601 Quae
361 554 435 588 tua
464 555 585 602 sunt,
610 546 688 590 tibi
713 547 825 591 habe
847 565 858 604 3
879 565 973 609 quae
1001 565 1119 604 mea,
1148 548 1280 592 redde
1309 548 1428 592 mihi.

135 676 150 697 1
159 668 194 705 4.
211 665 352 712 Quoeqlle
364 667 474 699 nitent.
491 666 567 699 HOC
583 674 651 708 est,
664 674 752 700 tem·
813 674 845 698 Et
854 673 919 697 batis
929 682 976 706 par
986 672 1022 698 les
1033 674 1124 703 dieux,
1135 683 1183 698 nos
1197 673 1304 708 temples
1317 674 1485 708 maguifiqnes

80 717 137 762 Pla
159 717 284 751 Flavjae
302 718 412 763 gentis
433 730 442 751 ζ
464 718 525 751 lib·
546 719 617 760 IX,
639 719 751 765 epigr·
881 719 1041 743 Touchaient
1053 721 1084 744 de
1093 719 1162 744 leurs
1172 720 1259 744 vetites
1273 721 1387 750 antiques

81 782 110 803 Π
130 779 164 804 et
176 783 224 803 n..
237 791 288 797 -
304 770 543 816 Caeloproxima
558 772 670 816 templa
685 785 751 805 suo.
883 767 923 790 Au
932 765 1017 798 se'jout
1029 766 1060 790 de
1070 765 1139 791 leurs
1148 767 1306 792 fondateurs.
1328 767 1378 791 En.

78 821 305 856 Simillimum
326 821 362 856 id
385 824 587 857 recentioris
601 850 610 866 ‚
632 833 666 858 et
682 826 752 870 jam
869 824 924 858 15.
953 825 1099 870 Quirino.
1126 824 1355 859 Conditorem
1377 826 1485 860 Urbis

79 876 195 920 magni
222 884 332 921 poetae
350 872 363 915 (
382 875 519 909 Casimir
549 876 752 922 Delavigne)
811 889 877 924 pro
901 877 977 922 ipsa
999 878 1088 911 urbe
1110 879 1213 924 ponit
1239 890 1247 911 ε
1274 878 1341 912 hoc
1364 887 1432 918 est,
1454 878 1485 912 Ο

79 926 123 960 de
147 927 300 962 aedificiis
329 929 508 974 Pergami,
533 929 571 963 in
599 930 754 964 carmine
813 931 943 971 Roma,
964 942 1062 964 serva
1081 931 1146 964 tihi
1164 939 1244 965 tuos
1260 931 1434 973 honores,
1453 940 1488 964 et

79 980 260 1027 inscripto.
284 982 344 1015 Les
370 983 567 1029 T1·0yennes;
812 983 977 1029 permitte
991 1009 1001 1025 ‚
1018 992 1059 1018 ut
1074 984 1170 1018 fruar
1184 984 1270 1018 meis
1287 983 1390 1018 villis.

589 1269 656 1296 DE
701 1268 957 1296 SPAnoNE.
976 1247 994 1263 *

221 1393 402 1436 THELIN
428 1391 599 1435 viderat
621 1392 665 1435 in
688 1401 789 1453 toga
816 1391 1052 1453 spadonem
1068 1427 1078 1445 ‚

219 1464 484 1507 Damnatam
513 1463 660 1507 Numa
688 1462 794 1506 dixit
823 1479 915 1507 esse
943 1462 1173 1508 moecham.

131 1586 146 1599 ¹
159 1589 286 1624 Thelin
301 1589 413 1635 carpit
429 1589 573 1623 solitum
587 1589 661 1635 pati
676 1601 753 1622 mu·
871 1604 880 1621 ι
894 1615 900 1621 .
925 1589 1073 1622 leelc'nus
1085 1589 1197 1622 deerat
1212 1591 1243 1622 in
1261 1591 1329 1623 loco
1341 1604 1386 1636 sp.
1405 1590 1486 1625 cod.

78 1642 213 1684 liebria‚
227 1651 262 1676 et
272 1642 434 1676 feminam
447 1641 558 1676 videri
571 1650 752 1676 asseverat.
813 1642 947 1675 Beverl.
960 1664 1012 1668 —
1027 1643 1059 1674 T
1058 1643 1148 1689 Ιιεζνπ
1165 1643 1280 1676 forsan
1292 1644 1486 1677 rescriben-

78 1717 131 1722 ——-
156 1696 228 1737 Qui
254 1695 441 1729 feminam?
470 1695 594 1741 aliquis
623 1703 751 1740 roget:
812 1694 899 1728 dum
922 1703 990 1730 est,
1015 1703 1053 1728 ut
1083 1696 1224 1728 mollem
1252 1696 1431 1730 hominem
1452 1705 1487 1730 et

78 1756 214 1794 togatus
245 1747 376 1782 incedit
411 1745 509 1793 (toga
542 1756 660 1781 autem
686 1748 753 1781 viri
812 1748 1051 1782 effeminatum
1073 1760 1202 1781 nomen
1229 1757 1360 1794 arguat.
1381 1749 1487 1795 Apud

77 1800 335 1840 induebantur,
372 1801 511 1834 feminae
552 1801 638 1834 stola
655 1795 681 1844 ).
700 1820 754 1826 —
812 1800 953 1834 Graecos
975 1800 1070 1833 enim
1089 1804 1181 1840 θτΤΛυς
1192 1802 1315 1844 semina
1334 1810 1395 1836 est.
1416 1803 1486 1835 En.

78 1853 259 1888 Feminam
280 1853 441 1888 adulterii
463 1853 697 1896 manifestam3
712 1853 754 1886 iis
869 1867 901 1887 α.
926 1854 1116 1886 Damnatam
1137 1855 1294 1888 moeclzam.
1317 1851 1486 1894 Hoc'est‚

77 1907 192 1949 enim,
222 1908 309 1941 stola
337 1906 590 1948 interdictum,
615 1915 650 1940 et
676 1915 755 1952 toga
813 1915 1005 1940 matronam
1017 1905 1487 1942 adulteriidamnatam.Vid.

78 1960 130 1993 uti
143 1961 276 2006 jussum
292 1960 369 1994 fuit.
390 1960 469 1994 Lib.
487 1961 538 2001 ΙΙ,
553 1972 667 1994 xxxrx.
686 1959 753 1993 En.
816 1971 920 2005 supra
937 1986 946 1999 ‚
970 1967 1088 1993 notam
1109 1961 1271 2004 primam.

694 2094 865 2150 LIII.

463 2249 810 2278 EPITAPHIUM
847 2230 1088 2278 scotum*

149 2360 257 2402 ILLE
281 2373 363 2418 ego
392 2373 485 2400 sum
515 2358 729 2417 Scorpus,
755 2356 932 2401 clamosi
962 2355 1097 2417 gloria
1124 2359 1259 2413 Circi,

150 2493 326 2551 Σκόρπος
352 2493 448 2551 ἐγὼ,
479 2485 597 2541 κῦδος
625 2493 846 2550 πολυηχέος
871 2481 1167 2552 Ῐπποδρόμοιο,

131 2614 146 2627 ’
164 2618 240 2651 Hoc
260 2617 486 2651 tetrastichon
507 2617 542 2650 in
565 2616 647 2650 edit.
668 2617 754 2650 Bar·
815 2617 965 2662 Ejusdem
983 2618 1186 2663 Epitaphium
1207 2620 1309 2654 habet
1330 2622 1479 2657 titulum.

81 2672 140 2704 bou
156 2671 286 2716 legitur
309 2678 389 2717 post
415 2670 628 2716 epigramma
651 2683 671 2703 L
687 2695 695 2711 ,
722 2678 755 2703 et
872 2682 904 2704 1.
926 2671 984 2704 Ille
1003 2684 1070 2714 ego.
1089 2671 1171 2705 Vid.
1200 2671 1291 2707 idem
1316 2676 1422 2722 epigr.
1448 2690 1478 2709 1.

151 2745 215 2787 Π.
1210 2744 1269 2800 34
