1978 3305
496 237 594 293 466

874 239 934 279 M.
961 238 1101 281 VAL.
1142 237 1531 283 MARTIALIS

1132 383 1264 441 CII.

852 542 1141 572 ADULATUR
1182 542 1505 573 DOMITIANO.
1520 523 1538 540 ῃ

562 661 731 714 ΑΡΡΙΑ,
755 672 885 718 quam
917 654 1043 700 simili
1069 654 1343 699 venerandus
1369 656 1412 698 in
1437 657 1626 701 Hercule
1652 660 1798 704 Caesar

630 731 894 784 Consecrat‚
912 727 1116 771 Ausoniae
1144 727 1334 770 maxima
1358 725 1474 770 fama
1494 729 1592 783 viae,

562 801 604 844 Si
630 801 754 861 cupis
778 797 940 843 Alcidae
966 811 1232 858 cognoscere
1257 796 1372 840 facta
1394 798 1574 858 prioris,

630 872 764 915 Disce
789 887 797 912 :
830 869 971 929 Libyn
996 867 1194 923 domuit3
1218 883 1348 911 aurea
1375 884 1507 929 poma
1533 868 1655 924 tulit3

560 942 770 986 Peltatam
796 939 999 1000 Scythico
1024 938 1226 982 discinxit
1247 939 1471 982 Amazona
1495 939 1635 996 nodo;

628 1011 807 1056 Addidit
832 1008 1021 1054 Arcadio
1048 1017 1172 1068 terga
1195 1006 1332 1052 leonis
1359 1024 1479 1070 apro.

558 1082 806 1144 [Eripedem
830 1079 960 1141 sylvis
985 1095 1184 1133 cervam,
1207 1077 1529 1140 Stymphalidas
1555 1081 1682 1124 astris

624 1151 815 1198 Abstulit
841 1168 849 1194 ε
877 1166 902 1193 a
926 1150 1073 1210 Stygia
1103 1165 1203 1193 cum
1237 1164 1345 1192 cane
1375 1150 1496 1193 venit
1522 1166 1648 1210 aqua.

538 1286 554 1299 *
567 1284 759 1319 Domitiani
771 1284 859 1316 facta
872 1294 951 1315 cum
963 1280 1064 1326 gestis
1076 1280 1166 1313 Her-

484 1341 571 1374 culis
581 1337 762 1373 contendit
772 1362 781 1378 ‚
795 1343 829 1369 et
837 1334 1081 1368 Domitianum
1093 1345 1166 1365 ma-

483 1397 595 1439 jorem
620 1391 773 1424 Hercule
797 1388 896 1429 facit,
916 1396 950 1420 et
973 1386 1165 1420 Herculem

486 1448 657 1492 Maiorem
674 1443 838 1489 appellat.
860 1440 945 1474 Rad.

544 1512 574 1532 1.
593 1499 714 1543 Appia.
730 1498 772 1529 In
786 1507 856 1541 qua
869 1505 1013 1538 nempe,
1027 1492 1167 1525 Latina-

484 1566 562 1586 rum
577 1552 714 1585 viarum
724 1547 951 1582 celeberrima
964 1571 972 1587 ‚
991 1545 1165 1590 templum

486 1605 628 1639 Herculi
649 1608 909 1636 consecraverat
924 1597 1144 1632 Domitianus
1156 1623 1165 1638 ‚

486 1660 520 1692 in
542 1670 611 1704 quo
628 1657 701 1701 ipse
715 1655 779 1689 sub
793 1654 885 1687 illius
900 1651 1052 1696 imagine
1072 1650 1165 1683 cole-

483 1713 600 1745 batur.

544 1778 577 1797 9..
614 1763 767 1796 Ausoniae
796 1761 934 1792 maxima
960 1758 1055 1800 sama
1086 1759 1163 1789 vice.

485 1819 644 1862 Namque
666 1824 736 1848 tam
758 1813 855 1846 mirae
884 1808 1166 1857 pulchritudinis

485 1871 598 1916 Appia
624 1869 679 1901 via
703 1867 770 1900 fuit
792 1874 831 1899 ut
858 1867 999 1909 reginam
1027 1863 1164 1896 viarum

486 1924 580 1956 illam
602 1919 822 1967 appellarint.

543 1976 562 2009 3
571 2002 578 2010 .
590 1977 623 2009 A
626 1974 718 2006 lcidae
723 1973 850 2018 prioris.
861 1969 1022 2003 Herculis
1032 1968 1167 2001 Alcme-

489 2042 541 2062 nae
550 2029 613 2061 filii
624 2028 760 2060 labores
773 2031 966 2059 enumerat.
975 2023 1027 2054 De
1038 2021 1166 2067 quibus

486 2082 568 2115 virle
582 2080 807 2126 mythologos
816 2103 824 2119 ‚
836 2085 869 2110 et
882 2088 959 2122 quae
971 2074 1166 2108 Farnahius

490 2135 533 2169 ad
547 2136 685 2169 Senecae
696 2133 799 2165 Herc.
813 2131 878 2163 fur.
899 2142 915 2162 ἰ
928 2142 939 2163 1
952 2134 969 2169 ί,
981 2154 990 2169 ,
1008 2136 1043 2160 et
1062 2127 1164 2161 Herc.

491 2190 572 2222 OEt.
594 2200 605 2220 1
618 2188 651 2221 5.

546 2247 580 2282 [ι.
598 2241 720 2274 Aurea.
741 2238 905 2271 «Gruter.
925 2247 965 2267 ex
977 2234 1083 2267 Palat.
1101 2233 1166 2278 leg.

491 2302 608 2329 censet
631 2305 764 2337 raraque
780 2304 790 2323 :
814 2288 963 2323 Sci-iver.
986 2287 1050 2332 leg.
1075 2300 1167 2319 cara-

493 2364 570 2395 que,
589 2359 689 2379 versu
707 2345 774 2377 hoc
792 2343 960 2387 exigente.
979 2357 992 2369 ιι
1012 2340 1165 2373 Scltrevel.

495 2403 571 2435 Hoc
594 2398 707 2433 edidit
729 2396 870 2430 But-hou.
892 2416 942 2421 ——
961 2393 1053 2425 Male
1073 2401 1167 2425 uter-

495 2468 586 2500 que,
617 2461 650 2486 et
677 2450 797 2484 videre
825 2456 886 2481 est.
906 2448 974 2480 En.
995 2467 1048 2472 —-
1066 2446 1168 2491 Libyn

494 2509 624 2541 domuit.
642 2505 718 2537 Hoc
733 2511 802 2536 est:
820 2503 861 2534 In
877 2500 993 2533 Africa
1008 2501 1167 2531 Antaeum

496 2561 572 2593 vivi!
590 2585 598 2599 ,
626 2560 724 2602 cujus
750 2564 831 2589 nota
865 2553 1035 2586 historia:
1064 2560 1168 2597 atque

495 2626 595 2646 aurea
617 2611 703 2644 mala
728 2605 960 2653 llesperitlinn
984 2605 1088 2638 horto
1112 2603 1170 2637 de-

494 2665 635 2710 cerpsit,
648 2661 792 2697 custode
808 2660 991 2694 interfecto
1003 2657 1166 2691 dracone.

1282 1279 1315 1313 5.
1348 1280 1521 1313 Peltatam.
1552 1281 1649 1315 Pelta
1679 1291 1818 1317 scutum
1853 1293 1903 1318 est

1224 1332 1383 1373 brevius,
1399 1346 1470 1379 quo
1488 1334 1679 1368 utebantur
1689 1337 1881 1371 Amazones
1892 1363 1901 1377 ‚

1224 1397 1376 1430 quarum
1396 1386 1551 1432 reginam
1570 1388 1801 1434 Hippolytani
1820 1390 1903 1425 vicit

1224 1438 1391 1472 Hercules
1421 1451 1428 1472 :
1467 1457 1480 1469 «ι
1496 1440 1650 1474 Abstulit
1681 1442 1900 1489 Hippolytae,

1224 1500 1337 1530 sexto,
1358 1504 1419 1525 sua
1435 1493 1577 1526 vincula
1596 1494 1707 1528 victae.
1724 1512 1737 1524 n
1758 1518 1808 1522 —
1823 1496 1902 1533 Scr-

1226 1544 1308 1576 tlec'co
1329 1544 1423 1577 nodo.
1449 1545 1667 1590 Periphrasis
1690 1556 1742 1581 est
1765 1538 1869 1582 baltei
1893 1562 1901 1583 ε

1225 1596 1260 1629 in
1274 1596 1413 1643 Scythia
1427 1610 1513 1631 vero
1526 1597 1571 1631 ad
1584 1591 1730 1633 Tanaim
1747 1610 1781 1635 et
1789 1602 1902 1635 Ther-

1222 1648 1428 1683 modontem
1469 1650 1619 1684 fluvium
1657 1653 1902 1688 habitaverunt

1223 1703 1429 1737 Amazones.

1282 1758 1316 1789 6.
1333 1756 1475 1789 Addidit
1492 1757 1650 1792 Arcadio.
1672 1759 1723 1792 De
1744 1759 1847 1794 leone
1868 1769 1905 1794 et

1224 1821 1310 1853 apro
1332 1809 1374 1842 ab
1396 1809 1547 1843 Hercule
1568 1810 1758 1846 interfectis
1779 1814 1902 1859 saepius

1223 1860 1369 1895 (lictum.

1265 1926 1298 1959 7.
1308 1915 1426 1948 Astris.
1440 1910 1548 1950 «Ante
1558 1916 1739 1962 legebatur
1749 1917 1784 1952 S.
1795 1922 1898 1958 undis,

1224 1966 1321 2013 quod
1335 1967 1558 2002 falsissimum
1571 1996 1580 2011 ,
1592 1982 1633 2002 ex
1648 1978 1763 2004 mente
1775 1971 1900 2006 Poetae.

1225 2021 1458 2066 Deprehensae
1472 2022 1568 2054 euim
1585 2022 1621 2055 in
1631 2035 1709 2056 aere
1719 2023 1884 2070 Harpyiae
1894 2051 1903 2066 ‚

1224 2086 1297 2106 non
1318 2074 1353 2106 in
1372 2074 1484 2108 lacu.»
1500 2075 1684 2109 Gruter.-
1696 2077 1805 2110 Astris
1822 2078 1900 2112 cod.

1224 2126 1432 2160 Beverland.
1456 2136 1490 2160 ct
1515 2128 1564 2171 sic
1592 2141 1791 2174 expressum
1817 2130 1902 2164 dant

1226 2179 1339 2212 Maitt.
1360 2188 1394 2212 et
1414 2181 1554 2214 Bar-hou.
1568 2182 1816 2228 ——.AEripedem
1835 2198 1901 2217 cer-

1228 2246 1306 2266 vam.
1324 2232 1521 2266 «Cornibus
1542 2235 1671 2268 auratis
1689 2247 1834 2270 cervum
1844 2250 1902 2270 ne-

1226 2294 1280 2319 cat
1293 2285 1418 2319 ordine
1433 2295 1593 2332 qum-toa»
1607 2288 1697 2321 Etin
1712 2289 1841 2323 Nostro
1857 2291 1903 2323 le-

1226 2347 1312 2384 gunt
1327 2338 1469 2384 quidam
1480 2353 1609 2373 cervum.
1626 2342 1738 2375 Aurea
1753 2342 1901 2377 habehat

1225 2404 1374 2432 cornum
1392 2392 1510 2426 Diana:
1523 2406 1616 2427 sacra
1629 2403 1719 2434 crat3
1730 2394 1764 2442 in
1781 2405 1901 2429 monto

1226 2445 1374 2478 Maenalo
1392 2446 1597 2491 vagal)atur;
1614 2460 1717 2493 quam
1735 2448 1903 2482 Hercules

1226 2498 1338 2543 cepit,
1357 2507 1391 2531 et
1411 2499 1529 2532 Dianae
1547 2500 1710 2545 Taygetae
1728 2513 1904 2535 consecra-

1227 2551 1287 2584 vit.
1315 2551 1371 2583 Sic
1397 2550 1563 2585 liuderus.
1590 2574 1640 2579 —
1666 2553 1901 2600 Svmplmliaelas

1227 2607 1329 2637 astris.
1347 2605 1562 2651 Stymphalis
1579 2605 1671 2639 lacus
1685 2606 1719 2639 in
1734 2607 1878 2641 Arcadia
1893 2635 1901 2646 ‚

1227 2657 1284 2690 ubi
1325 2670 1403 2690 aves
1435 2657 1691 2704 Stymphalides
1732 2660 1901 2694 inusitata·
