1978 3305
376 271 958 314 EPIGRAMMATUM
997 272 1118 314 LIB.
1160 272 1243 313 VI.

1424 286 1510 331 117

246 357 356 413 Quae
382 356 575 401 nondum
608 357 708 402 data
739 368 864 412 sunt,
896 356 1047 413 stulte,
1076 367 1232 418 negata
1264 356 1421 417 putas?

247 480 392 533 Φησὶν,
415 475 640 530 ἀπελπίζεις
655 515 666 533 ,
688 482 815 540 μωρὲ,
846 475 1127 539 δοθ·ησέμεναι;

112 611 221 643 1512.
251 610 304 643 Sic
338 623 396 654 ego
413 623 424 643 :
446 613 490 642 sic
521 610 651 643 breviter·
676 614 780 655 posita

108 662 198 694 modo
226 662 431 696 Beverlandi
461 662 535 695 MS.
553 684 603 690 —
622 663 675 696 Sic
699 676 778 707 ego,

109 723 175 748 etc.
189 714 244 748 Sic
257 728 322 760 ego
341 716 552 760 quaerebam,
563 715 677 760 inquit
690 716 780 748 Mar-

109 766 218 800 tialis:
241 768 289 800 sic
310 777 425 801 autem
447 768 557 800 Pallas
584 767 777 813 respondit.

107 841 158 845 —
178 821 288 852 Posala
319 821 403 852 mihi.
433 821 623 853 Personam
650 821 780 854 scilicet

107 871 232 905 induta
267 873 410 913 mitem3
439 873 486 906 ita
513 873 640 915 Silius,
666 891 679 903 n
701 874 778 906 Jam

107 925 227 958 bellica
242 925 353 970 Virgo
370 924 492 971 AEgide
508 925 777 971 deposita»,etc.

108 977 160 1010 vel
179 977 300 1010 alludit
329 977 370 1010 ad
399 986 545 1011 statuam
567 979 716 1012 Palladis
743 980 778 1012 in

842 611 1017 656 Capitolio
1045 611 1193 655 positam
1227 611 1302 644 sine
1329 609 1457 655 aegffle,
1476 619 1515 642 ut

840 676 945 709 quam
963 664 1189 696 Domitianus
1202 663 1325 704 haben
1339 663 1399 696 lib.
1414 663 1514 702 XIV,

839 716 948 761 epigr.
970 728 1108 748 crxxrx.
1124 737 1174 741 —
1193 716 1351 760 Gorgone.
1381 715 1488 748 Scuto
1504 739 1514 754 ‚

840 769 895 802 cui
913 769 1049 814 pictura
1068 767 1224 801 Medusei
1248 768 1371 813 capitis
1390 769 1514 800 inerat.

898 833 911 854 ῑ
924 835 955 854 2.-
979 821 1060 865 Quoe
1079 821 1214 854 nondum
1229 848 1236 860 ,
1261 829 1326 854 etc.
1346 821 1515 865 Exspecta

839 873 958 915 modo,
980 873 1097 914 dahit3
1120 886 1232 919 neque
1254 874 1415 918 negavit,
1435 873 1516 917 quia

838 939 908 960 non
929 926 1043 960 statim
1061 925 1170 959 dedit.
1188 947 1239 952 —
1255 926 1383 969 Negata
1395 930 1517 969 putas?

839 980 1011 1013 Libelium
1034 979 1228 1024 supplicem
1251 977 1421 1011 exaudiet.
1449 978 1516 1009 En.

761 1113 876 1168 XI.

634 1273 687 1301 IN
734 1272 990 1301 MARCUM.

180 1396 323 1452 QUOD
353 1412 439 1439 non
472 1397 524 1439 sit
546 1395 727 1456 Pylades
751 1397 832 1439 hoc
854 1406 1072 1455 tempore,
1099 1411 1187 1437 non
1217 1395 1269 1437 sit
1301 1396 1499 1447 Orestes,

249 1466 448 1510 Miraris?
477 1465 680 1526 Pylades,
710 1467 882 1520 Marce,
910 1465 1086 1508 bibebat
1116 1465 1242 1508 idem.

180 1536 273 1579 Nec
301 1535 455 1580 melior
484 1537 604 1597 panis
632 1536 841 1580 turdusve
873 1535 1059 1578 dabatur
1091 1536 1260 1587 Oresti3

251 1606 335 1650 Sed
360 1623 439 1667 par
463 1617 591 1667 atque
615 1607 766 1650 eadem
796 1622 921 1651 coena
946 1605 1116 1649 duobus
1147 1615 1251 1648 erat.

180 1678 245 1719 Tu
273 1678 463 1720 Lucrina
489 1693 640 1733 voras;
671 1694 740 1721 me
770 1677 908 1737 pascit
936 1691 1095 1736 aquosa
1118 1676 1282 1718 Peloris
1309 1692 1316 1717 :

253 1748 354 1790 Non
380 1748 522 1792 minus
551 1749 738 1808 ingenua
766 1757 830 1791 est
854 1757 896 1806 et
921 1746 1050 1800 mihi,
1075 1747 1252 1798 Marce,
1284 1744 1394 1805 gula.

181 1818 243 1860 Te
267 1817 458 1862 Cadmea
483 1820 646 1878 Tyros,
672 1835 741 1861 me
771 1818 940 1878 pinguis
967 1815 1107 1860 Gallia
1139 1815 1267 1859 vestit
1290 1833 1297 1856 :

170 1969 200 1990 1.
227 1958 325 2002 Quod
341 1970 403 1990 non
429 1960 481 1991 sit.
511 1957 658 1990 Causam
685 1957 785 1990 affert

114 2010 241 2052 Poeta,
268 2022 331 2044 cur
353 2010 450 2043 nulla
477 2018 564 2043 esset
590 2022 671 2042 vera
699 2009 785 2042 ami-

115 2062 217 2105 citia;
246 2062 341 2108 quod
369 2074 495 2108 nempe
523 2062 616 2095 inter
642 2074 700 2095 eos
726 2062 785 2107 qui

115 2116 216 2149 amici
254 2128 325 2149 esse.
355 2105 553 2160 cuperent:
573 2115 669 2147 nulla
700 2123 787 2147 esset

115 2181 233 2202 rerum
264 2168 477 2202 communio.
506 2166 599 2200 Vide
626 2167 687 2200 lib.
724 2167 759 2199 II
777 2193 786 2208 ‚

116 2221 223 2266 epigr.
254 2234 347 2254 xmu
367 2247 377 2261 ‚
406 2230 441 2254 et
472 2221 536 2254 lib.
571 2221 647 2261 ΙΙΙ,
677 2221 785 2265 epigr.

117 2286 220 2307 Lvm.
232 2273 377 2321 Pylades
389 2286 473 2307 vero
492 2281 526 2306 et
547 2273 685 2306 Orestes
698 2273 789 2306 inter

116 2339 151 2359 se
161 2326 305 2360 fuerunt
326 2326 619 2372 conjunctissimi,
636 2338 789 2371 quorum

117 2379 197 2412 satis
215 2388 296 2412 nota
317 2388 367 2412 est
389 2379 545 2412 historia.

173 2446 204 2465 2.
235 2432 321 2465 Idem
347 2431 468 2464 vinum
499 2440 602 2476 atque
637 2431 788 2464 Orestes.

171 2484 206 2518 3.
234 2485 299 2518 Nec
321 2484 427 2516 melior
448 2484 589 2516 rhombus
611 2496 651 2516 ex
679 2482 783 2516 codd.

117 2537 273 2582 reposuit
298 2537 516 2570 Scriverius:
549 2536 605 2569 alii
629 2536 760 2569 habent
776 2560 786 2576 ‚

118 2590 185 2624 ,vec
202 2590 309 2622 melior
317 2602 428 2634 pavus.
444 2588 606 2622 Heinsius
621 2588 663 2621 ad
681 2587 785 2620 Ovid.

119 2642 262 2676 Heroid.
283 2644 390 2684 VIII,
411 2642 510 2687 epist.
528 2654 548 2685 9
561 2667 569 2683 ,
589 2654 628 2675 ex
647 2640 786 2674 duobus

120 2695 313 2729 veterrimis
336 2694 439 2728 codd.
461 2695 541 2740 legit
560 2707 566 2727 :
590 2695 656 2727 ,Ns-1·
679 2693 779 2725 melioz

845 1955 1007 1995 rhombus,
1040 1955 1182 1986 turdusve
1211 1954 1348 1986 dabatur·
1370 1953 1492 1986 Orestae
1507 1965 1517 1984 .·

845 2007 905 2041 sed
922 2019 1043 2041 omnes
1059 2007 1218 2051 impressi
1236 2007 1382 2047 habent,
1402 2007 1519 2038 Oresti.

902 2060 935 2094 5.
964 2061 1013 2093 Tu
1047 2060 1194 2092 Lucrina.
1233 2059 1344 2092 Lacus
1376 2058 1520 2090 Lucrini

846 2121 959 2147 ostrea
971 2113 1096 2157 optimi
1113 2120 1193 2145 sunt
1203 2113 1344 2158 saporis.
1359 2110 1437 2143 Lib.
1452 2110 1517 2148 III,

847 2166 956 2212 epigr.
974 2179 1027 2198 Lx.
1041 2165 1232 2211 —Athsa
1250 2165 1385 2197 Peloris.
1405 2162 1521 2195 Ostrei

848 2231 958 2264 genus
985 2226 1035 2251 est
1057 2218 1205 2258 Peioris,
1224 2229 1330 2262 quain
1358 2227 1522 2260 aquosam

849 2271 934 2305 dicit
947 2298 956 2312 ‚
986 2271 1052 2304 hoc
1086 2279 1154 2311 est,
1175 2268 1376 2308 ssaccidam3
1395 2279 1522 2312 nempe

849 2325 923 2358 sine
947 2323 1055 2364 callo,
1080 2323 1168 2356 sicut
1188 2322 1234 2355 ait
1255 2320 1430 2360 Raderm,
1452 2332 1522 2365 quo

850 2377 1003 2410 multum
1023 2374 1316 2408 commendantur
1336 2381 1461 2407 ostrea.

904 2432 938 2461 6.
968 2429 1042 2461 Non
1076 2430 1175 2460 miuus
1189 2455 1198 2468 ,
1230 2435 1295 2460 etc.
1326 2426 1405 2459 Non
1435 2425 1523 2457 mihi

848 2483 963 2515 minus
986 2489 1104 2514 exacta
1136 2488 1186 2513 est
1213 2479 1328 2512 tenuis
1357 2490 1522 2523 saporum

847 2535 936 2568 ratio
949 2560 957 2575 ‚
978 2546 1042 2567 nec
1059 2533 1173 2566 minus
1192 2532 1397 2566 deliciarum
1421 2530 1522 2575 cupi-

848 2586 893 2620 do
913 2599 1019 2632 quam
1037 2586 1116 2619 tibi.
1402 2591 1405 2593 ’

903 2652 936 2683 7.
954 2639 1104 2672 Cadmea.
1123 2638 1200 2671 Lib.
1219 2638 1271 2677 II,
1287 2637 1396 2682 epigr.
1416 2648 1520 2676 xum,

976 2713 1025 2719 —
1043 2693 1176 2733 Pinguis
1198 2690 1309 2724 Gallia
1336 2693 1435 2722 veslit.
1461 2689 1521 2721 Sai-

1229 2753 1281 2806 ὃς

848 2706 893 2726 VS.
916 2705 948 2735 7.
