1978 3305
499 214 595 270 448

870 214 929 255 M.
960 213 1097 255 VAL.
1138 214 1524 256 MARTIALIS

568 301 652 345 Sed
683 317 737 344 ne
768 299 858 344 sola
885 310 1029 343 tamen
1055 316 1239 360 puerum
1268 301 1438 360 pictura
1463 299 1682 360 loquatur,

638 373 741 415 Haec
773 371 855 413 erit
885 371 929 412 in
955 369 1116 413 chartis
1146 370 1285 430 major
1315 371 1460 431 imago
1484 370 1602 413 meis.

497 505 592 542 patre
617 504 775 529 mortuus
801 504 835 528 et
862 503 1032 528 crematus
1060 495 1172 529 fuerat

498 551 686 583 Camonus.

552 616 588 645 9.
612 602 680 634 Pro
698 601 767 633 sola
786 609 888 633 lamen
908 601 942 633 in
966 598 1172 634 Beverlandi

498 654 559 687 MS
567 680 574 686 .
591 654 754 687 sublatum,

1290 507 1345 528 10.
1381 496 1463 528 Hoec
1497 497 1556 527 erit
1589 498 1621 527 ιἰι
1649 495 1777 527 chartis.
1802 495 1902 528 Nun-

1231 560 1335 593 quam
1345 548 1507 594 perituris
1517 547 1660 581 scilicet.
1679 547 1735 580 Sic
1745 547 1805 580 lib.
1815 548 1886 580 VII
1895 573 1903 587 ,

1231 601 1339 647 epigr.
1369 612 1518 642 Lxxxtv,
1540 612 1589 633 vs.
1613 602 1633 633 6
1653 610 1661 632 2
1686 599 1847 634 «Certior
1870 599 1904 632 in

1235 662 1356 688 nostro
1376 654 1529 687 carmine
1547 653 1663 686 vultus
1680 652 1756 685 erit.
1778 669 1791 681 n

1019 787 1380 842 LXXVIII.

887 942 950 970 DE
989 941 1258 970 CONV1V1O
1297 920 1514 970 Flusor*

568 1071 711 1126 QUOD
737 1067 950 1127 optimum
980 1065 1034 1109 sit
1063 1064 1256 1126 disputat
1286 1065 1533 1109 convivium

642 1137 846 1181 Facunda
868 1136 1005 1180 Prisci
1029 1136 1211 1196 pagina3

572 1211 628 1252 Et
657 1207 792 1251 multa
820 1206 962 1260 dulci,
993 1205 1131 1250 multa
1160 1205 1333 1250 sublimi
1363 1206 1517 1261 refert,

641 1278 726 1322 Sed
750 1287 908 1322 cuncta
931 1276 1061 1321 docto
1088 1286 1276 1338 pectore.

572 1349 706 1407 Quod
730 1350 944 1409 optimum
971 1348 1026 1392 sit
1045 1348 1233 1408 quaeritis
1255 1346 1533 1392 convivium?

644 1422 694 1463 In
718 1419 835 1480 quod
857 1417 1086 1463 choraules
1110 1435 1200 1462 non
1225 1419 1356 1462 venit.

559 1557 858 1592 *Adhibebamur
883 1557 967 1590 olim
996 1558 1115 1590 Romae
1143 1557 1177 1590 in

508 1614 593 1646 urbe
611 1611 898 1658 opulentissima,
921 1618 955 1643 et
978 1610 1071 1643 orbis
1097 1622 1182 1656 opes

508 1673 747 1711 concoquente
759 1690 768 1706 ,
777 1662 821 1697 ad
834 1663 992 1697 convivia
1004 1664 1119 1697 omnis
1129 1676 1183 1709 ge·

508 1719 599 1752 neris
613 1719 683 1751 fere
696 1718 926 1750 instrumenta
938 1716 1087 1750 musica:
1101 1729 1183 1750 can-

509 1773 664 1812 tabatur,
688 1771 893 1811 saltabatur,
915 1778 981 1803 etc.
1001 1770 1094 1802 Hinc
1110 1770 1183 1802 Ho-

509 1833 572 1859 rat.
589 1823 702 1870 Epod.
721 1824 794 1862 IX,
808 1836 858 1856 vs.
882 1834 911 1863 1,
927 1835 976 1868 sq.
1000 1840 1013 1852 κ
1030 1821 1183 1864 Quando

509 1885 689 1924 repostum
716 1876 904 1910 Caecubum
927 1875 970 1908 ad
993 1876 1095 1909 festas
1122 1874 1184 1909 da-

509 1945 585 1977 pes,
610 1931 756 1964 Victore
772 1929 872 1962 laetus
893 1929 1027 1963 Caesarc
1049 1929 1181 1962 Tecum

509 1984 577 2019 sub
592 1984 658 2017 alta
671 2009 679 2024 ‚
703 1983 750 2016 sic
768 1982 849 2015 Jovi
867 1990 1006 2027 gratum
1022 2006 1032 2022 ‚
1055 1981 1161 2015 domo
1173 2007 1181 2023 ,

510 2039 612 2072 Beate
623 2037 805 2076 Mecaenas,
816 2035 947 2076 bibam,
957 2035 1096 2068 Sonante
1109 2038 1184 2067 mia:-

511 2100 574 2124 tum
595 2090 678 2123 tibiis
699 2101 822 2121 carmen
841 2089 921 2134 lyra.
937 2089 1010 2121 Hac
1028 2089 1158 2121 Dorium
1173 2115 1180 2127 ,

509 2145 572 2177 illis
593 2143 794 2177 Barbarum!
812 2159 824 2171 »
848 2142 953 2175 Poeta
983 2141 1090 2187 igitur
1114 2141 1182 2180 ait,

508 2196 597 2230 illud
615 2209 686 2230 esse
704 2194 906 2229 convivium
923 2195 1162 2228 suavissimum
1175 2220 1184 2235 ‚

512 2251 547 2284 in
571 2248 667 2296 quod
692 2249 809 2282 nullus
834 2248 952 2281 veniat
984 2247 1185 2288 choraules,

512 2304 546 2337 h.
559 2316 588 2337 e.
607 2315 624 2335 a
636 2315 706 2348 quo
716 2301 805 2335 absit
818 2301 931 2334 omnis
943 2300 1110 2334 tumultus
1121 2301 1186 2334 cla-

511 2357 676 2389 mantium
687 2381 695 2395 ‚
716 2354 912 2388 saltantium
924 2380 933 2396 ‚
947 2354 1162 2387 ebriosorum
1177 2366 1184 2386 :

511 2409 684 2454 simulque
713 2406 836 2441 irridet
860 2407 995 2441 occulte
1012 2407 1187 2448 Priscum,

514 2472 580 2495 tam
595 2461 716 2495 multis
733 2460 863 2494 chartis
878 2459 921 2494 de
940 2460 1003 2493 hac
1016 2473 1054 2494 rc
1067 2459 1187 2505 dispu-

513 2524 640 2548 tantem
654 2541 662 2554 ‚
675 2527 785 2559 quum
803 2514 910 2547 verbo
927 2512 995 2546 dici
1016 2513 1134 2559 possit.

1297 1571 1327 1590 2.
1346 1558 1484 1602 Pagina.
1504 1557 1573 1590 Pro
1587 1569 1678 1603 opus
1691 1583 1700 1598 ‚
1719 1553 1912 1589 libenvid.

1242 1623 1358 1656 supra,
1378 1610 1438 1644 lib.
1453 1611 1470 1643 I
1482 1636 1491 1652 ‚
1514 1609 1621 1655 epigr.
1636 1622 1671 1651 v,
1683 1621 1731 1642 vs.
1755 1611 1774 1644 8
1789 1622 1795 1641 :
1820 1625 1833 1637 ‹-
1848 1608 1914 1641 La-

1242 1663 1334 1698 sciva
1355 1671 1405 1697 est
1431 1663 1532 1697 nobis
1553 1663 1696 1708 pagina,
1713 1662 1783 1695 vita
1804 1661 1914 1706 proba

1243 1724 1304 1751 est.
1325 1734 1338 1746 »ι
1359 1717 1428 1750 En.

1287 1769 1321 1803 3.
1331 1770 1436 1803 Multa
1445 1770 1542 1810 dulci,
1555 1770 1665 1809 multa,
1678 1776 1743 1802 etc.
1751 1767 1817 1801 Per
1825 1767 1916 1800 hanc

1244 1835 1363 1856 vocem
1385 1823 1500 1856 innuit
1523 1834 1589 1856 nec
1611 1822 1716 1856 semel
1736 1833 1816 1854 sane
1837 1820 1915 1853 lon·

1244 1877 1376 1922 giorem
1395 1877 1432 1910 in
1452 1874 1664 1921 disputando
1683 1883 1717 1908 et
1737 1873 1916 1907 verbosio-

1244 1942 1319 1964 rem
1341 1929 1512 1963 Priscum.
1529 1929 1596 1962 Eu.

1299 1983 1331 2017 5.
1354 1983 1452 2027 Quod
1464 1985 1610 2027 optimum
1627 1984 1678 2015 sit.
1697 1980 1824 2014 Sensus
1842 1987 1914 2013 est:

1243 2034 1338 2077 Quid
1354 2048 1442 2081 opus
1457 2044 1507 2069 est
1521 2036 1633 2068 multo
1647 2032 1830 2068 sermone?
1846 2045 1917 2065 uno

1243 2089 1373 2122 scilicet
1390 2089 1497 2122 verbo
1519 2087 1659 2122 definiri
1675 2095 1807 2132 potest,
1823 2085 1916 2131 opti-

1245 2154 1342 2174 mum
1363 2154 1490 2187 nempe
1511 2141 1712 2175 convivium
1737 2137 1824 2172 illud
1847 2150 1918 2172 esse

1245 2207 1262 2227 a
1285 2207 1355 2240 quo
1378 2195 1472 2228 abest
1500 2194 1712 2228 musicorum
1734 2192 1917 2238 strepitus,

1246 2255 1279 2280 et
1296 2248 1330 2281 in
1349 2261 1419 2294 quo
1439 2248 1554 2294 quieta
1575 2256 1624 2281 est
1641 2258 1769 2279 mensa.

1300 2303 1333 2334 ti.
1346 2303 1383 2334 Ιιι
1400 2315 1460 2348 quo
1473 2328 1479 2334 .
1491 2327 1496 2333 .
1509 2303 1583 2334 .c1·it
1598 2298 1784 2333 Pulmanni
1798 2296 1917 2332 codex.

1247 2355 1376 2388 Caetera
1390 2380 1398 2394 ,
1436 2367 1507 2388 non
1543 2354 1676 2387 variant
1711 2352 1920 2386 membranae

1247 2417 1305 2441 aut
1326 2407 1405 2440 libri
1434 2407 1687 2454 typographici.
1706 2426 1756 2432 -
1776 2404 1919 2439 Chomm-

1249 2461 1302 2494 lvs.
1328 2462 1359 2494 Is
1388 2469 1437 2493 est
1466 2460 1525 2506 qui
1556 2460 1639 2493 tibia
1668 2460 1775 2498 canit,
1796 2457 1856 2489 lib.
1874 2456 1919 2495 V,

1250 2527 1357 2558 epigr.
1378 2526 1434 2547 rvi
1448 2540 1457 2552 ‚
1472 2527 1520 2546 vs.
1543 2527 1577 2556 q.
