1978 3305
480 253 577 300 526

855 257 918 298 Μ.
942 258 1018 300 VA
1034 259 1082 300 L.
1122 259 1211 302 MA
1228 260 1510 325 RTIALIS

1145 425 1211 481 L.

1000 566 1065 595 DE
1104 549 1360 599 sconpo.⁴‘

542 682 769 725 FRANGAT
793 679 1009 723 Idumaeas
1039 680 1172 724 tristis
1198 681 1393 726 Victoria
1420 681 1607 743 palmas;

614 749 797 812 plange,
826 751 990 804 Favor,
1020 766 1134 794 saeva
1159 760 1336 812 pectora
1367 753 1482 797 nuda
1509 770 1654 798 manu.

540 821 685 865 Mutet
705 823 861 864 Honor
880 819 1045 874 cultus,
1066 830 1110 864 et
1131 821 1287 882 iniquis
1310 839 1492 868 munera
1520 825 1732 878 flammis,

611 892 740 935 Mitte
770 901 1022 943 coronatas,
1048 889 1199 935 Gloria
1225 903 1404 949 moesta,
1433 911 1592 939 comas.

539 1015 732 1074 Θραυέτω
765 1013 981 1063 αἰνοπαθὴς
1013 1013 1118 1060 Νίκη
1152 1013 1330 1071 φοίνικας
1359 1006 1550 1076 Ῐδούμης.

604 1084 832 1127 Κοπτέσθω
856 1083 1065 1143 παλάμαις
1091 1086 1371 1144 ςερνοτύποισι
1398 1088 1572 1147 Κράτος.

538 1156 764 1214 Στέμματα
788 1147 926 1204 Κῦδος
949 1150 1139 1213 ἄμειψαι·
1167 1153 1366 1217 ἐπίφλογα
1393 1151 1431 1198 δ’
1461 1160 1598 1207 {jean
1624 1151 1734 1218 δῶρα

607 1225 804 1284 Πένθιμος
838 1226 1026 1282 εὐςεφέας
1059 1220 1165 1274 Δόξα
1192 1226 1320 1285 κόμας
1354 1228 1530 1282 βαλέτω.

520 1352 718 1403 *Deplorat
744 1354 854 1391 Poeta
885 1357 998 1391 fatum
1024 1354 1144 1402 Scorpi

466 1410 688 1456 aurigatoris,
705 1411 839 1457 populo
851 1410 1146 1456 principibusque

465 1463 662 1509 gratissimi.
673 1465 726 1497 De
739 1476 810 1510 quo
821 1471 856 1498 et
875 1476 956 1497 mox
977 1472 1053 1509 aget
1071 1464 1145 1509 epi-

466 1529 612 1562 gramm.
633 1529 713 1550 2111.

524 1583 538 1603 1
547 1597 555 1603 .
567 1570 726 1615 Frangat.
741 1569 897 1615 Respicit
905 1568 950 1604 ad
959 1569 1143 1615 publicum

466 1623 622 1664 luctum,
637 1635 709 1669 quo
731 1623 852 1656 Consul
867 1624 926 1655 init
936 1624 1055 1666 fractis
1070 1636 1143 1656 ηιατ-

465 1684 581 1709 rentem
593 1676 738 1719 fila-cibus
756 1676 860 1709 urbem
872 1703 881 1716 ,
901 1675 1008 1709 Ovid.
1024 1674 1067 1709 ad
1085 1676 1145 1709 Li-

464 1729 568 1763 viam.
597 1729 724 1763 Incitat
757 1728 801 1762 ad
829 1729 946 1763 luctus
958 1754 968 1770 ‚
1000 1729 1145 1763 numina

463 1781 643 1828 quondam
662 1781 796 1827 Scorpo
813 1782 1031 1816 nobilissimo
1052 1782 1144 1815 auri-

463 1836 574 1880 gatori
599 1836 767 1876 faventia,
789 1835 1007 1876 Victoriam,
1033 1835 1144 1869 Favo-

462 1901 551 1930 rem,
565 1888 760 1929 Honorem,
773 1887 1142 1921 Gloriam—palmas.

463 1941 608 1987 Signum
639 1941 795 1975 victoriae
827 1940 863 1974 in
896 1941 1145 1975 certaminibus

463 1993 664 2028 donabatur
691 1994 830 2040 palma,
858 1993 953 2039 quod
981 1993 1144 2040 depressa

462 2061 500 2082 ea
525 2049 631 2082 arhor
654 2060 726 2081 uon
750 2045 870 2087 cedat,
894 2045 954 2080 sed
976 2045 1144 2081 adversus

463 2100 606 2147 pondus
627 2100 799 2134 renitatur
819 2112 858 2134 ac
876 2108 1043 2145 resurgat.
1067 2100 1144 2134 Ari-

463 2163 543 2188 stot.
559 2154 677 2187 Probl.
698 2153 880 2187 Plutarch.
895 2152 1055 2199 Sympos.
1071 2153 1143 2187 Ho-

462 2216 526 2242 rat.
540 2207 602 2241 lib.
616 2208 650 2248 Ι,
664 2205 722 2240 od.
738 2219 751 2240 1
767 2220 774 2239 z
789 2205 998 2252 «Palmaque
1016 2207 1144 2241 nobilis

462 2261 655 2294 Terrarum
666 2258 830 2293 dominos
843 2259 960 2292 evehit
967 2258 1010 2293 ad
1021 2258 1104 2293 deos
1112 2272 1142 2302 »;

463 2322 496 2347 et
514 2314 576 2347 lib.
598 2314 663 2353 IV,
683 2311 740 2346 od.
761 2325 790 2346 11
803 2339 810 2351 ,
828 2330 840 2341 ιι
858 2325 946 2358 quos
965 2313 1057 2346 Elaea
1079 2312 1142 2346 do-

464 2379 560 2400 mum
579 2364 717 2401 reducit
737 2365 853 2398 Palma
878 2365 1039 2399 victores.
1064 2384 1075 2394 »ι
1092 2388 1143 2393 -

466 2421 611 2463 Frangat
633 2419 801 2452 Idumoeas.
818 2417 970 2452 Idumaea
988 2419 1084 2464 regio
1100 2419 1141 2452 ab

463 2471 609 2506 occidua
633 2480 732 2517 parte
752 2470 939 2513 Jordanis,
963 2471 1142 2505 abundans

462 2526 602 2571 palmis,
616 2537 692 2570 quae
705 2533 787 2558 sunt
803 2525 1119 2569 insigniaVictoriae
1130 2552 1138 2564 ,

464 2591 566 2624 quam
592 2578 695 2611 Poeta
720 2577 899 2618 hortatur,
926 2586 959 2611 et
982 2578 1032 2611 illi
1055 2591 1139 2612 con-

463 2632 567 2665 sortia
585 2631 746 2671 numina,
758 2643 893 2677 semper
909 2631 1045 2676 Scorpo
1063 2644 1141 2677 pro·

463 2685 547 2729 pitia
563 2710 571 2723 ,
591 2693 627 2717 ut
647 2685 720 2725 ejus
741 2693 889 2718 mortem
910 2683 1072 2717 defleant.

1262 1370 1293 1391 2.
1311 1359 1427 1392 Reseca
1447 1358 1558 1393 codex
1576 1359 1712 1394 Beverl.
1731 1368 1764 1393 et
1786 1373 1835 1394 vs.
1861 1361 1879 1394 3

1204 1411 1258 1443 det
1271 1413 1398 1457 iniquis,
1416 1420 1451 1446 et
1466 1424 1519 1447 vs.
1538 1417 1558 1454 4
1578 1413 1684 1445 filule!
1697 1413 1879 1448 honoratas.

1204 1471 1238 1498 et
1250 1476 1300 1498 vs.
1317 1465 1336 1497 8
1357 1464 1506 1508 Cuisuit.
1521 1487 1570 1492 —
1586 1466 1723 1511 Plange.
1739 1467 1809 1508 Qui
1827 1479 1882 1500 so-

1202 1516 1297 1550 lebas
1317 1517 1507 1563 plaudere,
1532 1518 1694 1563 plausum
1719 1519 1754 1552 in
1781 1519 1882 1565 plan-

1203 1578 1297 1603 ctum
1312 1579 1489 1605 converte.
1503 1591 1556 1596 —
1565 1571 1600 1604 F
1599 1585 1685 1606 ανον.
1699 1571 1813 1606 Favor
1825 1572 1883 1606 hic

1202 1623 1347 1669 proprie
1360 1649 1369 1665 ,
1393 1632 1432 1657 ut
1452 1632 1487 1658 et
1505 1624 1631 1658 favere.
1652 1625 1704 1658 De
1721 1625 1882 1659 factioni-

1202 1676 1268 1709 bus
1287 1675 1396 1710 modo
1420 1676 1634 1712 dicebamus.
1657 1676 1748 1711 Inde
1769 1678 1883 1712 favere

1203 1736 1237 1763 et
1248 1729 1358 1772 favor,
1370 1730 1408 1763 in
1420 1730 1514 1764 circo
1526 1738 1560 1764 et
1574 1730 1730 1764 theatris.
1741 1731 1878 1764 Herald.

1258 1781 1292 1815 3.
1312 1783 1419 1816 Mutet
1432 1784 1558 1818 Honor.
1579 1784 1621 1816 In
1644 1783 1746 1818 luctu
1765 1784 1856 1817 enim
1873 1805 1883 1821 s

1202 1843 1241 1868 ut
1263 1834 1393 1878 hodie,
1416 1844 1544 1870 vestem
1565 1844 1700 1870 mutare
1722 1837 1882 1871 solebant

1204 1889 1367 1929 Veteres,
1381 1896 1415 1922 et
1429 1888 1600 1935 depositis
1619 1901 1696 1935 quae
1715 1888 1759 1923 ad
1777 1902 1879 1924 orna-

1203 1949 1277 1975 tum
1301 1949 1335 1975 et
1362 1942 1526 1987 εὐμενείας
1553 1942 1703 1988 insignia
1727 1943 1882 1988 pertine·

1202 1995 1308 2035 bant,
1328 1995 1452 2036 atrati,
1473 1993 1665 2037 sordidati,
1688 1996 1882 2042 pullatique

1202 2046 1778 2094 incedebant.—-Muneraflammis.
1792 2049 1881 2082 Nam

1201 2109 1329 2146 praeter
1342 2101 1426 2135 thus
1437 2108 1471 2135 et
1484 2109 1628 2135 caeteros
1640 2100 1780 2142 odores,
1793 2114 1885 2147 quae-

1201 2165 1352 2199 cumque
1376 2162 1560 2199 poterant,
1587 2155 1819 2199 conjiciebant
1844 2155 1879 2188 iu

1203 2219 1324 2240 eorum
1346 2219 1470 2252 rogum
1484 2232 1493 2247 ‚
1512 2219 1599 2252 quos
1614 2207 1805 2242 honoratos
1819 2221 1881 2241 vo·

1201 2260 1331 2293 lebant.
1356 2261 1478 2293 Vestes
1505 2259 1718 2306 quandoque
1747 2261 1880 2307 injicie-

1202 2313 1307 2352 bant,
1333 2321 1367 2345 et
1386 2321 1480 2346 certe
1501 2312 1749 2347 defunctorum
1769 2322 1880 2347 vestes

1202 2366 1306 2399 simul
1319 2366 1536 2400 cremabant.
1547 2365 1634 2400 Vid.
1649 2366 1792 2400 Sueton.
1807 2367 1878 2400 Jul.

1203 2418 1288 2452 Caes.
1310 2432 1386 2465 cap.
1411 2431 1562 2459 Lxxxw,
1593 2428 1626 2452 et
1655 2420 1758 2453 Dion.
1785 2420 1878 2454 Cass.

1202 2472 1349 2517 August·

1262 2529 1295 2564 4.
1309 2525 1404 2558 Mitte
1417 2533 1595 2558 coronatas.
1611 2525 1699 2566 Quae
1712 2525 1803 2558 enim
1821 2538 1879 2558 co·

1202 2591 1296 2611 ronae
1313 2578 1347 2611 in
1361 2577 1530 2611 conviviis
1541 2571 1704 2612 aut'ludis
1714 2576 1876 2623 gaudium

1201 2632 1431 2667 testabantur.
1460 2643 1514 2664 eas
1537 2631 1571 2663 in
1598 2631 1692 2664 luctu
1718 2630 1877 2675 protinus

1201 2684 1423 2727 abjiciebam.
