1978 3305
866 228 926 269 M.
956 228 1098 270 VAL.
1139 228 1533 271 MARTIALIS

1098 377 1311 432 XXII.

982 533 1036 561 IN
1078 513 1427 562 PHILAENIM.*

638 659 739 702 CUR
772 657 984 719 spleniato
1015 675 1128 720 saepe
1157 659 1366 720 prodeam
1399 670 1570 714 mento,

634 727 799 772 Albave
829 730 969 790 pictus
1001 746 1105 773 sana
1130 729 1249 773 labra
1277 747 1472 786 cerussa,

635 797 837 854 Philaeni,
861 799 1046 860 quaeris?
1066 802 1238 845 Basiare
1265 810 1306 844 te
1332 800 1445 844 noio.

546 935 560 948 ¹
587 939 625 971 In
653 939 826 971 Philoenem
857 939 964 973 Paris.
999 943 1108 984 1617.
1134 941 1174 973 In

495 992 654 1024 Philenem
677 992 792 1025 Colin.
814 993 912 1026 Junt.
935 992 1016 1025 Ald.
1039 1000 1073 1024 et
1094 993 1174 1025 Plu·-

495 1045 557 1077 lem‘
575 1057 624 1078 vs.
648 1044 680 1077 3.

550 1109 578 1130 1.
608 1097 781 1142 Spleniato.
809 1097 950 1143 Splenia
975 1106 1074 1130 erant
1102 1110 1174 1131 em-

494 1150 621 1195 plastra
633 1175 641 1190 ,
659 1149 702 1183 de
719 1150 849 1196 quibus
866 1149 945 1183 vide
963 1150 1024 1184 lib.
1043 1151 1078 1183 II
1091 1176 1099 1191 ‚
1119 1163 1173 1196 ep.

495 1215 588 1236 xxix.
617 1202 721 1235 Unde
750 1202 880 1235 dicitur
908 1203 1092 1247 spleniatus.
1124 1204 1176 1236 De

494 1255 640 1288 Philaeni
661 1255 795 1288 dictum
816 1256 878 1288 lib.
898 1256 954 1295 Π,
971 1256 1174 1301 epigramm.

496 1320 630 1348 xxxin,
655 1317 688 1342 et
707 1309 769 1341 lib.
788 1309 840 1340 IX
854 1334 862 1347 ‚
883 1309 994 1353 epigr.
1018 1321 1121 1342 Lxm.

1291 953 1319 973 α.
1341 941 1452 972 Pictas
1471 941 1571 974 labra.
1593 941 1832 975 Hellenismus
1849 950 1913 975 est.

1234 1014 1286 1018 —-
1303 992 1450 1026 Cerussa.
1471 993 1550 1026 Lib.
1572 994 1588 1025 I
1602 1017 1611 1032 ‚
1636 994 1745 1039 epigr.
1769 1006 1885 1028 ann
1906 1008 1914 1028 τ

1240 1063 1252 1074 ‹-
1263 1045 1442 1079 Cerussata
1462 1046 1528 1079 sibi
1543 1046 1655 1091 placet
1670 1047 1829 1093 Lycoris.
1844 1065 1858 1077 -

1291 1097 1325 1131 3.
1342 1099 1478 1131 Basiare
1494 1106 1523 1130 te
1541 1099 1624 1133 nolo.
1642 1099 1735 1140 Quia
1751 1109 1783 1133 et
1800 1101 1894 1133 calva
1907 1127 1916 1142 ‚

1236 1159 1269 1183 et
1291 1151 1391 1190 rufa,
1413 1159 1447 1184 et
1466 1151 1557 1184 lusca
1579 1160 1652 1185 erat
1672 1164 1679 1185 :
1704 1152 1765 1185 lib.
1785 1153 1840 1192 II,
1860 1165 1914 1199 ep.

1236 1216 1373 1245 xxxxn,
1404 1212 1437 1236 et
1458 1204 1519 1237 lib.
1542 1204 1638 1245 VII,
1659 1205 1767 1250 epigr.
1793 1217 1916 1246 van;

1236 1269 1307 1289 non
1323 1265 1438 1290 autem
1458 1269 1536 1289 curn
1554 1257 1658 1290 labris
1672 1283 1680 1299 ‚
1694 1257 1811 1291 loricae
1824 1258 1916 1297 loco,

1238 1310 1377 1343 armatis
1400 1321 1535 1343 cerussa
1556 1318 1589 1342 et
1613 1310 1768 1355 spleniis.

1078 1442 1333 1498 XXIII.

966 1600 1033 1628 DE
1071 1600 1122 1628 M.
1164 1600 1440 1628 ANTONIO.

574 1689 609 1706 X

567 1727 664 1769 JAM
697 1734 900 1769 numerat
929 1725 1102 1786 placido
1129 1724 1231 1769 felix
1252 1726 1470 1769 Antonius
1494 1741 1588 1768 aevo

639 1795 906 1853 Quindecies
939 1806 1057 1840 actas
1088 1796 1261 1840 Primus
1293 1794 1604 1857 Olympiada53

567 1867 900 1927 Praeteritosque
929 1867 1046 1922 dies,
1078 1876 1122 1912 et
1151 1876 1268 1910 tutos
1298 1867 1476 1927 respicit
1507 1882 1672 1919 annos,

570 1997 734 2067 Ἠσύχου
759 2001 959 2067 εὐδαίμων
989 2009 1129 2062 βιοτῆς
1158 2001 1362 2058 Ᾱντώνιος
1391 2001 1472 2055 ἤδη

638 2080 762 2121 Πέντ’
789 2079 855 2122 ἐπὶ
884 2083 968 2128 τοῖς
998 2072 1082 2121 δέκ’
1111 2080 1210 2121 ἐτῶν
1237 2079 1348 2126 ·ἡ’νυσ’
1376 2068 1668 2137 ὀλυμπιάδας·

570 2135 715 2208 ἤματ’
743 2149 880 2192 ὄπισθε
908 2143 1076 2208 δέδορκε
1106 2149 1409 2209 παροιχομένων
1435 2150 1626 2191 ἐνιαυτῶν

553 2300 578 2321 1.
592 2289 755 2321 Antonius
764 2287 902 2320 Primus.
914 2287 966 2320 De
976 2286 1044 2320 hoc
1057 2285 1180 2320 eodem

501 2339 634 2374 dictum
656 2340 717 2373 lib.
732 2341 784 2373 IX
799 2367 808 2382 ‚
828 2340 937 2386 epigr.
959 2351 1016 2381 c1,
1036 2339 1098 2372 ubi
1123 2351 1183 2384 pa-

502 2394 602 2427 triam
624 2401 658 2426 et
680 2392 794 2426 studia
821 2395 894 2439 ejus
914 2393 1106 2438 intelliges:
1123 2391 1182 2425 hic

499 2449 568 2490 jam
584 2447 651 2491 agit
664 2445 708 2479 de
722 2454 820 2480 aetate
834 2454 868 2479 et
889 2446 1053 2479 felicitate
1071 2447 1182 2479 Anto-

503 2500 562 2533 nii.
579 2500 695 2541 Quem
707 2510 823 2532 autem
837 2499 894 2532 hic
906 2499 1062 2538 Primum,
1077 2510 1182 2543 supra

502 2552 647 2585 Marcum
667 2553 866 2598 appellavit.

559 2618 592 2638 π.
607 2608 708 2638 Acras
719 2608 838 2650 primus
855 2604 931 2638 Md.
946 2606 1046 2637 Junt.
1063 2604 1181 2638 Calin.

508 2666 562 2691 -Μ
587 2659 711 2691 Ptimus
728 2686 735 2697 ,
760 2671 830 2691 non
848 2662 978 2702 primus.
1002 2659 1060 2692 Est
1089 2658 1182 2691 enim

1241 2286 1368 2319 Primus
1381 2296 1575 2330 cognomen
1588 2283 1770 2318 Antonii.»
1779 2282 1919 2318 Gronov.

1244 2338 1432 2382 Quindecies
1454 2346 1552 2371 actas.
1573 2338 1626 2370 De
1651 2335 1921 2383 Olympiadibus

1242 2390 1376 2425 dictum
1409 2399 1458 2424 est
1479 2391 1539 2424 lib.
1560 2391 1649 2425 VII.
1671 2389 1783 2436 epigr.
1803 2402 1867 2430 ιι,
1888 2397 1922 2423 et

1242 2445 1302 2478 lib.
1326 2446 1390 2485 IV,
1408 2442 1517 2489 epigr.
1534 2456 1620 2484 xx.v;
1640 2455 1724 2489 quas
1737 2455 1803 2488 pro
1818 2441 1920 2488 quin-

1243 2498 1400 2543 quennio
1414 2495 1603 2542 aliquando
1619 2504 1730 2542 poetae
1740 2522 1750 2537 ‚
1763 2494 1919 2528 historici

1243 2564 1326 2584 vero
1352 2563 1417 2596 pro
1441 2548 1676 2596 quadriennio
1703 2559 1842 2594 semper
1864 2559 1921 2581 su-

1245 2616 1340 2637 mere·
1353 2604 1444 2637 soliti
1470 2610 1560 2636 sunt.

1302 2656 1332 2690 3.
1355 2657 1461 2689 Tutos.
1475 2656 1542 2689 Alii
1562 2663 1654 2694 totos,
1675 2654 1722 2688 ait
1742 2653 1920 2687 Schr‘veI.
