1978 3305
467 251 565 308 534

836 255 898 296 M.
926 255 1065 296 VAL.
1104 253 1491 298 MARTIALls

604 340 793 384 Pieridas
812 357 820 382 ε
839 356 955 383 nunc
980 356 1059 383 nos
1084 340 1270 383 maxima
1298 342 1438 385 Roma
1462 343 1572 385 terit.

536 411 619 453 Hic
644 410 749 453 mihi
772 409 946 470 quando
971 409 1063 454 dies
1093 425 1213 454 meus
1239 409 1333 454 est?
1351 412 1568 471 jactamur
1594 413 1639 456 in
1664 412 1752 458 alto

605 480 756 535 Urbis,
782 481 894 524 etin
925 479 1057 525 sterili
1091 481 1174 523 vita
1206 478 1353 525 labore
1383 482 1522 542 perit;

536 552 660 593 Dura
687 550 925 594 suburbani
949 550 1054 594 dum
1076 551 1229 611 jugera
1253 553 1468 612 pascimus
1496 553 1611 613 agri,

605 621 870 681 Vicinosque
894 620 997 675 tibi,
1027 630 1174 665 sancte
1203 621 1412 678 Quirine,
1438 624 1586 667 Lares.
1843 648 1872 662 ω

537 690 622 734 Sed
647 707 738 734 non
759 691 875 735 solus
898 700 1039 745 amat,
1065 692 1138 752 qui
1163 701 1291 735 nocte
1315 691 1469 753 dieque
1493 692 1739 753 frequentat

609 762 807 818 Limina3
833 778 913 806 nec
940 771 1084 805 vatem
1112 761 1209 805 talia
1233 761 1391 807 damna
1416 763 1583 807 decent.

541 831 624 874 Per
649 832 896 876 veneranda
918 832 1024 875 mihi
1051 833 1278 876 Musarum
1307 849 1429 877 sacra
1444 870 1455 889 ‚
1482 850 1561 895 per
1585 850 1735 878 omnes

609 903 716 946 Juro
741 904 882 957 Deos,
908 904 965 946 Et
994 918 1081 946 non
1108 902 1327 948 officiosus
1349 920 1462 948 amo.

473 1040 607 1076 Graecia
618 1066 627 1082 ‚
647 1053 765 1075 versus
785 1040 967 1075 meridiem
979 1066 988 1082 ,
1006 1041 1065 1074 ubi
1082 1042 1148 1074 Lo-

473 1095 524 1130 cri
545 1102 580 1127 et
592 1094 778 1139 Rhegium.

530 1149 563 1179 6.
581 1147 738 1181 ΛῙακίηια.
754 1141 907 1181 Επιθετόν
928 1146 1082 1180 solemne
1103 1146 1146 1179 ad

474 1202 634 1234 Romam.
657 1199 713 1232 Sic
733 1200 806 1233 fere
825 1200 884 1233 lib.
898 1201 936 1242 Ι,
952 1208 1014 1233 sat.
1026 1212 1060 1241 v,
1073 1200 1147 1233 Ho-

474 1253 604 1287 ratius:
624 1253 835 1298 «Egressum
859 1265 983 1299 magna
1009 1265 1066 1286 me
1092 1265 1148 1286 ac·

473 1306 567 1352 cepit
587 1306 702 1339 Aricia
725 1307 848 1339 Roma.
865 1323 878 1335 ι»
893 1327 946 1333 -
963 1307 1060 1338 Ter-it.
1085 1305 1148 1338 Os-

473 1359 561 1392 ficiis
590 1355 744 1392 urbanis.
777 1359 897 1404 Epigr.
932 1371 992 1392 1.v1
1023 1371 1126 1404 supra
1139 1384 1148 1399 ,

474 1424 524 1445 vs.
540 1424 552 1444 1
573 1419 606 1444 et
625 1413 658 1445 8.

532 1477 566 1508 7.
586 1465 663 1497 Dies
677 1477 760 1497 meus
775 1472 831 1497 est.
846 1465 985 1510 Legunt
1002 1464 1060 1498 alii
1075 1464 1150 1497 sine

476 1517 749 1562 interrogatione
761 1543 770 1558 ‚
791 1525 826 1550 et
845 1517 940 1550 hunc
956 1529 1164 1560 accommos

477 1569 562 1603 dant
587 1583 725 1603 sensum
752 1582 761 1603 ε
782 1569 934 1612 Quando
960 1570 1049 1603 liber
1071 1582 1150 1602 sum

478 1623 520 1655 ab
545 1623 668 1656 officiis
693 1631 941 1669 patronorum,
965 1622 1088 1656 habito
1116 1623 1152 1655 in

479 1676 545 1709 alta
565 1676 703 1719 semita,
720 1689 847 1722 nempe
866 1676 902 1709 in
926 1683 1046 1710 monte
1063 1675 1153 1718 Qui-

478 1728 601 1769 rinali,
622 1736 687 1762 etc.
711 1728 839 1763 Videat
862 1729 984 1763 lector.
1004 1729 1077 1767 2Illa
1097 1729 1153 1762 in-

479 1782 682 1827 terpretatio
705 1782 822 1815 minus
847 1783 938 1816 bona
956 1781 1040 1815 mihi
1057 1781 1152 1815 vide-

478 1826 548 1867 tur.
562 1835 735 1868 Caeterum
759 1835 787 1868 si
806 1836 860 1869 cui
884 1836 941 1869 illa
960 1835 1131 1881 placuerit
1144 1861 1154 1873 ,

478 1887 678 1920 meminerit
707 1887 806 1921 haud
833 1889 946 1921 solum
982 1896 1154 1934 punctum

480 1938 668 1974 delendum
679 1940 774 1986 quod
785 1941 976 1987 interrogat
984 1968 993 1983 ,
1002 1941 1062 1975 sed
1071 1954 1156 1988 prae-

481 2000 572 2026 terea
592 2005 727 2027 comma
753 1993 978 2028 inserendum
1000 1994 1055 2028 vel
1077 2003 1156 2040 post

481 2046 569 2087 Hic,
590 2047 645 2080 vel
671 2055 750 2092 post
779 2048 865 2081 mihi.
888 2048 953 2080 En.
976 2069 1026 2073 —
1047 2048 1155 2080 Jacta-

480 2112 550 2132 mur
563 2102 595 2132 in
612 2100 688 2132 alto.
710 2100 920 2145 Metaphora
939 2109 1007 2142 est;
1026 2109 1059 2134 et
1075 2112 1154 2133 sen-

479 2164 536 2186 sus
553 2163 561 2185 :
580 2152 734 2191 Officiis,
754 2153 846 2186 curis
858 2179 866 2195 ‚
883 2161 918 2186 et
935 2153 1082 2199 negotiis
1101 2166 1156 2187 oc-

481 2217 673 2251 cupamur,
702 2214 736 2240 et
769 2206 839 2240 vita
867 2207 1084 2240 consumitur
1118 2209 1152 2240 in

480 2258 606 2292 officiis
625 2258 829 2304 praestandis
844 2284 854 2300 ‚
870 2273 911 2293 ex
931 2260 1057 2306 quibus
1074 2261 1154 2293 nul-

480 2311 554 2346 lum
574 2312 729 2346 fructum
749 2313 975 2359 percipimus.

535 2366 570 2399 8.
592 2366 701 2398 Sterili
716 2365 833 2400 labore.
855 2365 1076 2408 Comstandi,
1095 2365 1155 2399 de-

480 2416 636 2451 ducendi
659 2427 845 2463 patronos,
866 2428 931 2453 etc.
950 2421 1014 2453 Vel
1035 2420 1152 2457 labore,

480 2479 517 2503 ut
538 2470 696 2505 Raderus
714 2473 881 2518 exponit,
898 2485 1002 2518 quem
1021 2473 1056 2505 in
1077 2473 1158 2506 hor-

479 2532 552 2556 tuin
572 2537 672 2557 suum
690 2526 929 2559 suburbanum
946 2527 1069 2560 frustra
1084 2526 1155 2559 co!-

479 2576 593 2617 locat,
616 2590 724 2622 quum
752 2579 883 2612 fructus
908 2580 1022 2612 nullos
1048 2592 1156 2624 prope

481 2628 612 2662 reddat.
636 2630 785 2664 Videtur
803 2641 835 2665 et
857 2632 959 2665 simui
979 2633 1153 2677 poeticum

1205 1041 1360 1076 studium
1370 1051 1492 1076 notare
1501 1069 1509 1084 ,
1523 1042 1618 1088 quod
1631 1043 1725 1076 idem
1735 1051 1773 1076 ut
1783 1041 1878 1085 alibi,

1204 1095 1365 1140 queritur
1383 1096 1500 1129 sterile
1520 1104 1555 1129 et
1576 1095 1690 1129 inane.
1712 1096 1755 1129 Et
1777 1094 1820 1129 ad
1843 1095 1880 1129 id

1205 1146 1286 1182 vide
1313 1148 1491 1182 Iuvenalis
1527 1156 1589 1182 sat.
1619 1161 1693 1190 vu,
1726 1160 1794 1194 qua
1836 1147 1881 1182 de

1206 1213 1328 1235 eorum
1347 1202 1408 1247 qui
1426 1214 1462 1235 se
1480 1202 1531 1235 rei
1549 1201 1726 1236 litterariae
1744 1200 1881 1240 studio,

1206 1253 1278 1287 sive
1296 1263 1426 1300 poetae,
1443 1255 1514 1288 sive
1535 1255 1692 1288 rhetores
1711 1264 1745 1288 et
1767 1267 1878 1300 gram-

1206 1307 1323 1340 matici
1338 1333 1347 1348 ‚
1366 1306 1553 1349 addicunt,
1572 1316 1775 1354 paupertate
1796 1319 1881 1340 con-

1207 1368 1378 1405 queritur.

1263 1425 1298 1456 9.
1312 1414 1404 1446 Dura
1419 1412 1600 1446 suburbani.
1615 1414 1709 1446 Infra
1722 1412 1883 1447 videatur

1208 1466 1317 1511 epigr.
1342 1477 1454 1500 Lxxn.

1267 1532 1319 1552 10.
1358 1520 1546 1564 Vicinosque
1579 1520 1642 1551 tibi.
1682 1519 1817 1565 Nempe
1848 1520 1882 1551 in

1210 1580 1329 1605 monte
1352 1571 1537 1613 Quirinali.

1268 1636 1282 1657 1
1295 1637 1325 1658 1.
1350 1624 1416 1658 Sed
1435 1638 1496 1657 ηυη
1518 1625 1601 1657 solus
1621 1632 1717 1657 amat.
1738 1627 1886 1657 Excusat

1211 1677 1268 1711 hic
1287 1677 1443 1711 officium
1460 1690 1561 1711 suum
1581 1676 1835 1718 intermissum;
1853 1683 1887 1709 et

1212 1730 1382 1772 affirmat,
1412 1744 1431 1764 a
1458 1743 1493 1764 se
1524 1743 1596 1764 non
1627 1730 1746 1763 minus
1779 1729 1885 1763 amari

1213 1783 1421 1817 Frontinum
1433 1811 1442 1822 ,
1456 1784 1613 1829 quamvis
1625 1796 1695 1817 non
1715 1782 1817 1816 toties
1831 1795 1887 1816 re-

1212 1836 1348 1875 visum,
1384 1836 1569 1871 salutatum
1603 1845 1637 1870 et
1667 1835 1887 1877 deductum;

1213 1902 1317 1936 quam
1332 1891 1375 1924 ab
1395 1890 1559 1924 officiosis
1581 1889 1655 1923 aliis
1676 1889 1886 1929 clientibus,

1213 1943 1275 1990 qui
1293 1941 1368 1977 dies
1382 1952 1572 1989 noctesque
1589 1942 1682 1976 illius
1700 1942 1822 1975 limina
1838 1949 1887 1974 te-

1212 2004 1295 2030 runt
1317 2009 1325 2029 2
1347 2004 1534 2030 armcitlam
1559 2008 1652 2029 enim
1677 2004 1711 2031 et
1733 2007 1887 2028 amorem

1213 2062 1285 2082 non
1306 2049 1341 2081 in
1365 2058 1528 2090 externo,
1550 2047 1611 2082 sed
1634 2048 1759 2082 intimo
1782 2060 1888 2093 pene-

1214 2102 1292 2135 trali
1311 2102 1511 2135 consistere.
1532 2101 1616 2135 Rad.

1269 2167 1281 2188 1
1294 2168 1325 2188 α.
1339 2155 1408 2188 Nec
1418 2162 1536 2187 vatem.
1550 2154 1629 2188 Lib.
1643 2155 1674 2192 1,
1687 2152 1889 2199 epigramm.

1216 2219 1296 2241 Lxxt
1316 2220 1324 2241 :
1346 2207 1402 2241 «Si
1421 2206 1513 2241 dicet
1529 2205 1711 2248 (Proculus
1727 2199 1889 2252 nempe):

1214 2262 1330 2303 Quare
1360 2273 1431 2294 non
1456 2269 1572 2294 tamen
1597 2260 1671 2306 ipse
1695 2259 1818 2293 venit?
1834 2259 1891 2292 Sic

1215 2315 1293 2348 licet
1323 2325 1481 2347 excuses:
1505 2313 1597 2356 Quia
1621 2313 1891 2360 qualiacumque

1214 2368 1380 2414 leguntur
1392 2368 1459 2401 Ista
1473 2367 1638 2401 salutator
1652 2366 1805 2400 scribere
1819 2377 1890 2398 non

1215 2421 1341 2466 potnit.
1366 2438 1379 2449 ιι

1274 2477 1329 2513 14.
1354 2473 1401 2506 Et
1425 2485 1486 2504 non
1515 2473 1682 2518 officiosus.
1710 2471 1786 2504 Hoc
1810 2478 1861 2504 est
1881 2482 1890 2503 ε

1216 2527 1312 2560 Licet
1341 2524 1500 2572 quotidie
1526 2525 1669 2558 domuin
1696 2533 1789 2558 tuam
1819 2535 1889 2556 non

1216 2578 1335 2612 adeam
1365 2580 1509 2612 salutem
1541 2579 1602 2611 tibi
1632 2577 1811 2616 dicturus,
1840 2584 1890 2610 ta-

1218 2645 1294 2666 men
1320 2641 1350 2665 te
1374 2645 1460 2665 anio.
