1978 3305
345 313 934 358 EPIGRAMMATUM
972 314 1097 356 LIB.
1137 313 1221 355 VI.

1396 311 1486 357 163

221 402 428 462 Quisquis
459 411 502 445 et
526 403 766 446 Ausonium
792 419 882 446 non
904 410 1021 445 amat
1043 401 1289 462 imperium.

150 472 381 532 Ingeniosa
404 482 549 516 tamen
575 472 774 534 Pompilli
805 473 966 533 scripta
995 471 1206 515 feruntur.

223 543 306 587 Sed
336 543 462 587 famae
487 560 576 587 non
605 553 671 587 est
693 543 801 597 hoc,
829 543 938 586 mihi
968 541 1118 597 crede,
1148 543 1261 586 satis.

153 614 298 671 Quam
331 612 457 657 multi
484 614 620 657 tineas
652 623 838 673 pascunt
864 612 1108 672 blattasque
1139 610 1305 657 diserti!

221 685 280 727 Et
303 683 524 727 redimunt
551 682 630 727 soli
655 684 849 727 carmina
881 682 1010 726 docta
1038 679 1152 726 coci!

152 754 312 799 Nescio
338 753 440 814 quid
469 752 565 814 plus
592 762 679 807 est,
706 753 825 814 quod
850 753 983 809 donet
1007 751 1161 797 saecula
1188 752 1372 808 chartis,

221 825 430 868 Victurus
457 825 647 868 Genium
677 824 806 868 debet
831 823 993 868 habere
1018 822 1137 867 liber.

80 952 175 996 piam
192 950 343 984 fluvium
354 975 364 991 ‚
383 950 419 983 in
436 950 679 996 Westphalia3
699 950 758 983 alii

80 1004 116 1037 in
138 1004 267 1049 Belgio,
294 1003 356 1036 ubi
377 1016 473 1036 nunc
499 1004 682 1036 comitatus
709 1011 759 1036 est

81 1057 298 1102 Zutphaniae.
328 1057 394 1089 En.
427 1057 536 1089 Leves
568 1055 758 1097 dicuntur,

82 1109 180 1156 quod
194 1122 212 1143 a
227 1110 394 1143 Romanis
407 1108 623 1143 defecissent.
634 1110 678 1142 Et
691 1109 759 1142 hoc

81 1162 272 1208 respondet
294 1171 396 1208 poeta
412 1162 521 1208 priori
544 1161 694 1197 disticho
717 1175 759 1196 ex

81 1228 231 1261 persona
250 1215 361 1260 vulgi.

138 1269 172 1303 5.
188 1270 356 1313 Ingeniosa
369 1276 481 1301 tamen.
494 1267 653 1314 Imperiti
664 1280 761 1301 nem·

82 1334 126 1367 pe
152 1330 294 1355 censent
321 1321 497 1366 ingeniosa
534 1332 605 1358 esse
632 1321 760 1366 scripta

82 1375 248 1420 Pompilli
265 1386 273 1407 ε
287 1383 391 1419 poeta
403 1372 593 1419 respondet
606 1374 675 1407 hoc
687 1386 760 1407 non

84 1427 242 1462 sufficere
259 1426 303 1461 ad
318 1426 599 1472 consequendam
620 1427 759 1460 famam.

82 1502 135 1506 -—-
148 1481 336 1525 Ingeniosa,
359 1488 422 1513 etc.
443 1481 554 1513 Instat
572 1480 706 1525 vulgus.

137 1535 168 1566 6.
192 1533 258 1567 Sed
268 1534 393 1576 samae,
422 1541 486 1566 etc.
508 1533 612 1578 Resp.
640 1533 759 1566 Poeta.

139 1599 172 1631 7.
192 1585 396 1620 Beverlandi
417 1585 492 1619 MS.
506 1586 696 1632 plantasque
711 1586 762 1619 di·

83 1642 170 1673 serti.
189 1661 241 1666 —-
267 1640 298 1672 T
297 1641 382 1671 ineas
397 1647 552 1683 pascunt,
579 1646 643 1672 etc.
671 1639 762 1672 Scri-

83 1692 173 1726 bunt
185 1718 194 1733 ‚
213 1704 290 1738 quae
301 1717 311 1733 ‚
329 1691 469 1726 nemine
484 1691 637 1737 legente,
658 1692 762 1725 tineis

84 1757 124 1779 ac
150 1745 267 1778 blattis
288 1746 536 1790 relinquantur
562 1757 659 1778 escae.
682 1745 759 1778 Lib.

85 1798 195 1839 XIII,
217 1798 327 1844 epigr.
352 1811 386 1839 1,
406 1810 457 1831 vs.
482 1810 513 1830 2.

140 1852 176 1884 8.
195 1850 315 1885 Codex
327 1852 409 1885 Vat.
427 1853 567 1883 carmina
581 1851 674 1884 docta
683 1853 765 1896 joci.

86 1925 138 1931 ——
164 1903 317 1938 Carmina
339 1905 433 1937 docta
455 1907 542 1937 coci!
562 1905 650 1946 Quae
676 1911 765 1949 togae

86 1965 167 1990 sunt
192 1957 382 2002 cmdyllis,
409 1966 441 1991 et
467 1957 597 2003 piperis
624 1958 764 1991 cuculli.

817 950 897 983 Lib.
912 950 986 990 ΙΙΙ,
999 948 1110 994 epigr.
1127 960 1175 989 11,
1188 961 1236 982 vs.
1252 953 1291 989 43
1306 957 1340 982 et
1352 949 1411 983 lib.
1426 951 1492 991 IV,

818 1003 928 1048 epigr.
952 1014 1103 1042 LXXXVI,
1124 1014 1175 1035 vs.
1201 1003 1237 1036 8.

871 1069 905 1100 9.
940 1055 1054 1088 Nescio
1084 1055 1162 1101 quid
1181 1055 1254 1100 plus
1284 1057 1326 1087 sit
1353 1055 1494 1089 Thuan.

818 1108 934 1142 Nescio
949 1107 1106 1154 quidplus
1121 1115 1169 1140 est
1181 1107 1267 1154 qnod
1278 1107 1398 1141 donant
1413 1110 1446 1140 V
1449 1117 1494 1142 at.

817 1183 870 1188 ——
891 1161 989 1205 Quod
1002 1161 1117 1200 donet,
1137 1168 1202 1194 etc.
1223 1161 1471 1195 AEternitatem
1486 1188 1496 1205 ‚

819 1215 964 1254 famam,
987 1222 1051 1247 etc.

883 1279 939 1300 10.
965 1267 1117 1299 Victurus
1141 1269 1259 1299 senium
1286 1267 1498 1301 Beverlandi

818 1320 891 1353 MS.
907 1342 960 1346 -—
974 1320 1109 1354 Genium
1124 1319 1233 1359 debet,
1251 1328 1316 1353 etc.
1332 1321 1496 1354 Nativam

819 1372 995 1419 quandam
1015 1372 1084 1405 vim
1104 1381 1136 1405 et
1153 1373 1337 1418 ingenuam
1356 1373 1500 1407 faculta-

819 1435 889 1460 tem
905 1439 911 1458 :
928 1439 999 1459 non
1015 1425 1192 1470 ingenium
1207 1435 1366 1460 coactum
1378 1451 1387 1468 ‚
1401 1426 1497 1472 quod

820 1480 909 1513 male
944 1477 1147 1523 respondet.
1169 1479 1263 1520 Vel,
1298 1479 1498 1513 felicitatem

820 1531 998 1578 quandam
1020 1539 1054 1564 et
1079 1531 1177 1577 quasi
1200 1532 1292 1576 genii
1316 1533 1469 1566 favorem
1486 1557 1497 1574 ‚

820 1587 918 1630 cujus
939 1585 1135 1630 patrocinio
1162 1584 1262 1618 libris
1283 1598 1380 1631 aeque
1409 1598 1500 1631 opus

821 1648 871 1672 est
890 1651 929 1671 ac
949 1638 1032 1671 viris
1045 1664 1053 1678 ‚
1076 1638 1242 1679 urbibus,
1264 1647 1330 1672 etc.
1354 1639 1501 1672 Henric.

822 1691 943 1737 Steph.
961 1690 1174 1724 schediasm.
1189 1691 1250 1724 lib.
1274 1692 1310 1731 I,
1333 1704 1408 1738 cap.
1434 1704 1498 1736 19:

826 1745 961 1778 Genium
975 1745 1098 1787 sumas,
1130 1751 1167 1776 ut
1189 1744 1250 1776 lib.
1272 1745 1365 1787 VII,
1385 1744 1499 1790 epigr.

823 1811 895 1838 ΧΠ,
920 1811 970 1830 vs.
1004 1810 1057 1830 10.
1078 1796 1172 1829 Vide
1194 1805 1229 1830 et
1256 1797 1414 1831 Turneb.
1438 1797 1500 1832 lib.

824 1851 930 1884 XXII
943 1878 952 1892 ‚
967 1862 1045 1896 cap.
1061 1850 1120 1883 32.
1133 1849 1254 1883 Horat.
1274 1851 1348 1884 Art.
1366 1850 1498 1884 Poetic.

828 1903 845 1936 3
854 1904 898 1937 85
910 1917 918 1944 ;
935 1904 1013 1937 «Tu
1026 1903 1115 1937 nihil
1128 1903 1236 1936 invita
1247 1902 1342 1937 dices
1352 1904 1499 1938 faciesve

826 1956 996 1990 Minerva.
1017 1974 1029 1985 ι·
1050 1957 1268 2002 Praeceptum
1286 1969 1361 1990 xxv.
1384 1957 1451 1989 En.

704 2092 877 2148 LXI.

591 2238 646 2265 IN
699 2215 999 2265 iivvlnnmf

163 2353 388 2405 LAUDAT,
414 2360 551 2403 amat,
577 2359 725 2394 cantat
751 2358 924 2393 nostros
951 2364 1048 2391 mea
1075 2349 1216 2391 Roma
1245 2346 1432 2405 libellos;

145 2479 160 2492 '‘
176 2484 289 2529 Hujus
308 2482 564 2528 epigrammatis
585 2482 771 2515 lectionem

92 2536 192 2570 nullo
212 2535 318 2569 modo
348 2536 481 2568 variant
502 2534 681 2580 impressi,
712 2543 772 2567 aut

94 2602 201 2623 manu
223 2588 353 2623 exarati
376 2588 470 2621 libri.

147 2665 200 2669 -—
212 2642 266 2675 En
285 2654 392 2688 quam
409 2641 627 2686 frequentem
643 2640 772 2673 habue-

96 2695 143 2728 rit
161 2696 325 2729 lectorem
344 2695 403 2727 hic
423 2693 741 2739 epigrammatarius
763 2705 771 2726 τ

96 2760 166 2781 non
201 2749 318 2781 minus
353 2755 445 2781 certe
475 2746 580 2780 hodie
613 2746 770 2779 omnium

831 2479 1017 2513 doctorum
1035 2506 1043 2520 ‚
1073 2478 1368 2526 indoctorumque
1393 2494 1504 2528 prope

833 2533 992 2566 manibus
1018 2532 1156 2566 teritur.
1183 2533 1355 2567 Describit
1376 2534 1504 2568 deinde
1537 2533 1539 2535 ’

831 2586 994 2627 affectus,
1019 2586 1184 2631 signaque
1205 2587 1383 2621 Zoilorum
1408 2597 1441 2620 et
1462 2589 1504 2621 li—

834 2639 1005 2672 ventium.
1026 2639 1143 2672 Bader.

890 2705 920 2725 1.
954 2692 1028 2725 Mea
1062 2693 1172 2725 Roma.
1204 2692 1280 2725 Hoc
1315 2701 1383 2734 est,
1416 2694 1503 2727 mihi

835 2745 941 2779 amica
961 2754 993 2778 et
1014 2746 1193 2778 benevola.

1216 2816 1296 2859 11³
