1978 3305
470 250 569 307 468

853 249 914 290 Μ.
937 248 1016 290 VA
1030 247 1080 289 L.
1120 246 1507 290 MARTIALIS

610 336 846 381 Sudantem
880 333 1038 377 Getica
1063 341 1128 376 ter
1158 333 1257 376 nive
1288 331 1393 376 lavit
1422 348 1595 393 equum.

541 409 663 467 Saepe
689 413 911 449 recusatos
942 419 1101 464 parcus
1124 402 1296 447 duxisse
1321 402 1592 463 triumphos,

614 477 770 520 Victor
800 473 1087 535 Hyperboreo
1116 490 1278 517 nomen
1308 473 1363 516 ab
1393 473 1500 517 orbe
1529 471 1637 516 tulit.

542 545 723 608 Templa
751 547 848 589 Deo
865 580 876 601 ,
903 560 1047 588 mores
1078 543 1251 605 populis
1281 542 1422 599 dedit,
1452 544 1541 587 otia
1570 542 1707 596 ferro,

612 619 742 661 Astra
768 616 875 672 suis,
899 614 1004 660 caelo
1031 614 1195 667 sidera,
1220 623 1334 658 serta
1357 614 1468 658 Jovi.

540 686 806 731 Herculeum
828 687 959 730 tantis
984 702 1147 729 numen
1174 702 1263 728 non
1287 683 1449 729 suffieit
1473 684 1603 739 actis;

610 758 797 819 Tarpeio
822 759 944 801 Deus
972 756 1044 800 hic
1075 755 1326 800 commodet
1351 771 1428 799 ora
1453 755 1580 816 patri.

468 894 593 916 vamen
603 907 611 922 ‚
624 889 683 915 aut
695 881 811 926 potius
831 887 977 926 propter
991 879 1148 924 geminos

469 936 630 981 pluresve
653 934 788 973 alveos,
811 933 847 966 in
869 944 957 978 quos
980 930 1149 965 dividun-

470 998 538 1022 tur.
561 988 617 1021 Sic
635 986 803 1032 Virgilius
822 986 875 1018 IX
893 983 1034 1018 AEneid.
1061 983 1151 1017 dixit

479 1042 668 1075 «Rhenum
691 1040 884 1073 bicornem.
901 1055 915 1067 n

523 1107 537 1127 1
547 1095 580 1128 8.
589 1094 761 1128 Sudantem
775 1091 903 1131 Getica,
912 1097 978 1124 etc.
990 1089 1070 1123 Hoc
1078 1097 1129 1122 est
1143 1101 1152 1122 2

470 1149 542 1181 Ter
557 1147 639 1181 vicit
656 1156 799 1191 quoque
816 1143 920 1177 Getas
936 1154 944 1176 :
962 1141 1006 1176 de
1021 1142 1152 1188 quibus

471 1199 705 1246 supra.Sudot·
724 1197 768 1232 ad
783 1194 984 1230 innuendos
1000 1195 1084 1228 belli
1100 1195 1152 1228 la-

472 1255 573 1287 bores
589 1263 698 1298 saepe:
717 1251 839 1284 «Eheu
855 1249 1025 1295 lquantus
1041 1248 1150 1293 equis,

470 1315 621 1353 quantus
637 1303 734 1338 adest
749 1303 833 1337 viris
851 1301 987 1335 Sudor»
1006 1301 1013 1334 !
1028 1301 1149 1334 Horat.

474 1361 535 1393 lib.
551 1361 585 1398 I,
611 1357 718 1392 Nerei
734 1355 956 1390 vaticinium.

532 1425 588 1456 19.
614 1427 626 1439 «
643 1410 782 1444 Parthos
809 1408 1017 1442 Gevartius:
1040 1407 1153 1448 male;

472 1478 551 1499 nam
572 1464 775 1499 Domitiano
796 1474 877 1495 cum
897 1460 1036 1494 Parthis
1057 1460 1153 1493 nulla

472 1519 561 1552 bella
575 1544 584 1559 ‚
597 1516 658 1551 secl
673 1524 765 1550 arcta
781 1514 945 1548 amicitia.
958 1513 1154 1547 Scriverius

475 1586 493 1605 e
500 1571 711 1605 membranis
718 1568 853 1615 profert
861 1579 968 1600 recusa
973 1574 1018 1598 tos
1023 1579 1139 1611 pat-cus
1146 1579 1157 1599 :

473 1624 569 1671 quod
582 1623 684 1657 victis
693 1621 856 1656 Sarmatis
866 1619 1089 1664 triumphum
1103 1631 1156 1652 re-

476 1678 619 1712 cusavit.
643 1677 734 1721 Lege
753 1686 880 1720 parcus.
906 1690 919 1702 n
947 1671 1152 1705 Beverland.

473 1732 500 1765 F
503 1731 623 1765 amab.
641 1727 818 1762 Schrevel.
839 1725 998 1759 «Phrasis
1013 1732 1155 1757 recusato

473 1797 551 1818 rara
560 1809 570 1826 ‚
582 1795 647 1817 nec
660 1791 776 1816 tamen
787 1779 873 1814 adeo
886 1779 1008 1812 aliena.
1020 1778 1152 1817 Par-tos,

474 1851 549 1871 non
576 1836 715 1870 Parthos
734 1861 742 1873 ‚
768 1834 835 1878 leg.
861 1844 932 1865 esse
963 1829 1155 1865 contende-

474 1892 555 1924 rim.
577 1907 592 1919 n
612 1887 790 1923 Flosculus.
812 1886 975 1919 Nostram
992 1883 1076 1917 lect.
1096 1882 1156 1917 dat

475 1943 620 1978 Barbou.
639 1961 690 1967 —-
706 1939 854 1973 Parthos.
878 1938 954 1970 Hoc
983 1945 1052 1977 cst,
1071 1936 1156 1970 Par-

477 1998 602 2031 thicos.
628 1993 801 2039 Virgilius
826 1991 901 2024 Ecl.
929 1990 963 2022 X
989 2001 996 2022 :
1031 2007 1045 2018 «ι
1071 1989 1157 2023 libet

476 2050 607 2084 Partho
639 2055 805 2092 torquere
844 2041 1005 2089 Cydonia
1041 2054 1154 2076 cornu

477 2103 641 2150 Spicula»
650 2127 659 2142 ,
668 2108 733 2133 etc.
745 2096 843 2140 Quid
851 2109 915 2130 nos
925 2095 1067 2129 demum
1078 2107 1155 2128 cen-

476 2168 614 2190 seamus
632 2153 677 2187 de
697 2151 872 2197 scriptura
895 2148 1016 2195 paucis
1043 2148 1154 2182 absol-

475 2223 558 2244 vere
570 2218 686 2254 operae
700 2205 851 2251 pretium
862 2210 925 2236 est.
937 2203 1017 2234 Duo
1027 2213 1155 2247 nempe

476 2267 727 2310 proponuntur
748 2270 756 2291 z
779 2263 920 2290 recusato
942 2255 1080 2287 Parthos
1099 2255 1153 2289 vel

471 2324 582 2361 par-tos
594 2342 602 2355 ,
624 2319 781 2346 recusatos
795 2322 922 2355 parcus,
942 2308 1031 2342 Nam
1051 2315 1086 2341 et
1105 2321 1154 2340 re-

476 2377 599 2402 cusatos
614 2374 725 2412 partos
744 2373 778 2398 et
791 2370 931 2395 recusato
940 2374 1075 2406 parcus,
1094 2361 1154 2393 ab·

476 2421 637 2456 surdum.
655 2420 734 2452 Jam
756 2429 840 2450 vero
864 2422 1005 2447 recusato
1020 2440 1028 2453 ,
1050 2422 1088 2447 ut
1110 2414 1155 2447 la-

477 2476 608 2516 tinum,
630 2473 678 2506 sic
699 2482 858 2514 asperum
876 2477 910 2501 et
932 2467 1153 2512 elegantiori-

473 2529 538 2562 bus
560 2526 674 2573 poetis
688 2525 756 2557 hoc
773 2532 931 2567 tempore
948 2520 1066 2552 minus
1089 2520 1154 2553 usi-

476 2589 597 2614 tatum.
624 2580 796 2623 Respuaul
823 2588 905 2620 ergo
926 2586 990 2618 eg«)
1014 2582 1154 2606 recusato

469 2643 580 2679 partos
607 2631 688 2665 satis
707 2630 874 2668 libentem
910 2627 1046 2659 Parthos
1070 2639 1152 2659 vero

471 2687 631 2722 omnino,
660 2683 852 2727 Nunquam
878 2681 972 2713 enim
999 2679 1147 2712 Partho-

1208 891 1289 911 rum
1306 877 1476 911 victorem
1491 888 1562 910 sese
1580 875 1755 910 simulavit
1770 877 1888 909 Domi-

1210 931 1344 972 tianus,
1372 929 1433 964 sed
1460 929 1730 964 Germanorum.
1757 930 1825 963 En.
1837 950 1886 955 -—-

1208 983 1300 1028 Soepe
1319 991 1471 1016 recusam.
1489 983 1554 1016 Hic
1573 982 1699 1016 modus
1720 981 1889 1028 loquendi

1208 1035 1453 1082 perfamiliaris
1463 1034 1605 1069 videtur
1614 1035 1758 1068 Aurelio
1768 1035 1890 1068 Victo·

1209 1089 1240 1123 ri
1257 1101 1264 1123 :
1286 1088 1457 1122 ablativus
1471 1096 1522 1122 est
1537 1088 1716 1122 absolutus
1732 1088 1889 1121 neutrius

1209 1141 1368 1188 generis3
1385 1142 1452 1175 hoc
1468 1140 1535 1187 ipsi
1555 1149 1732 1182 recusato,
1751 1153 1811 1174 seu
1824 1141 1889 1174 hac

1211 1208 1249 1228 re
1266 1203 1419 1229 recusata
1431 1219 1441 1236 ,
1456 1206 1585 1240 nempe
1602 1202 1642 1228 ut
1663 1194 1888 1228 auxiliaretur

1212 1248 1388 1293 Vologeso
1417 1247 1629 1281 Parthorum
1655 1248 1739 1292 regi.
1766 1248 1888 1281 Sueto-

1211 1301 1290 1334 nius
1317 1313 1390 1334 can.
1420 1315 1438 1334 2
1466 1301 1504 1333 in
1530 1300 1733 1334 Domitiano
1754 1314 1761 1332 ;
1785 1317 1799 1330 α
1817 1300 1889 1333 Nec

1211 1362 1327 1387 tamen
1350 1366 1392 1387 eo
1417 1354 1548 1394 secius,
1566 1366 1673 1399 quum
1696 1353 1890 1398 Vologesus

1211 1407 1424 1440 Parthorum
1457 1418 1518 1439 rex
1554 1406 1681 1440 auxilia
1725 1405 1889 1439 adversus

1212 1461 1342 1493 Alanos
1359 1459 1554 1505 ducemque
1575 1460 1722 1492 alterum
1743 1471 1785 1492 ex
1802 1460 1889 1492 Ves-

1212 1512 1344 1558 pasiani
1362 1513 1481 1546 liberis
1498 1511 1777 1558 depoposcisset,
1793 1511 1889 1545 omni

1212 1578 1280 1611 ope
1296 1564 1481 1599 contendit
1493 1590 1502 1606 ,
1519 1573 1557 1598 ut
1575 1565 1648 1610 ipse
1666 1564 1889 1610 potissimum

1213 1619 1436 1658 mitteretur3
1457 1626 1514 1659 et,
1546 1618 1626 1664 quia
1655 1617 1807 1651 discussa
1835 1629 1891 1650 res

1214 1679 1286 1711 est,
1310 1671 1394 1705 alios
1418 1671 1573 1704 Orientis
1593 1683 1690 1716 reges
1704 1695 1714 1711 ‚
1737 1679 1776 1704 ut
1796 1669 1889 1704 idem

1212 1725 1432 1769 postularent
1441 1749 1451 1765 ‚
1462 1723 1564 1757 donis
1575 1736 1613 1757 ac
1627 1723 1888 1769 pollicitationi-

1213 1778 1281 1811 bus
1300 1777 1472 1810 solicitare
1493 1776 1676 1810 tentavit.»

1270 1842 1327 1863 20.
1341 1830 1556 1876 Hyperboreo.
1572 1829 1648 1862 Hoc
1663 1837 1731 1870 est,
1745 1837 1892 1875 septem-

1215 1883 1355 1916 trionali
1377 1895 1385 1916 :
1406 1896 1487 1916 nam
1506 1895 1524 1915 a
1544 1881 1690 1916 devictis
1708 1882 1891 1915 Germanis

1215 1936 1463 1976 Germanicus,
1484 1944 1588 1981 atque
1607 1948 1627 1968 a
1645 1935 1794 1968 subactis
1814 1935 1892 1968 Sar-

1214 1989 1316 2023 matis
1337 1989 1548 2023 Sarmaticus
1569 1987 1683 2022 dictus
1701 1996 1751 2022 est
1768 1988 1891 2021 Domi·

1217 2043 1346 2075 tianus.

1272 2106 1332 2128 21.
1355 2096 1487 2140 Templa
1510 2096 1590 2128 Deo.
1610 2093 1703 2128 Vide
1722 2094 1833 2140 epigr.
1855 2106 1889 2126 ιν

1215 2160 1331 2194 supra.
1345 2168 1398 2173 —
1411 2148 1528 2181 Mores.
1548 2148 1625 2181 Lib.
1638 2148 1690 2180 VI
1702 2172 1711 2187 ,
1727 2147 1836 2192 epigr.
1856 2159 1891 2179 lv

1215 2209 1249 2234 et
1266 2212 1394 2234 v11.—
1409 2203 1487 2235 Otia
1496 2203 1598 2244 serr-o.
1618 2200 1693 2233 Hoc
1708 2209 1779 2233 est:
1795 2199 1892 2233 Bello

1214 2255 1396 2294 confflem,
1420 2267 1541 2300 pacem
1568 2253 1727 2287 hostibus
1752 2265 1893 2287 conces-

1215 2307 1280 2348 sit;
1299 2307 1359 2340 lib.
1381 2308 1489 2348 VIII,
1511 2307 1621 2353 epigr.
1643 2319 1698 2339 xv.

1271 2373 1329 2393 22.
1345 2361 1447 2394 Astra
1462 2362 1536 2394 suis.
1556 2360 1631 2393 Hoc
1646 2367 1696 2393 est
1711 2371 1719 2393 τ
1735 2359 1891 2399 Patrem,

1215 2413 1356 2446 fratrem
1369 2439 1377 2453 ‚
1393 2426 1537 2446 uxorem
1553 2413 1588 2446 in
1605 2411 1752 2446 deorum
1767 2424 1892 2445 nume-

1213 2479 1291 2499 rum
1302 2466 1436 2508 retulit,
1445 2475 1479 2499 et
1487 2467 1612 2500 Flaviae
1619 2466 1715 2511 genti
1723 2465 1893 2510 templum

1214 2519 1341 2558 erexit,
1363 2518 1406 2552 de
1426 2533 1496 2565 quo
1519 2519 1627 2565 epigr.
1653 2531 1681 2551 11
1700 2530 1819 2564 supra.

1270 2586 1287 2605 ἰ
1298 2577 1330 2612 l..
1353 2573 1500 2618 Tarpeio.
1520 2573 1600 2605 Non
1617 2571 1744 2605 suflicit
1755 2597 1765 2612 ,
1778 2579 1817 2603 ut
1829 2570 1894 2602 sub

1214 2626 1362 2671 imagine
1379 2626 1541 2659 Herculis
1568 2625 1702 2658 colatur
1724 2623 1892 2656 Domitia-

1213 2691 1295 2717 nus,
1315 2678 1372 2712 sed
1398 2680 1462 2712 sul»
1486 2678 1636 2722 imagine
1660 2677 1768 2722 ipsius
1783 2676 1892 2709 Jovis.
