1978 3305
405 213 988 260 EPIGRAMMATUM
1026 218 1146 261 LIB.
1188 220 1241 261 X.

1431 219 1525 276 543

600 404 603 405 ⁷
660 374 985 430 LXVIII.

631 535 691 562 IN
730 534 980 563 LAELIAM.
1005 514 1022 532 ²*

195 663 345 720 QUUM
366 662 444 706 tibi
462 679 549 706 non
571 662 789 722 Ephesos,
813 679 893 707 nec
918 664 971 707 sit
993 664 1278 719 Rhodos‚aut
1298 669 1527 729 Mitylene,

262 733 346 776 Sed
371 732 526 776 domus
551 733 595 775 in
622 734 739 788 vico,
767 731 922 788 Laelia3
948 735 1155 794 patrici03

193 805 346 864 Deque
372 802 573 847 coloratis
599 819 822 864 nunquam
844 803 917 847 lita
941 814 1079 848 mater
1100 807 1319 864 Etruscis,

261 875 410 917 Durus
433 873 608 918 Aricina
630 873 683 917 de
709 875 885 935 regione
909 884 1059 935 pater3

190 945 282 992 Ζωῆ
307 943 373 986 καὶ
403 942 508 1003 ψυχὴ
534 943 741 988 lascivum
766 946 963 1006 congeris
984 962 1143 1007 usque,

261 1015 346 1058 Pro
369 1011 534 1076 pudor!
563 1014 759 1059 Hersiliae
781 1016 907 1070 civis,
933 1026 976 1060 et
995 1017 1188 1078 AEgeriae.

192 1084 399 1129 Lectulus
423 1085 501 1129 has
527 1101 679 1140 voces,
705 1102 785 1129 nec
811 1085 993 1131 lectulus
1018 1087 1165 1133 audiat
1188 1092 1356 1147 omnis3

260 1155 344 1199 Sed
369 1172 498 1216 quem
523 1155 684 1200 lascivo
707 1157 859 1200 stravit
879 1159 1016 1201 amica
1038 1159 1144 1202 viro.

172 1299 187 1314 *
213 1304 378 1338 Seomma
404 1304 441 1337 in
470 1303 688 1337 rancidulam
718 1317 795 1337 mu-

119 1357 297 1391 lierculam
315 1370 390 1403 quae
413 1356 479 1390 «de
500 1358 615 1390 Tusca
637 1357 794 1391 Graecula

122 1411 228 1450 facta,
248 1411 300 1444 De
318 1410 542 1444 Sulmonensi
560 1422 654 1444 mera
666 1411 794 1444 Cecro-

120 1463 174 1509 pis
190 1480 203 1493 »
224 1460 318 1503 (JuV.
335 1471 396 1497 sat.
414 1461 467 1504 VI)
479 1489 488 1504 ‚
508 1462 712 1497 Graecoruin
730 1464 797 1496 lin-

121 1529 188 1562 gua
206 1529 277 1549 non
294 1515 399 1549 modo
413 1516 513 1557 iram,
532 1524 679 1558 metum,
696 1517 794 1562 cupi-

119 1569 238 1602 dinem
252 1569 422 1606 enuntiat,
433 1568 494 1602 sed
508 1569 590 1602 etin
604 1570 793 1603 concubitu

119 1622 242 1656 Graeca
263 1622 398 1668 gannit.
417 1622 483 1655 En.

173 1688 198 1709 1.
216 1676 321 1720 Quum
340 1675 408 1715 tibi,
433 1683 496 1708 etc.
517 1675 636 1717 Quum
656 1688 728 1708 non
749 1675 794 1708 sis

120 1740 161 1762 ex
184 1728 297 1774 aliqua
319 1728 430 1761 insula
451 1728 506 1761 vel
529 1736 628 1773 parte
650 1728 793 1762 Graeciae

119 1780 288 1823 oriunda,
319 1779 379 1814 sed
409 1779 523 1814 media
554 1789 633 1814 nata
665 1782 790 1815 Roma.

119 1833 212 1867 Vide
229 1842 291 1867 sat.
309 1845 348 1867 VI
365 1833 547 1868 Juvenalis
562 1846 702 1867 versum
722 1836 790 1868 186

120 1895 156 1920 ot
174 1900 269 1933 seqq.
290 1885 384 1920 unde
397 1887 482 1920 huic
497 1887 571 1920 lux.

173 1939 206 1974 3.
230 1941 338 1986 Deque
355 1940 514 1980 coloratis,
538 1947 604 1973 etc.
621 1940 664 1973 Et
682 1948 793 1973 mater

118 2000 176 2026 tua
202 2005 243 2026 ex
267 1992 425 2034 Etruria,
449 2005 630 2038 nunquam
659 1993 792 2035 fucata,

117 2045 226 2079 immo
240 2072 249 2086 ‚
267 2046 339 2079 sole
358 2046 540 2079 offuscata.
556 2061 606 2067 —
623 2046 792 2093 Nunquam

118 2099 187 2132 lita.
205 2099 286 2132 Lini
299 2107 415 2133 autem
427 2099 534 2132 moris
546 2107 619 2132 erat
632 2099 714 2132 istos
729 2098 791 2133 de-

116 2151 237 2185 licatos
251 2175 261 2191 ‚
278 2153 334 2185 vel
351 2151 395 2186 ad
414 2151 602 2186 candorem
621 2151 790 2186 nitorem·

117 2216 187 2250 que
200 2205 288 2238 cutis
301 2204 560 2239 conciliandum
571 2229 581 2246 ‚
594 2205 650 2238 vel
662 2218 707 2238 ne
720 2205 790 2239 cito

116 2257 252 2290 barbati
266 2266 390 2291 essent.
411 2257 576 2291 Color-atos
591 2270 676 2291 vero
693 2259 725 2291 E
728 2266 791 2290 tru-

116 2322 183 2342 scos
195 2317 297 2344 vocat
307 2311 551 2351 ἠλιοκαὺστους,
565 2318 599 2343 et
608 2310 790 2344 mulierem

117 2375 296 2409 nunquam
312 2363 408 2396 litam
422 2389 430 2405 ‚
448 2376 524 2409 quae
542 2363 665 2396 faciem
684 2362 792 2397 medi-

116 2415 285 2449 camentis
309 2429 489 2462 nunquam
517 2415 694 2449 induxerit
709 2441 718 2457 ,
747 2415 791 2449 ad

114 2468 307 2502 candorem
322 2468 530 2503 servandum
548 2477 582 2502 et
594 2469 700 2502 solem
717 2469 790 2502 cuti

116 2520 378 2555 defendendum
390 2548 399 2563 ‚
415 2534 459 2555 ne
475 2521 699 2555 coloraretur.
717 2521 793 2555 Hu-

113 2574 264 2618 jusmodi
292 2584 408 2608 autem
436 2573 665 2608 medicamina
677 2601 686 2616 ‚
715 2587 791 2620 quae

116 2628 344 2672 praestabant,
368 2640 411 2661 ne
433 2628 505 2662 sole
526 2628 627 2661 facies
646 2626 790 2661 laedere-

855 1312 934 1346 tur,
957 1305 1059 1351 θερινὰ
1082 1309 1327 1353 προφυλακτικὰ
1348 1312 1529 1356 προσώπων

855 1359 1043 1400 vocabant,
1068 1372 1176 1406 eaque
1197 1362 1314 1395 omnia
1340 1374 1437 1398 erant
1459 1368 1527 1400 ἐπί·

850 1424 980 1456 χριστα.
994 1411 1178 1448 Salmasius.

908 1468 941 1504 4.
961 1465 1115 1507 Aricina,
1137 1474 1201 1499 etc.
1219 1467 1335 1501 Aricia
1352 1469 1526 1515 oppidum

852 1516 964 1558 Latii,
995 1516 1037 1550 ad
1072 1520 1170 1563 cujus
1204 1520 1333 1554 clivum
1363 1522 1528 1558 sedebant

853 1568 1018 1603 mendici.

909 1622 941 1656 5.
964 1624 1034 1659 Ζωὴ
1054 1624 1108 1657 καὶ
1125 1624 1207 1668 ψυχὴ
1220 1649 1230 1666 .,
1247 1634 1311 1659 etc.
1327 1626 1420 1661 Vide
1439 1641 1524 1663 vers.

857 1677 952 1720 195,
981 1684 1040 1709 sat.
1070 1688 1107 1709 VI
1137 1677 1262 1710 Juveu.
1295 1687 1330 1711 et
1358 1693 1434 1725 quae
1462 1695 1526 1715 nos

853 1727 896 1761 ad
917 1728 1026 1762 illum.
1047 1728 1249 1764 Gronovius
1271 1731 1371 1765 valde
1391 1735 1526 1769 extollit

851 1781 1021 1815 Thuanaei
1048 1780 1179 1816 codicis
1203 1786 1437 1828 praestantiam
1454 1812 1464 1828 ‚
1493 1797 1527 1822 et

851 1835 1059 1880 scriptorem
1079 1836 1154 1880 ejus
1172 1835 1311 1870 fidelem
1329 1840 1467 1881 asserit3
1487 1850 1526 1875 ut

850 1899 927 1932 quae
960 1899 1031 1920 non
1058 1897 1229 1922 assecutus
1255 1890 1379 1934 fuerit,
1408 1893 1524 1927 imita-

850 1941 945 1973 tione
973 1948 1087 1973 tamen
1117 1941 1356 1976 characterum
1385 1957 1524 1990 expres-

849 1993 950 2035 serit;
964 2002 998 2026 et
1011 2007 1119 2040 quum
1131 2003 1252 2028 caetera
1263 1997 1405 2031 minutis
1416 1998 1524 2033 literis

849 2054 985 2080 exarata
1009 2047 1099 2089 sint,
1127 2047 1221 2081 hunc
1246 2061 1357 2082 unum
1385 2063 1521 2086 versum

848 2100 1046 2145 majusculis
1069 2101 1275 2145 expresserit
1300 2113 1308 2135 :
1330 2115 1447 2137 mmm
1466 2118 1520 2139 Μυ

849 2164 940 2186 ΜΕιι
955 2165 1012 2186 MU
1029 2164 1118 2186 PSICI
1133 2164 1189 2186 MU
1205 2165 1380 2188 conamus
1393 2168 1523 2197 USQUE.

848 2205 940 2238 Hinc
958 2205 1088 2250 colligit
1107 2206 1302 2240 Martialem
1325 2209 1521 2254 scripsisse,

848 2259 945 2303 Κύριέ
962 2271 1037 2303 μου,
1059 2261 1131 2303 μέλι
1151 2272 1228 2303 μου,
1250 2259 1333 2304 ψυχή
1351 2275 1429 2306 μου,
1448 2277 1520 2297 con-

847 2313 931 2354 geris
947 2324 1051 2357 usque.
1071 2311 1238 2356 Agnoscis
1252 2313 1346 2346 enim
1359 2317 1522 2350 amatoria

848 2364 1015 2397 voeabula
1050 2363 1180 2398 Graecis
1210 2373 1245 2398 et
1280 2366 1413 2401 Latinis
1442 2370 1524 2404 satis

851 2416 1047 2449 familiaria·

902 2472 936 2502 6.
966 2469 1115 2502 Hersiliae
1145 2471 1240 2511 civis,
1272 2480 1338 2505 etc.
1367 2473 1422 2506 Tu
1455 2475 1525 2508 Ro-

850 2535 961 2555 mana.
983 2522 1129 2556 Hersilia
1149 2531 1264 2557 autem
1283 2526 1434 2559 Romulo
1456 2540 1525 2561 ces-

850 2575 894 2608 sit
911 2576 1039 2620 conjux
1057 2587 1075 2608 e
1092 2575 1230 2610 Sabinis
1245 2577 1354 2623 raptis
1371 2591 1453 2612 una.
1472 2582 1523 2613 De

852 2628 989 2673 AEgeria
1006 2641 1108 2674 supra
1128 2630 1238 2676 epigr.
1259 2644 1367 2668 xxxv..
1389 2645 1437 2664 vs.
1464 2633 1520 2667 13.
