1978 3305
398 244 496 288 (528

776 243 836 284 M.
868 242 1011 285 VAL.
1051 241 1446 285 MARTIALIS

1028 391 1191 447 LIX.

919 547 980 574 nn
1021 525 1314 574 cumino*

542 654 691 694 SENos
716 648 935 693 Charinus
962 647 1165 691 omnibus
1195 647 1338 708 digitis
1367 648 1503 708 gerit,

612 719 703 764 Nec
733 728 864 763 nocte
895 719 1042 779 ponit,
1067 717 1277 774 annulos,

540 795 631 836 Nec
662 807 798 851 quum
825 789 997 833 lavatur
1022 806 1030 831 :
1065 805 1217 832 caussa
1247 805 1343 849 quae
1376 790 1456 844 sit,
1486 788 1708 849 quaeritis'?

612 860 992 922 Dactyliothecam
1025 876 1113 903 non
1143 860 1289 903 habet.

458 1003 675 1038 *Charinum
688 1000 874 1048 quemdam
888 1000 1085 1040 cavillatur,

401 1058 461 1103 qui
495 1069 607 1102 opum
649 1063 683 1088 et
710 1053 978 1100 magnificentiae
1012 1053 1085 1098 ipse

401 1123 470 1144 suae
484 1109 690 1143 ambitiosus
704 1115 898 1141 ostentator
913 1131 922 1148 ‚
937 1104 1085 1138 modicis

401 1174 516 1198 tamen
540 1162 672 1196 divitiis
694 1161 925 1200 censebatur3
945 1167 980 1192 et
999 1157 1084 1191 dum

402 1219 437 1250 in
473 1214 682 1263 quibusdam
723 1215 845 1246 beatus
881 1210 1064 1245 videretur
1076 1237 1085 1252 ‚

401 1282 536 1316 pauper
552 1269 588 1301 in
601 1267 720 1301 multis
733 1275 820 1300 erat.
835 1265 889 1299 Sic
902 1265 938 1298 in
949 1265 1087 1298 annulis

402 1321 563 1355 emendis
581 1320 738 1367 pecuniae
755 1319 907 1352 multum
926 1319 1087 1351 contule-

401 1384 455 1409 rat
475 1389 485 1417 ;
517 1387 635 1420 neque
671 1374 701 1406 ei
744 1371 937 1418 quidquam
980 1384 1089 1405 rema-

403 1430 508 1462 nebat
525 1441 595 1473 quo
616 1426 910 1472 dactyliothecam
932 1433 1064 1458 emeret
1077 1447 1086 1462 ,

403 1481 499 1528 quod
511 1491 627 1515 tamen
641 1489 675 1513 et
685 1479 832 1512 minoris
844 1479 956 1512 multo
970 1478 1089 1523 pretii,

403 1544 437 1569 et
466 1535 496 1568 ei
530 1534 763 1567 necessarium
787 1533 847 1578 qui
875 1532 1089 1564 annulorum

405 1586 632 1622 multitudine
650 1585 790 1632 gaudet·
807 1586 887 1619 Non
905 1592 956 1617 est
972 1593 1087 1618 autem

406 1651 508 1687 turpe
531 1640 669 1674 annulis
688 1638 858 1673 sexcentis
876 1650 1012 1678 carere,
1029 1650 1090 1670 an-

1145 1000 1312 1033 nulorum
1340 999 1551 1044 repositorio
1575 997 1733 1044 indigere
1752 1007 1826 1032 tur-

1144 1053 1343 1098 pissimum.
1354 1053 1422 1085 En.

1201 1110 1235 1147 4.
1257 1106 1521 1152 Dactylothecam
1543 1103 1625 1138 edd.
1647 1112 1735 1138 vett.
1754 1105 1827 1137 No-

1146 1167 1251 1192 stram
1263 1159 1451 1192 lectionem
1459 1159 1564 1191 habet
1576 1156 1656 1191 cod.
1668 1157 1703 1190 in
1717 1169 1826 1202 marg.

1148 1211 1230 1245 edit,
1248 1212 1354 1245 Paris.
1369 1214 1450 1256 1617
1461 1236 1470 1252 ,
1484 1211 1546 1244 ubi
1560 1219 1593 1244 et
1610 1223 1685 1244 eam
1699 1219 1829 1244 rectam

1148 1279 1220 1299 esse
1253 1265 1524 1311 pronuntiatur,
1547 1273 1582 1298 et
1610 1264 1675 1297 tibi
1705 1263 1830 1297 suade-

1150 1328 1206 1352 tur
1232 1327 1270 1352 ut
1298 1317 1414 1351 videas
1435 1318 1642 1351 Turnebuiu
1660 1317 1767 1357 VIII,
1793 1322 1828 1356 4.

1150 1394 1200 1399 —
1238 1371 1523 1416 Dactyliothecam.
1569 1370 1829 1416 Repositorium

1150 1425 1281 1458 scilicet
1302 1425 1337 1458 in
1360 1437 1430 1470 quo
1456 1432 1682 1470 reponuntur
1703 1432 1737 1456 et
1758 1436 1829 1456 sei·-

1150 1487 1278 1511 vantur
1296 1478 1436 1518 annuli,
1453 1490 1540 1523 quos
1561 1476 1605 1510 ad
1623 1485 1736 1510 certos
1755 1483 1829 1509 tan-

1151 1541 1225 1565 tum
1249 1531 1322 1565 dies
1340 1530 1561 1564 conducebat
1578 1530 1764 1564 Charinus.
1780 1550 1832 1554 ——

1152 1585 1210 1618 Sic
1232 1594 1314 1618 ante
1336 1597 1398 1618 nos
1413 1596 1551 1625 omnes3
1569 1582 1630 1616 sed
1652 1581 1732 1617 vide
1755 1594 1832 1627 quae

1152 1638 1268 1683 primo
1287 1637 1501 1671 notavimus.
1522 1637 1590 1670 En.

1055 1774 1189 1829 LX.

739 1927 799 1954 or:
834 1924 1041 1953 emona
1081 1926 1142 1954 ET
1181 1905 1504 1954 PHLOGIDEJ*

481 2041 557 2083 SiT
586 2035 787 2096 Phlogis,
815 2051 869 2078 an
899 2034 1070 2078 Chione
1091 2036 1254 2079 Veneri
1286 2036 1423 2096 magis
1448 2044 1573 2095 apta,
1598 2033 1813 2093 requiris?

552 2107 784 2153 Pulchrior
814 2115 878 2149 est
907 2105 1102 2161 Chione3
1127 2105 1202 2149 sed
1228 2104 1406 2166 Phlogis
1437 2104 1560 2149 ulcus
1591 2104 1733 2148 habet.

487 2180 620 2225 Ulcus
650 2177 806 2230 habet,
832 2177 990 2219 Priami
1022 2176 1138 2236 quod
1169 2176 1348 2220 tendere
1377 2177 1513 2237 possit
1542 2174 1731 2227 alutam,

466 2309 480 2321 '¹
490 2307 650 2342 Feminas
657 2305 744 2339 duas
754 2312 931 2349 comparat
942 2304 1093 2349 Phlogin

413 2372 446 2397 et
465 2363 648 2399 Chionen,
663 2367 697 2392 et
716 2367 793 2391 utra
813 2358 856 2391 sit
876 2357 1091 2402 voluptatem

414 2415 605 2462 requirenti
635 2410 857 2445 anteferenda
893 2411 1093 2455 interrogat.

415 2471 535 2515 Neque
554 2468 588 2500 in
605 2473 771 2512 promptu
792 2465 993 2510 responsio!
1012 2464 1094 2497 llaec

414 2524 509 2556 enim
541 2521 652 2553 mnlto
683 2518 883 2563 pulchrior,
909 2517 1000 2549 illius
1025 2517 1095 2550 for-

415 2589 506 2609 mam
527 2586 632 2606 nenio
653 2571 844 2604 laudaverit
861 2583 868 2603 :
887 2579 919 2603 at
938 2571 1010 2603 lia-c
1036 2571 1095 2603 fri-

414 2629 493 2676 gida
509 2636 555 2659 est
577 2634 611 2658 et
629 2626 729 2670 quasi
748 2637 926 2663 marmor,
946 2624 1001 2656 illa
1024 2631 1094 2656 tota

414 2683 525 2727 ignis,
555 2679 697 2724 prurigo
716 2704 725 2714 ,
749 2677 915 2722 nequitia.
945 2677 1017 2709 Nec
1045 2685 1093 2709 tc-

1157 2316 1252 2336 mere
1272 2303 1351 2336 data
1369 2303 1512 2336 nomina
1534 2303 1678 2348 utrique
1694 2327 1704 2344 ,
1728 2314 1835 2348 quun!

1157 2357 1294 2391 Chione
1314 2354 1353 2401 (a
1375 2357 1467 2399 χιών,
1489 2350 1573 2399 nix)
1593 2356 1683 2388 nivis
1704 2353 1838 2400 frigidae

1159 2410 1305 2443 similem
1338 2409 1489 2451 indicet,
1512 2409 1654 2453 Phlogis
1677 2406 1721 2452 (a
1745 2409 1835 2453 φλόξ,

1160 2462 1321 2504 flamina)
1336 2464 1470 2509 igneam
1488 2472 1521 2495 et
1539 2470 1755 2496 aestuantem.
1772 2461 1831 2494 Eu.

1215 2517 1245 2550 ἶ.
1275 2517 1370 2549 [Ἰήιε
1394 2517 1496 2550 hahet.
1516 2516 1664 2549 Veneris
1684 2526 1840 2553 sensum,

1159 2570 1302 2607 urticas,
1326 2571 1546 2616 pruriginem
1559 2595 1568 2609 ‚
1585 2569 1772 2602 lasciviam.
1787 2590 1794 2593 -
1805 2589 1837 2593 --

1161 2625 1282 2655 Priami
1300 2623 1394 2670 quod.
1422 2633 1487 2657 etc.
1502 2624 1582 2665 Quo
1603 2634 1728 2667 nempe
1753 2639 1765 2649 -
1783 2620 1835 2652 in-

1157 2676 1257 2710 cendi
1275 2678 1339 2719 jam
1363 2675 1508 2721 frigidus
1528 2689 1600 2710 :evo
1622 2672 1840 2708 Laomedon-
