1978 3305
354 196 938 241 EPIGRAMMATUM
977 197 1100 240 LIB.
1140 197 1224 238 XI.

1395 194 1492 241 655

228 284 329 327 Non
360 283 490 328 credo
513 302 521 327 :
541 284 664 344 jura⁷
692 301 846 345 verpe,
874 301 951 344 per
979 282 1248 327 Anchialum.

90 403 169 435 bros
191 400 236 435 de
259 402 517 436 Emendatione
539 412 759 449 temporum;

91 455 148 487 ubi
179 454 222 488 de
251 456 441 501 Tyriorum
473 464 506 488 et
537 456 762 488 Sidoniorum

90 507 236 541 dialecto
250 507 443 549 disserens3
460 509 506 541 Et
522 521 609 548 sane,
631 508 745 553 inquit
758 535 766 549 ‚

92 562 200 592 mirum
216 569 262 592 est
281 561 344 593 illis
357 562 581 593 sanctissimum
588 562 690 603 sitisse
697 562 767 605 jus-

88 613 256 653 jurandum
268 614 413 646 Korban
425 639 434 654 ,
446 621 480 645 ut
493 613 615 645 Judaeis
625 613 765 646 Chaiala

92 666 143 697 vel
153 665 365 699 Chaiadonai
372 693 379 699 .
387 665 453 699 Sed
461 673 593 711 tempore
601 664 765 698 Martialis

87 719 336 761 pronuntiabant
355 717 476 753 Chiala
494 731 501 750 τ
520 718 601 751 Jura
614 744 623 758 ‚
647 731 741 763 ”verpe
753 745 762 758 ,

87 782 146 813 per
155 770 357 803 Anchialum.
376 771 463 814 Quia
474 770 605 803 Judoeos
618 771 766 803 audiebat

92 821 212 855 Chiala
223 824 334 867 jurare
345 836 357 861 ;
370 831 536 868 propterea
547 823 685 868 putabat
701 836 765 856 esse

826 403 1052 443 Anchialum,
1066 403 1151 448 quod
1162 415 1226 434 νοτ
1238 401 1427 435 Anchialus
1445 415 1497 434 ηυ-

826 458 886 488 tior
898 456 1163 500 illisaeratquam
1179 454 1308 488 Chiala.
1324 455 1496 500 Cujusin-

825 507 1127 554 geniossisiniiviri
1139 507 1343 552 expositioni
1354 508 1500 541 subscri-

825 561 871 593 bo
882 585 892 601 ,
910 560 978 593 nisi
997 559 1092 605 quod
1109 567 1249 605 poetam
1262 560 1416 604 posuisse
1425 562 1498 592 An—

825 613 980 645 chialum
991 625 1056 657 pro
1074 612 1206 645 notiori
1217 612 1390 644 vocabulo
1403 607 1499 656 (fue-

824 664 917 698 ritne
930 664 1018 698 illud
1031 665 1136 709 magi,
1150 665 1265 698 herois
1276 690 1286 705 ‚
1301 665 1499 698 numinisve

823 717 898 750 ficti
924 729 1051 750 nomen
1064 713 1103 760 ἓ)
1126 717 1259 750 inficias
1290 729 1377 750 eam.
1401 718 1496 759 Quin

824 771 934 803 immo
942 778 1057 804 totum
1076 770 1145 804 hoc
1159 778 1192 803 et
1208 771 1382 815 integrum
1396 770 1497 803 fuisse

823 822 1028 856 Judaeorum
1044 824 1277 867 juramentum
1296 822 1483 856 contendo.

702 950 893 1007 XCV.

600 1088 672 1115 AD
712 1088 996 1117 FLACCUM.

166 1187 403 1231 lNcmERls
425 1188 594 1247 quoties
618 1188 661 1230 in
686 1188 805 1232 basia
826 1187 1071 1232 fellatorum
1087 1224 1099 1244 ‚

233 1259 284 1299 In
309 1256 415 1300 solio
439 1267 546 1317 puto
570 1267 611 1301 te
632 1275 851 1319 mergere,
871 1261 904 1302 F
907 1258 1049 1314 lacce,
1069 1269 1215 1320 caput.

153 1389 163 1409 1
175 1403 182 1408 .
200 1376 300 1409 Basia
311 1377 511 1418 fellatorum.
524 1378 593 1411 Ista
607 1378 702 1411 enim
721 1379 773 1412 fu-

94 1428 154 1472 git.
176 1429 249 1462 Nec
273 1429 428 1463 abscedit
447 1430 532 1463 Juv.
551 1439 612 1464 sat.
633 1432 698 1472 VI,
724 1431 770 1464 50

94 1479 214 1514 dicens
237 1493 363 1527 paucas
385 1495 462 1528 quae
478 1500 490 1512 «ι
509 1484 648 1517 Cereris
669 1484 772 1517 vittas

95 1534 298 1580 contingere
314 1534 428 1580 dignae
439 1561 448 1576 ‚
461 1536 619 1577 Quarum
638 1548 712 1570 non
729 1536 772 1570 ti-

832 1387 941 1419 meat,
960 1378 1141 1412 etc.»Vid.
1161 1392 1236 1425 sup.
1251 1392 1330 1425 pag.
1347 1379 1430 1413 630.
1442 1381 1506 1413 En.

889 1445 922 1465 2.
942 1432 1062 1465 Solium
1081 1431 1159 1465 cod.
1176 1433 1210 1465 in
1228 1445 1337 1477 marg.
1354 1432 1408 1466 ed.
1427 1433 1503 1466 Par.

838 1487 948 1528 1617.
969 1485 1088 1518 Solium
1104 1493 1183 1530 pata
1201 1485 1343 1519 Gruter.
1363 1486 1446 1530 legit
1465 1499 1504 1518 ex

832 1538 942 1571 Palat.
953 1538 1110 1571 —Solia
1124 1537 1191 1571 Adi
1207 1539 1268 1572 lib.
1285 1540 1336 1578 II,
1350 1551 1403 1584 ep.
1416 1551 1503 1572 xus

687 1663 918 1720 XCVI.

588 1802 655 1829 An
695 1802 1023 1831 GERMANUM.
1041 1783 1059 1799 *

166 1903 384 1956 MARTIA,
406 1919 493 1945 non
510 1903 710 1956 Rhenus,
733 1903 828 1947 salit
850 1904 943 1956 hic,
963 1906 1318 1966 Germanezquid
1342 1907 1504 1950 obstas.

238 1974 295 2015 Et
315 1989 498 2033 puerum
524 1974 730 2034 prohibes
751 1974 896 2018 divitis
918 1975 1056 2018 imbre
1080 1974 1230 2019 lacus?

168 2042 356 2086 Barbare
372 2078 382 2095 ‚
404 2060 491 2086 non
515 2043 667 2099 debet,
694 2055 912 2089 summoto
934 2046 1027 2088 cive
1042 2081 1052 2099 ‚
1079 2047 1276 2090 ministro

236 2114 466 2174 Captivam
490 2115 644 2158 victrix
666 2115 782 2158 unda
806 2115 948 2159 levare
970 2117 1095 2159 sitim.

151 2234 164 2245 “
186 2235 221 2267 In
246 2234 288 2268 G.
310 2234 387 2267 Ald.
410 2235 512 2268 Junt.
539 2236 653 2269 Colin.

156 2302 182 2320 ι.
197 2287 332 2326 Martia,
347 2295 413 2320 etc.
428 2288 528 2327 Haec,
542 2301 562 2320 o
576 2288 751 2322 Germane
761 2310 770 2326 ‚

99 2347 148 2371 est
179 2352 197 2371 e
223 2348 340 2373 nostra
368 2340 517 2382 Martia,
545 2354 616 2373 non
641 2354 683 2374 ex
713 2350 773 2374 tuo

98 2392 221 2425 Rheno
241 2391 392 2426 deducta
412 2405 516 2439 aqua;
535 2402 573 2427 ut
592 2395 664 2439 ejus
686 2402 773 2439 potu

98 2444 286 2478 interdicas
311 2445 464 2491 ingenuo
497 2447 576 2480 civi.
604 2448 656 2479 De
684 2459 772 2493 aqua

99 2497 222 2531 Martia
241 2497 374 2531 dictum
394 2499 510 2532 lib.VI
522 2526 530 2540 ‚
547 2499 656 2545 epigr.
676 2512 751 2533 an
763 2525 770 2535 ‚

98 2563 146 2583 vs.
164 2563 177 2583 1
187 2552 220 2585 8.
234 2550 361 2584 Sensus
372 2551 477 2597 igitur
488 2553 590 2586 totius
601 2553 773 2598 epigram—

100 2603 198 2635 matis
214 2612 282 2643 est,
300 2605 473 2637 Romanos
489 2605 637 2638 victores
651 2619 669 2639 a
685 2606 773 2639 Ger-

835 2237 945 2269 manis
971 2235 1118 2270 devictis
1142 2249 1213 2270 non
1241 2250 1312 2271 esse
1339 2238 1507 2271 arcendos

833 2290 875 2322 ab
893 2302 980 2335 aqua
1000 2289 1138 2322 Martia.

889 2342 922 2375 3.
941 2343 1013 2375 Non
1030 2343 1155 2376 debet...
1175 2345 1327 2383 ministro,
1342 2352 1430 2377 ete«
1445 2344 1508 2377 Μί-

834 2397 926 2427 nisu-i
943 2396 1018 2440 lego
1033 2423 1040 2434 ,
1059 2396 1096 2428 h.
1117 2408 1145 2428 e.
1167 2397 1294 2441 captivi
1309 2404 1343 2429 et
1364 2397 1505 2438 famuli,

834 2449 946 2493 qualis
965 2457 1002 2481 tu
1020 2461 1068 2481 es.
1088 2466 1101 2477 u
1127 2447 1268 2482 Gronov.

889 2506 921 2541 4.
943 2501 1120 2546 Captivam.
1138 2501 1206 2534 Tui
1225 2502 1364 2547 captivi.
1382 2524 1434 2528 —-
1446 2504 1462 2534 l
1475 2504 1504 2535 'i-

832 2556 914 2586 ctri.r
929 2555 1013 2586 unda
1027 2555 1127 2586 levare
1138 2556 1232 2588 sitim.
1246 2555 1371 2592 Martia
1380 2580 1389 2594 ‚
1402 2555 1504 2588 dur-ta

834 2607 868 2639 in
881 2608 1002 2640 urbem
1020 2607 1219 2641 Germaniae
1231 2607 1418 2641 victricem.
