1978 3305
441 240 537 297 298

794 241 854 283 M.
893 241 1033 283 VAL.
1075 240 1461 284 MARTIALIS

1097 385 1169 439 X.

998 533 1065 561 DE
1104 533 1284 563 BASSO.

579 621 706 664 ΕΜιΤ
736 618 930 664 lacernas
960 620 1149 665 millibus
1180 621 1334 668 decem.
1363 623 1519 666 Bassus

577 690 727 750 Tyrias
751 690 908 735 coloris
934 692 1088 752 optimi
1113 708 1121 734 :
1146 690 1369 736 lucrifecit.

580 759 700 804 Adeo
726 761 836 805 bene
864 760 995 805 emit?
1023 763 1165 823 inquis
1191 779 1199 805 :
1227 762 1360 806 immo
1391 778 1478 805 non
1504 760 1643 805 solvit.

497 885 508 906 1
520 899 528 907 .
544 874 585 906 M
586 873 689 907 illibus
704 874 818 909 decem.
832 875 1035 909 Sestertium
1046 876 1114 909 sci-

440 926 532 959 licet.
546 927 597 960 De
612 927 776 970 lacernis,
794 941 870 973 quae
881 929 967 973 reip.
981 929 1114 962 ultimis

439 986 474 1012 et
494 979 632 1025 imperii
649 981 812 1014 omnibus
831 982 1048 1027 temporibus
1065 989 1115 1014 to-

439 1031 491 1076 gis
523 1032 859 1077 superinduerentnr
890 1033 933 1067 ad
966 1033 1114 1068 arcenda

439 1084 585 1130 frigora,
607 1086 731 1131 saepius
746 1085 881 1120 dictum
903 1099 1018 1133 supra.

493 1138 528 1171 3.
543 1138 629 1171 Bene
647 1141 740 1171 emit?
755 1139 957 1173 Sciscitatur
976 1140 1035 1173 hic
1057 1139 1116 1173 ali-

438 1190 537 1235 quis,
569 1203 640 1236 quo
672 1190 777 1225 modo
800 1192 846 1225 ita
877 1192 1112 1226 lucrifecerit:

437 1244 572 1276 Tamne
602 1244 661 1277 vili
685 1245 800 1289 pretio
836 1245 988 1279 lacernas
1014 1246 1115 1279 hasce

438 1295 503 1328 sibi
531 1297 771 1341 comparavit?
804 1319 855 1324 —-
882 1299 969 1331 Bene
1000 1307 1114 1332 autem

439 1361 553 1382 emere
569 1357 619 1382 est
635 1349 770 1383 minore
786 1363 890 1396 quam
908 1350 1012 1385 vendi
1028 1352 1115 1384 solet

439 1401 551 1446 pretio
564 1428 572 1443 ‚
588 1403 609 1434 ὰ
629 1402 689 1435 hon
707 1404 841 1436 marchei.
858 1424 910 1431 ——-
926 1404 1002 1438 Non
1022 1406 1115 1437 solvit

439 1452 509 1492 (alii
519 1479 528 1495 ‚
539 1468 601 1487 non
610 1450 732 1499 solvet).
746 1456 949 1501 Respondet
966 1458 1111 1491 Noster:

438 1507 483 1539 At
517 1520 588 1540 non
617 1509 747 1550 solvet;
777 1522 849 1542 non
879 1509 1020 1555 quidem
1032 1536 1040 1551 ‚
1074 1518 1115 1544 ut

439 1560 584 1604 plurimi
598 1561 740 1595 voluere
750 1585 760 1600 ‚
772 1561 868 1608 quod
883 1562 1051 1596 solvendo
1062 1576 1114 1597 es-

438 1621 488 1646 set
503 1613 626 1647 Bassus
645 1615 757 1660 impar
777 1624 834 1648 aut
854 1615 951 1662 quod
967 1615 1042 1650 illas
1064 1617 1114 1650 la-

1173 889 1292 910 cernas
1311 877 1401 910 sorte
1413 876 1620 916 suffuratus,
1633 874 1694 909 sed
1709 876 1789 921 quia
1811 888 1847 909 ea

1174 930 1223 963 illi
1253 928 1472 963 consuetudo
1494 929 1529 961 in
1557 936 1787 974 perpetuum,
1812 936 1849 961 ut

1174 981 1406 1028 undequaque
1427 989 1576 1021 emeret,
1591 981 1687 1015 dives
1707 979 1848 1026 quidem

1174 1043 1208 1068 et
1222 1036 1268 1068 ob
1281 1043 1381 1068 notas
1398 1047 1482 1079 opes
1495 1033 1600 1067 fidem
1616 1032 1850 1067 vendentibus

1174 1087 1332 1134 injiciens
1345 1096 1379 1121 et
1390 1087 1586 1121 soluturum
1600 1086 1706 1120 tacito
1721 1098 1756 1119 se
1773 1086 1849 1131 pol-

1174 1140 1309 1181 licitus,
1333 1140 1430 1173 velut
1457 1139 1613 1185 quisquis
1642 1151 1759 1175 emens
1777 1150 1848 1171 non

1175 1192 1275 1227 dedit
1309 1192 1424 1226 statim
1460 1193 1614 1237 pretium
1649 1191 1848 1224 mercatori.

1174 1246 1255 1279 Non
1267 1246 1387 1287 solvit,
1398 1245 1513 1290 inquit
1530 1244 1698 1278 Martialis
1710 1269 1719 1285 ‚
1730 1256 1793 1276 nec
1809 1255 1851 1276 eo

1174 1307 1225 1332 est
1236 1300 1353 1332 animo
1363 1325 1372 1340 ,
1383 1307 1421 1332 ut
1433 1310 1589 1343 uuquam
1602 1297 1725 1338 solvat,
1738 1304 1771 1329 et
1783 1296 1850 1329 hoc

1174 1361 1223 1385 est
1241 1352 1378 1385 lucrum
1389 1350 1434 1384 de
1447 1363 1516 1395 quo
1527 1351 1653 1395 agitur.
1667 1349 1702 1382 Si
1714 1357 1852 1394 accepta

1174 1413 1268 1438 veste
1291 1404 1476 1450 pecuniam
1501 1412 1639 1448 emptor
1671 1401 1823 1435 dedisset
1840 1426 1849 1440 ,

1173 1457 1262 1491 nihil
1287 1458 1316 1490 ei
1337 1457 1425 1490 lucri
1450 1469 1558 1501 quum
1581 1454 1674 1489 haud
1695 1455 1740 1488 ita
1763 1455 1852 1487 bene

1174 1510 1297 1544 emerit
1312 1522 1320 1543 z
1343 1518 1376 1543 at
1391 1522 1485 1542 nunc
1504 1517 1538 1542 ct
1554 1507 1740 1554 pecuniam
1752 1533 1760 1548 ‚
1776 1520 1852 1553 pre-

1175 1563 1261 1597 tium
1291 1563 1507 1596 lacernarum
1519 1587 1528 1602 ,
1555 1562 1661 1596 habet
1690 1569 1725 1594 et
1743 1561 1851 1594 lacer-

1176 1628 1258 1657 nas;
1275 1615 1458 1649 lucrifecit.
1474 1615 1541 1649 En.

1092 1753 1209 1809 XI.

725 1904 792 1932 AD
830 1903 1103 1933 CAESAREM
1144 1904 1435 1934 noM1T1An
1455 1883 1569 1932 Uar*

511 2006 793 2050 Pssnvssmssf,
823 2015 942 2049 tuam
967 2006 1056 2066 jain
1087 2016 1129 2050 te
1161 2006 1241 2050 scit
1270 2006 1451 2050 Rhenus
1481 2006 1523 2049 in
1554 2005 1732 2057 urbem3

505 2125 629 2174 Ρῆνος
659 2129 738 2166 σεῖο
764 2123 878 2167 πόλει
907 2124 943 2165 σ’
973 2118 1169 2183 ἐπίδημον
1198 2124 1316 2166 ἐόντα
1346 2130 1511 2170 συνῆκε·

490 2237 503 2249 '
524 2239 664 2273 Faustas
678 2239 800 2285 populi
815 2248 848 2273 et
864 2239 1044 2273 inusitatas
1061 2252 1112 2273 ac-

435 2291 656 2325 clamationes
674 2294 808 2327 Caesare
826 2291 1014 2333 redeunte,
1030 2293 1112 2325 Poe-

437 2353 468 2376 ta
505 2343 671 2378 describit
686 2371 695 2386 ‚
732 2358 817 2391 quas
850 2346 1000 2380 affirmat
1029 2346 1111 2391 ipsis

435 2398 600 2432 Sarmatis
629 2397 784 2440 auditas,
809 2398 906 2433 unde
932 2399 1112 2444 profectus

433 2458 523 2490 oran
541 2451 691 2497 indeque
710 2452 853 2486 Caesaris
875 2450 1061 2485 adventum
1076 2452 1110 2484 in

435 2503 566 2535 Urbem
581 2529 590 2543 ‚
608 2505 709 2538 eliani
732 2519 749 2538 a
771 2505 1010 2539 remotissimis
1032 2519 1114 2549 gen-

436 2557 526 2589 tibus
548 2559 727 2601 cognitum
751 2571 822 2591 csse
838 2585 846 2598 ,
865 2558 1021 2604 adeoque
1038 2572 1112 2590 ‹nn-

437 2609 532 2641 nium
553 2618 740 2656 occupatos
755 2611 788 2643 in
804 2612 937 2645 Caesaw
954 2620 1111 2656 spi-stan-

436 2660 481 2693 tlo
511 2664 631 2696 oculus
661 2664 763 2696 fuisse
781 2691 788 2704 ,
813 2673 849 2697 ut
878 2678 1001 2703 nenio,
1027 2663 1111 2708 quid

1173 2239 1206 2272 in
1225 2239 1318 2274 Circi
1332 2237 1423 2272 ludis
1441 2247 1616 2284 ageretur,
1633 2236 1852 2271 animadver-

1173 2300 1270 2326 teret.
1295 2292 1414 2325 Rada.

1232 2359 1243 2379 1
1255 2372 1262 2378 .
1283 2346 1422 2378 Rhenus.
1455 2344 1530 2378 Hoc
1559 2351 1626 2384 est,
1653 2342 1767 2376 Rheni
1796 2355 1850 2376 ac-

1174 2399 1266 2432 colae.
1280 2399 1438 2432 —Taum
1455 2397 1570 2430 urbem.
1589 2396 1669 2430 Sive
1685 2396 1766 2442 quia
1783 2407 1851 2428 ma-

1172 2451 1307 2496 gnificis
1317 2451 1481 2497 operibus
1493 2451 1603 2484 fuerat
1619 2461 1636 2482 a
1650 2448 1851 2482 Domitiano

1173 2514 1354 2545 exornata,
1370 2512 1402 2537 et
1422 2505 1517 2549 quasi
1534 2502 1653 2536 denuo
1672 2509 1849 2535 exstructa

1176 2559 1296 2598 Roma,
1308 2558 1378 2591 sive
1395 2557 1474 2602 quia
1489 2569 1577 2595 eant,
1591 2563 1694 2601 caput
1712 2554 1848 2599 imperii

1174 2619 1204 2643 vt
1227 2611 1397 2656 principis
1416 2609 1650 2647 donniciliunn,
1676 2607 1849 2652 pioeripuo

1176 2664 1319 2697 habebat
1338 2664 1370 2696 in
1393 2675 1520 2696 anwrc.
1538 2662 1600 2694 En.
