<?xml version="1.0" encoding="UTF-8"?>
<!DOCTYPE html PUBLIC "-//W3C//DTD XHTML 1.0 Transitional//EN"
    "http://www.w3.org/TR/xhtml1/DTD/xhtml1-transitional.dtd">
<html xmlns="http://www.w3.org/1999/xhtml" xml:lang="en" lang="en">
 <head>
  <title>
</title>
<meta http-equiv="Content-Type" content="text/html;charset=utf-8" />
  <meta name='ocr-system' content='tesseract 3.04.00' />
  <meta name='ocr-capabilities' content='ocr_page ocr_carea ocr_par ocr_line ocrx_word'/>
</head>
<body>
  <div class='ocr_page' id='page_1' title='image "./epigrammata02martuoft/epigrammata02martuoft_0588.png"; bbox 0 0 1978 3305; ppageno 0'>
   <div class='ocr_carea' id='block_1_1' title="bbox 465 220 560 282">
    <p class='ocr_par' dir='ltr' id='par_1_1' title="bbox 465 220 560 282">
     <span class='ocr_line' id='line_1_1' title="bbox 465 220 560 282; baseline -0.074 0"><span class='ocrx_word' id='word_1_1' title='bbox 465 220 560 282; x_wconf 71' lang='lat'>574</span> 
     </span>
    </p>
   </div>
   <div class='ocr_carea' id='block_1_2' title="bbox 844 218 1503 263">
    <p class='ocr_par' dir='ltr' id='par_1_2' title="bbox 844 218 1503 263">
     <span class='ocr_line' id='line_1_2' title="bbox 844 218 1503 263; baseline 0.005 -3"><span class='ocrx_word' id='word_1_2' title='bbox 844 219 906 261; x_wconf 89' lang='lat' dir='ltr'>M.</span> <span class='ocrx_word' id='word_1_3' title='bbox 932 218 1072 261; x_wconf 83' lang='lat' dir='ltr'><strong>VAL.</strong></span> <span class='ocrx_word' id='word_1_4' title='bbox 1111 218 1503 263; x_wconf 85' lang='lat' dir='ltr'><strong>MARTIALIS</strong></span> 
     </span>
    </p>
   </div>
   <div class='ocr_carea' id='block_1_3' title="bbox 673 305 1645 435">
    <p class='ocr_par' dir='ltr' id='par_1_3' title="bbox 673 305 1645 435">
     <span class='ocr_line' id='line_1_3' title="bbox 673 305 1645 367; baseline 0.001 -16"><span class='ocrx_word' id='word_1_5' title='bbox 673 309 876 367; x_wconf 84' lang='lat' dir='ltr'>Longum</span> <span class='ocrx_word' id='word_1_6' title='bbox 903 321 982 366; x_wconf 85' lang='lat' dir='ltr'>per</span> <span class='ocrx_word' id='word_1_7' title='bbox 1011 320 1152 360; x_wconf 74' lang='lat' dir='ltr'>mare,</span> <span class='ocrx_word' id='word_1_8' title='bbox 1180 305 1255 348; x_wconf 88' lang='lat' dir='ltr'>sed</span> <span class='ocrx_word' id='word_1_9' title='bbox 1281 305 1465 350; x_wconf 85' lang='lat' dir='ltr'>faventis</span> <span class='ocrx_word' id='word_1_10' title='bbox 1491 307 1618 352; x_wconf 86' lang='lat' dir='ltr'>undae</span> <span class='ocrx_word' id='word_1_11' title='bbox 1634 344 1645 363; x_wconf 79' lang='lat'><strong><em>,</em></strong></span> 
     </span>
     <span class='ocr_line' id='line_1_4' title="bbox 678 374 1435 435; baseline -0.003 -14"><span class='ocrx_word' id='word_1_12' title='bbox 678 380 735 421; x_wconf 82' lang='lat' dir='ltr'>Et</span> <span class='ocrx_word' id='word_1_13' title='bbox 763 392 895 420; x_wconf 88' lang='lat' dir='ltr'>cursu</span> <span class='ocrx_word' id='word_1_14' title='bbox 925 374 1063 429; x_wconf 80' lang='lat' dir='ltr'>facili,</span> <span class='ocrx_word' id='word_1_15' title='bbox 1092 376 1264 435; x_wconf 87' lang='lat' dir='ltr'>tuisque</span> <span class='ocrx_word' id='word_1_16' title='bbox 1293 377 1435 420; x_wconf 85' lang='lat' dir='ltr'>ventis</span> 
     </span>
    </p>
   </div>
   <div class='ocr_carea' id='block_1_4' title="bbox 680 447 1882 1353">
    <p class='ocr_par' dir='ltr' id='par_1_4' title="bbox 680 447 1453 508">
     <span class='ocr_line' id='line_1_5' title="bbox 680 447 1453 508; baseline -0.001 -18"><span class='ocrx_word' id='word_1_17' title='bbox 680 448 886 508; x_wconf 89' lang='lat' dir='ltr'>Hispanae</span> <span class='ocrx_word' id='word_1_18' title='bbox 911 455 1010 507; x_wconf 86' lang='lat' dir='ltr'>pete</span> <span class='ocrx_word' id='word_1_19' title='bbox 1034 447 1294 490; x_wconf 83' lang='lat' dir='ltr'>Tarraconis</span> <span class='ocrx_word' id='word_1_20' title='bbox 1319 462 1453 491; x_wconf 85' lang='lat' dir='ltr'>arces.</span> 
     </span>
    </p>

    <p class='ocr_par' dir='ltr' id='par_1_5' title="bbox 680 514 1882 642">
     <span class='ocr_line' id='line_1_6' title="bbox 680 514 1882 569; baseline 0.001 -8"><span class='ocrx_word' id='word_1_21' title='bbox 680 516 805 561; x_wconf 90' lang='lat' dir='ltr'>Illinc</span> <span class='ocrx_word' id='word_1_22' title='bbox 830 527 872 560; x_wconf 90' lang='lat' dir='ltr'>te</span> <span class='ocrx_word' id='word_1_23' title='bbox 898 526 994 560; x_wconf 86' lang='lat' dir='ltr'>rota</span> <span class='ocrx_word' id='word_1_24' title='bbox 1018 514 1163 569; x_wconf 81' lang='lat' dir='ltr'>tollet,</span> <span class='ocrx_word' id='word_1_25' title='bbox 1188 525 1230 559; x_wconf 91' lang='lat' dir='ltr'>et</span> <span class='ocrx_word' id='word_1_26' title='bbox 1255 517 1410 561; x_wconf 79' lang='lat' dir='ltr'>citatus</span> <span class='ocrx_word' id='word_1_27' title='bbox 1869 539 1882 562; x_wconf 86' lang='lat'><strong><em>5</em></strong></span> 
     </span>
     <span class='ocr_line' id='line_1_7' title="bbox 681 585 1497 642; baseline 0.001 -11"><span class='ocrx_word' id='word_1_28' title='bbox 681 586 826 631; x_wconf 83' lang='lat' dir='ltr'>Altam</span> <span class='ocrx_word' id='word_1_29' title='bbox 852 585 1023 632; x_wconf 86' lang='lat' dir='ltr'>Bilbilin</span> <span class='ocrx_word' id='word_1_30' title='bbox 1038 621 1050 642; x_wconf 84' lang='lat'>‚</span> <span class='ocrx_word' id='word_1_31' title='bbox 1075 596 1120 629; x_wconf 84' lang='lat' dir='ltr'>et</span> <span class='ocrx_word' id='word_1_32' title='bbox 1143 595 1266 629; x_wconf 87' lang='lat' dir='ltr'>tuum</span> <span class='ocrx_word' id='word_1_33' title='bbox 1293 586 1497 632; x_wconf 86' lang='lat' dir='ltr'>Salonem</span> 
     </span>
    </p>

    <p class='ocr_par' dir='ltr' id='par_1_6' title="bbox 683 656 1445 715">
     <span class='ocr_line' id='line_1_8' title="bbox 683 656 1445 715; baseline 0 -14"><span class='ocrx_word' id='word_1_34' title='bbox 683 659 852 715; x_wconf 85' lang='lat' dir='ltr'>Quinto</span> <span class='ocrx_word' id='word_1_35' title='bbox 883 657 1064 701; x_wconf 85' lang='lat' dir='ltr'>forsitan</span> <span class='ocrx_word' id='word_1_36' title='bbox 1089 656 1240 701; x_wconf 81' lang='lat' dir='ltr'>essedo</span> <span class='ocrx_word' id='word_1_37' title='bbox 1264 657 1445 701; x_wconf 84' lang='lat' dir='ltr'>videbis.</span> 
     </span>
    </p>

    <p class='ocr_par' dir='ltr' id='par_1_7' title="bbox 683 727 1639 931">
     <span class='ocr_line' id='line_1_9' title="bbox 683 727 1639 788; baseline 0 -16"><span class='ocrx_word' id='word_1_38' title='bbox 683 728 805 786; x_wconf 87' lang='lat' dir='ltr'>Quid</span> <span class='ocrx_word' id='word_1_39' title='bbox 833 727 1037 772; x_wconf 83' lang='lat' dir='ltr'>mandem</span> <span class='ocrx_word' id='word_1_40' title='bbox 1063 727 1161 783; x_wconf 85' lang='lat' dir='ltr'>tibi,</span> <span class='ocrx_word' id='word_1_41' title='bbox 1186 727 1369 788; x_wconf 79' lang='lat' dir='ltr'>quaeris?</span> <span class='ocrx_word' id='word_1_42' title='bbox 1396 738 1446 772; x_wconf 82' lang='lat' dir='ltr'>u&#39;t</span> <span class='ocrx_word' id='word_1_43' title='bbox 1470 727 1639 772; x_wconf 85' lang='lat' dir='ltr'>sodales</span> 
     </span>
     <span class='ocr_line' id='line_1_10' title="bbox 684 798 1591 854; baseline -0.001 -11"><span class='ocrx_word' id='word_1_44' title='bbox 684 802 875 852; x_wconf 82' lang='lat' dir='ltr'>Paucos,</span> <span class='ocrx_word' id='word_1_45' title='bbox 900 798 973 843; x_wconf 85' lang='lat' dir='ltr'>sed</span> <span class='ocrx_word' id='word_1_46' title='bbox 1002 808 1196 854; x_wconf 81' lang='lat' dir='ltr'>veteres,</span> <span class='ocrx_word' id='word_1_47' title='bbox 1221 807 1265 842; x_wconf 86' lang='lat' dir='ltr'>et</span> <span class='ocrx_word' id='word_1_48' title='bbox 1288 808 1389 843; x_wconf 85' lang='lat' dir='ltr'>ante</span> <span class='ocrx_word' id='word_1_49' title='bbox 1415 798 1591 843; x_wconf 81' lang='lat' dir='ltr'>brumas</span> 
     </span>
     <span class='ocr_line' id='line_1_11' title="bbox 686 869 1460 931; baseline 0 -18"><span class='ocrx_word' id='word_1_50' title='bbox 686 871 883 931; x_wconf 81' lang='lat' dir='ltr'>Triginta</span> <span class='ocrx_word' id='word_1_51' title='bbox 909 869 1017 912; x_wconf 89' lang='lat' dir='ltr'>mihi</span> <span class='ocrx_word' id='word_1_52' title='bbox 1045 878 1318 929; x_wconf 84' lang='lat' dir='ltr'>quatuorque</span> <span class='ocrx_word' id='word_1_53' title='bbox 1344 870 1460 913; x_wconf 81' lang='lat' dir='ltr'>visos</span> 
     </span>
    </p>

    <p class='ocr_par' dir='ltr' id='par_1_8' title="bbox 688 938 1372 1002">
     <span class='ocr_line' id='line_1_12' title="bbox 688 938 1372 1002; baseline -0.001 -18"><span class='ocrx_word' id='word_1_54' title='bbox 688 943 788 1002; x_wconf 88' lang='lat' dir='ltr'>Ipsa</span> <span class='ocrx_word' id='word_1_55' title='bbox 816 940 1014 1001; x_wconf 84' lang='lat' dir='ltr'>protinus</span> <span class='ocrx_word' id='word_1_56' title='bbox 1042 955 1066 982; x_wconf 84' lang='lat' dir='ltr'>a</span> <span class='ocrx_word' id='word_1_57' title='bbox 1095 940 1164 982; x_wconf 84' lang='lat' dir='ltr'>via</span> <span class='ocrx_word' id='word_1_58' title='bbox 1191 938 1372 992; x_wconf 80' lang='lat' dir='ltr'>salutes,</span> 
     </span>
    </p>

    <p class='ocr_par' dir='ltr' id='par_1_9' title="bbox 689 1009 1699 1125">
     <span class='ocr_line' id='line_1_13' title="bbox 689 1009 1699 1063; baseline -0.001 -9"><span class='ocrx_word' id='word_1_59' title='bbox 689 1013 746 1054; x_wconf 88' lang='lat' dir='ltr'>Et</span> <span class='ocrx_word' id='word_1_60' title='bbox 775 1020 972 1054; x_wconf 88' lang='lat' dir='ltr'>nostrum</span> <span class='ocrx_word' id='word_1_61' title='bbox 999 1009 1233 1053; x_wconf 82' lang='lat' dir='ltr'>admoneas</span> <span class='ocrx_word' id='word_1_62' title='bbox 1262 1009 1443 1053; x_wconf 84' lang='lat' dir='ltr'>subinde</span> <span class='ocrx_word' id='word_1_63' title='bbox 1472 1010 1699 1063; x_wconf 72' lang='lat' dir='ltr'>Flaccum,</span> 
     </span>
     <span class='ocr_line' id='line_1_14' title="bbox 691 1079 1431 1125; baseline -0.003 0"><span class='ocrx_word' id='word_1_64' title='bbox 691 1080 915 1125; x_wconf 87' lang='lat' dir='ltr'>Jucundos</span> <span class='ocrx_word' id='word_1_65' title='bbox 942 1080 1050 1123; x_wconf 88' lang='lat' dir='ltr'>mihi</span> <span class='ocrx_word' id='word_1_66' title='bbox 1080 1096 1161 1123; x_wconf 88' lang='lat' dir='ltr'>nec</span> <span class='ocrx_word' id='word_1_67' title='bbox 1192 1079 1431 1123; x_wconf 83' lang='lat' dir='ltr'>laboriosos</span> 
     </span>
    </p>

    <p class='ocr_par' dir='ltr' id='par_1_10' title="bbox 691 1150 1417 1212">
     <span class='ocr_line' id='line_1_15' title="bbox 691 1150 1417 1212; baseline -0.001 -17"><span class='ocrx_word' id='word_1_68' title='bbox 691 1154 893 1195; x_wconf 82' lang='lat' dir='ltr'>Secessus</span> <span class='ocrx_word' id='word_1_69' title='bbox 920 1151 1060 1212; x_wconf 84' lang='lat' dir='ltr'>pretio</span> <span class='ocrx_word' id='word_1_70' title='bbox 1085 1160 1210 1211; x_wconf 82' lang='lat' dir='ltr'>paret</span> <span class='ocrx_word' id='word_1_71' title='bbox 1233 1150 1417 1205; x_wconf 81' lang='lat' dir='ltr'>salubri,</span> 
     </span>
    </p>

    <p class='ocr_par' dir='ltr' id='par_1_11' title="bbox 692 1221 1693 1353">
     <span class='ocr_line' id='line_1_16' title="bbox 692 1221 1591 1283; baseline -0.001 -18"><span class='ocrx_word' id='word_1_72' title='bbox 692 1223 781 1279; x_wconf 85' lang='lat' dir='ltr'>Qui</span> <span class='ocrx_word' id='word_1_73' title='bbox 809 1223 981 1283; x_wconf 83' lang='lat' dir='ltr'>pigrum</span> <span class='ocrx_word' id='word_1_74' title='bbox 1011 1221 1172 1265; x_wconf 82' lang='lat' dir='ltr'>faciant</span> <span class='ocrx_word' id='word_1_75' title='bbox 1201 1231 1325 1265; x_wconf 89' lang='lat' dir='ltr'>tuum</span> <span class='ocrx_word' id='word_1_76' title='bbox 1352 1231 1591 1282; x_wconf 85' lang='lat' dir='ltr'>parentem.</span> 
     </span>
     <span class='ocr_line' id='line_1_17' title="bbox 693 1292 1693 1353; baseline -0.002 -17"><span class='ocrx_word' id='word_1_77' title='bbox 693 1295 797 1337; x_wconf 82' lang='lat' dir='ltr'>Haec</span> <span class='ocrx_word' id='word_1_78' title='bbox 822 1302 923 1336; x_wconf 84' lang='lat' dir='ltr'>sunt</span> <span class='ocrx_word' id='word_1_79' title='bbox 945 1310 952 1335; x_wconf 91' lang='lat'>:</span> <span class='ocrx_word' id='word_1_80' title='bbox 973 1292 1061 1352; x_wconf 83' lang='lat' dir='ltr'>jam</span> <span class='ocrx_word' id='word_1_81' title='bbox 1092 1292 1285 1336; x_wconf 83' lang='lat' dir='ltr'>tumidus</span> <span class='ocrx_word' id='word_1_82' title='bbox 1311 1301 1441 1336; x_wconf 81' lang='lat' dir='ltr'>vocat</span> <span class='ocrx_word' id='word_1_83' title='bbox 1465 1292 1693 1353; x_wconf 80' lang='lat' dir='ltr'>magister,</span> 
     </span>
    </p>
   </div>
   <div class='ocr_carea' id='block_1_5' title="bbox 486 1420 1176 2691">
    <p class='ocr_par' dir='ltr' id='par_1_12' title="bbox 486 1420 1159 1520">
     <span class='ocr_line' id='line_1_18' title="bbox 541 1420 1159 1465; baseline -0.006 -9"><span class='ocrx_word' id='word_1_84' title='bbox 541 1436 558 1455; x_wconf 84' lang='lat'><em>2</em></span> <span class='ocrx_word' id='word_1_85' title='bbox 566 1450 573 1456; x_wconf 94' lang='lat'>.</span> <span class='ocrx_word' id='word_1_86' title='bbox 585 1421 652 1456; x_wconf 86' lang='lat' dir='ltr'>Sed</span> <span class='ocrx_word' id='word_1_87' title='bbox 656 1422 694 1465; x_wconf 82' lang='lat' dir='ltr'>sa</span> <span class='ocrx_word' id='word_1_88' title='bbox 700 1423 793 1454; x_wconf 68' lang='lat' dir='ltr'>ventis</span> <span class='ocrx_word' id='word_1_89' title='bbox 803 1420 906 1454; x_wconf 76' lang='lat' dir='ltr'><em>undoe.</em></span> <span class='ocrx_word' id='word_1_90' title='bbox 917 1420 1008 1454; x_wconf 85' lang='lat' dir='ltr'>Nota</span> <span class='ocrx_word' id='word_1_91' title='bbox 1019 1433 1103 1452; x_wconf 73' lang='lat' dir='ltr'>mare</span> <span class='ocrx_word' id='word_1_92' title='bbox 1116 1421 1159 1453; x_wconf 84' lang='lat' dir='ltr'>sa-</span> 
     </span>
     <span class='ocr_line' id='line_1_19' title="bbox 486 1473 1159 1520; baseline -0.006 -10"><span class='ocrx_word' id='word_1_93' title='bbox 486 1476 598 1511; x_wconf 84' lang='lat' dir='ltr'>ventis</span> <span class='ocrx_word' id='word_1_94' title='bbox 614 1474 737 1515; x_wconf 84' lang='lat' dir='ltr'>undae,</span> <span class='ocrx_word' id='word_1_95' title='bbox 758 1487 840 1520; x_wconf 90' lang='lat' dir='ltr'>pro,</span> <span class='ocrx_word' id='word_1_96' title='bbox 856 1473 1033 1519; x_wconf 83' lang='lat' dir='ltr'>placidum</span> <span class='ocrx_word' id='word_1_97' title='bbox 1055 1486 1159 1507; x_wconf 85' lang='lat' dir='ltr'>mare.</span> 
     </span>
    </p>

    <p class='ocr_par' dir='ltr' id='par_1_13' title="bbox 487 1526 1169 1881">
     <span class='ocr_line' id='line_1_20' title="bbox 543 1526 1162 1570; baseline -0.005 -9"><span class='ocrx_word' id='word_1_98' title='bbox 543 1534 576 1570; x_wconf 70' lang='grc'>4.</span> <span class='ocrx_word' id='word_1_99' title='bbox 599 1529 798 1561; x_wconf 73' lang='lat' dir='ltr'>Tarraconis.</span> <span class='ocrx_word' id='word_1_100' title='bbox 812 1528 918 1560; x_wconf 80' lang='lat' dir='ltr'>Urbis</span> <span class='ocrx_word' id='word_1_101' title='bbox 931 1526 1162 1559; x_wconf 76' lang='lat' dir='ltr'>celeberrima:</span> 
     </span>
     <span class='ocr_line' id='line_1_21' title="bbox 488 1579 1162 1627; baseline -0.007 -11"><span class='ocrx_word' id='word_1_102' title='bbox 488 1584 522 1616; x_wconf 91' lang='lat' dir='ltr'>in</span> <span class='ocrx_word' id='word_1_103' title='bbox 558 1581 745 1627; x_wconf 80' lang='lat' dir='ltr'>Hispania,</span> <span class='ocrx_word' id='word_1_104' title='bbox 776 1579 884 1613; x_wconf 85' lang='lat' dir='ltr'>hodie</span> <span class='ocrx_word' id='word_1_105' title='bbox 910 1581 1121 1624; x_wconf 72' lang='lat' dir='ltr'>Tarragomz,</span> <span class='ocrx_word' id='word_1_106' title='bbox 1146 1592 1162 1611; x_wconf 85' lang='lat' dir='ltr'>a</span> 
     </span>
     <span class='ocr_line' id='line_1_22' title="bbox 487 1633 1167 1682; baseline -0.004 -14"><span class='ocrx_word' id='word_1_107' title='bbox 487 1649 553 1682; x_wconf 87' lang='lat' dir='ltr'>qua</span> <span class='ocrx_word' id='word_1_108' title='bbox 574 1634 822 1668; x_wconf 80' lang='lat' dir='ltr'>denominatur</span> <span class='ocrx_word' id='word_1_109' title='bbox 842 1633 1021 1678; x_wconf 84' lang='lat' dir='ltr'>provincia</span> <span class='ocrx_word' id='word_1_110' title='bbox 1039 1634 1167 1666; x_wconf 84' lang='lat' dir='ltr'>Tarra-</span> 
     </span>
     <span class='ocr_line' id='line_1_23' title="bbox 490 1684 1168 1732; baseline -0.006 -10"><span class='ocrx_word' id='word_1_111' title='bbox 490 1688 668 1728; x_wconf 80' lang='lat' dir='ltr'>conensis,</span> <span class='ocrx_word' id='word_1_112' title='bbox 682 1688 718 1720; x_wconf 92' lang='lat' dir='ltr'>in</span> <span class='ocrx_word' id='word_1_113' title='bbox 734 1700 802 1732; x_wconf 88' lang='lat' dir='ltr'>qua</span> <span class='ocrx_word' id='word_1_114' title='bbox 822 1695 896 1720; x_wconf 85' lang='lat' dir='ltr'>erat</span> <span class='ocrx_word' id='word_1_115' title='bbox 917 1686 1062 1719; x_wconf 86' lang='lat' dir='ltr'>Bilbilis.</span> <span class='ocrx_word' id='word_1_116' title='bbox 1074 1684 1168 1718; x_wconf 84' lang='lat' dir='ltr'>Vide</span> 
     </span>
     <span class='ocr_line' id='line_1_24' title="bbox 489 1739 1166 1788; baseline -0.004 -13"><span class='ocrx_word' id='word_1_117' title='bbox 489 1743 703 1788; x_wconf 82' lang='lat' dir='ltr'>epigramma</span> <span class='ocrx_word' id='word_1_118' title='bbox 722 1739 933 1786; x_wconf 75' lang='lat' dir='ltr'>praecedens.</span> <span class='ocrx_word' id='word_1_119' title='bbox 949 1740 1077 1773; x_wconf 87' lang='lat' dir='ltr'>Sensus</span> <span class='ocrx_word' id='word_1_120' title='bbox 1098 1747 1166 1772; x_wconf 83' lang='lat' dir='ltr'>est:</span> 
     </span>
     <span class='ocr_line' id='line_1_25' title="bbox 490 1791 1169 1839; baseline -0.006 -10"><span class='ocrx_word' id='word_1_121' title='bbox 490 1797 727 1829; x_wconf 83' lang='lat' dir='ltr'>Tarraconem</span> <span class='ocrx_word' id='word_1_122' title='bbox 740 1806 853 1839; x_wconf 88' lang='lat' dir='ltr'>usque</span> <span class='ocrx_word' id='word_1_123' title='bbox 863 1793 1059 1838; x_wconf 83' lang='lat' dir='ltr'>navigabis,</span> <span class='ocrx_word' id='word_1_124' title='bbox 1072 1791 1169 1825; x_wconf 80' lang='lat' dir='ltr'>unde</span> 
     </span>
     <span class='ocr_line' id='line_1_26' title="bbox 495 1845 956 1881; baseline -0.004 0"><span class='ocrx_word' id='word_1_125' title='bbox 495 1848 647 1881; x_wconf 85' lang='lat' dir='ltr'>Bilbilim</span> <span class='ocrx_word' id='word_1_126' title='bbox 667 1845 788 1879; x_wconf 80' lang='lat' dir='ltr'>essedo</span> <span class='ocrx_word' id='word_1_127' title='bbox 807 1846 956 1879; x_wconf 80' lang='lat' dir='ltr'>veheris.</span> 
     </span>
    </p>

    <p class='ocr_par' dir='ltr' id='par_1_14' title="bbox 548 1900 936 1935">
     <span class='ocr_line' id='line_1_27' title="bbox 548 1900 936 1935; baseline -0.008 -1"><span class='ocrx_word' id='word_1_128' title='bbox 548 1904 580 1935; x_wconf 79' lang='lat'>5.</span> <span class='ocrx_word' id='word_1_129' title='bbox 606 1901 689 1933; x_wconf 77' lang='lat' dir='ltr'>Tota</span> <span class='ocrx_word' id='word_1_130' title='bbox 708 1900 781 1933; x_wconf 86' lang='lat' dir='ltr'>MS.</span> <span class='ocrx_word' id='word_1_131' title='bbox 802 1900 936 1932; x_wconf 87' lang='lat' dir='ltr'>Beverl.</span> 
     </span>
    </p>

    <p class='ocr_par' dir='ltr' id='par_1_15' title="bbox 495 1951 1172 2147">
     <span class='ocr_line' id='line_1_28' title="bbox 547 1951 1169 1999; baseline -0.003 -13"><span class='ocrx_word' id='word_1_132' title='bbox 547 1967 580 1999; x_wconf 76' lang='lat'>7.</span> <span class='ocrx_word' id='word_1_133' title='bbox 603 1954 723 1997; x_wconf 76' lang='lat' dir='ltr'>Quinto</span> <span class='ocrx_word' id='word_1_134' title='bbox 739 1953 855 1985; x_wconf 76' lang='lat' dir='ltr'>essedo.</span> <span class='ocrx_word' id='word_1_135' title='bbox 871 1951 1042 1985; x_wconf 81' lang='lat' dir='ltr'>Essedum</span> <span class='ocrx_word' id='word_1_136' title='bbox 1062 1963 1169 1996; x_wconf 86' lang='lat' dir='ltr'>genus</span> 
     </span>
     <span class='ocr_line' id='line_1_29' title="bbox 495 2004 1172 2052; baseline -0.006 -12"><span class='ocrx_word' id='word_1_137' title='bbox 495 2007 644 2040; x_wconf 75' lang='lat' dir='ltr'>vehiculi</span> <span class='ocrx_word' id='word_1_138' title='bbox 655 2020 663 2048; x_wconf 91' lang='grc'><strong>;</strong></span> <span class='ocrx_word' id='word_1_139' title='bbox 675 2019 746 2052; x_wconf 85' lang='lat' dir='ltr'>quo</span> <span class='ocrx_word' id='word_1_140' title='bbox 759 2014 878 2038; x_wconf 80' lang='lat' dir='ltr'>vectus</span> <span class='ocrx_word' id='word_1_141' title='bbox 891 2006 938 2039; x_wconf 81' lang='lat' dir='ltr'>ait</span> <span class='ocrx_word' id='word_1_142' title='bbox 953 2012 1053 2050; x_wconf 86' lang='lat' dir='ltr'>poeta</span> <span class='ocrx_word' id='word_1_143' title='bbox 1071 2004 1172 2050; x_wconf 82' lang='lat' dir='ltr'>quin-</span> 
     </span>
     <span class='ocr_line' id='line_1_30' title="bbox 495 2058 1170 2103; baseline -0.007 -9"><span class='ocrx_word' id='word_1_144' title='bbox 495 2070 531 2094; x_wconf 85' lang='lat' dir='ltr'>to</span> <span class='ocrx_word' id='word_1_145' title='bbox 553 2060 686 2094; x_wconf 80' lang='lat' dir='ltr'>itineris</span> <span class='ocrx_word' id='word_1_146' title='bbox 706 2058 763 2092; x_wconf 83' lang='lat' dir='ltr'>die</span> <span class='ocrx_word' id='word_1_147' title='bbox 786 2072 803 2092; x_wconf 77' lang='lat' dir='ltr'>a</span> <span class='ocrx_word' id='word_1_148' title='bbox 823 2059 1023 2092; x_wconf 79' lang='lat' dir='ltr'>Tarracone</span> <span class='ocrx_word' id='word_1_149' title='bbox 1045 2070 1170 2103; x_wconf 79' lang='lat' dir='ltr'>perve-</span> 
     </span>
     <span class='ocr_line' id='line_1_31' title="bbox 495 2112 757 2147; baseline -0.008 -1"><span class='ocrx_word' id='word_1_150' title='bbox 495 2115 569 2147; x_wconf 82' lang='lat' dir='ltr'>nies</span> <span class='ocrx_word' id='word_1_151' title='bbox 589 2112 757 2146; x_wconf 83' lang='lat' dir='ltr'>Bilbilim.</span> 
     </span>
    </p>

    <p class='ocr_par' dir='ltr' id='par_1_16' title="bbox 551 2162 1049 2201">
     <span class='ocr_line' id='line_1_32' title="bbox 551 2162 1049 2201; baseline -0.008 -1"><span class='ocrx_word' id='word_1_152' title='bbox 551 2170 583 2201; x_wconf 80' lang='lat'>8.</span> <span class='ocrx_word' id='word_1_153' title='bbox 607 2167 676 2199; x_wconf 73' lang='lat' dir='ltr'>Scis</span> <span class='ocrx_word' id='word_1_154' title='bbox 697 2166 819 2198; x_wconf 70' lang='lat' dir='ltr'>sodales</span> <span class='ocrx_word' id='word_1_155' title='bbox 841 2162 1049 2198; x_wconf 74' lang='lat' dir='ltr'>Beverlaud.</span> 
     </span>
    </p>

    <p class='ocr_par' dir='ltr' id='par_1_17' title="bbox 498 2217 1171 2320">
     <span class='ocr_line' id='line_1_33' title="bbox 549 2217 1171 2264; baseline -0.005 -11"><span class='ocrx_word' id='word_1_156' title='bbox 549 2234 583 2264; x_wconf 71' lang='lat'>9.</span> <span class='ocrx_word' id='word_1_157' title='bbox 597 2220 731 2252; x_wconf 75' lang='lat' dir='ltr'>Brumas</span> <span class='ocrx_word' id='word_1_158' title='bbox 748 2220 896 2263; x_wconf 77' lang='lat' dir='ltr'>Triginta</span> <span class='ocrx_word' id='word_1_159' title='bbox 909 2225 1054 2263; x_wconf 80' lang='lat' dir='ltr'>quatuor.</span> <span class='ocrx_word' id='word_1_160' title='bbox 1071 2217 1171 2262; x_wconf 82' lang='lat' dir='ltr'>Epig.</span> 
     </span>
     <span class='ocr_line' id='line_1_34' title="bbox 498 2271 948 2320; baseline -0.009 -13"><span class='ocrx_word' id='word_1_161' title='bbox 498 2274 654 2320; x_wconf 81' lang='lat' dir='ltr'>proxime</span> <span class='ocrx_word' id='word_1_162' title='bbox 670 2271 820 2317; x_wconf 80' lang='lat' dir='ltr'>praeced.</span> <span class='ocrx_word' id='word_1_163' title='bbox 841 2284 891 2304; x_wconf 69' lang='lat' dir='ltr'>vs.</span> <span class='ocrx_word' id='word_1_164' title='bbox 912 2284 948 2316; x_wconf 76' lang='lat'>7.</span> 
     </span>
    </p>

    <p class='ocr_par' dir='ltr' id='par_1_18' title="bbox 497 2323 1173 2414">
     <span class='ocr_line' id='line_1_35' title="bbox 556 2323 1173 2371; baseline -0.006 -12"><span class='ocrx_word' id='word_1_165' title='bbox 556 2339 568 2359; x_wconf 88' lang='lat'>1</span> <span class='ocrx_word' id='word_1_166' title='bbox 582 2339 612 2359; x_wconf 90' lang='lat'>1.</span> <span class='ocrx_word' id='word_1_167' title='bbox 636 2326 711 2371; x_wconf 79' lang='lat' dir='ltr'>Ipsa</span> <span class='ocrx_word' id='word_1_168' title='bbox 723 2327 868 2370; x_wconf 75' lang='lat' dir='ltr'>protinus</span> <span class='ocrx_word' id='word_1_169' title='bbox 884 2338 904 2356; x_wconf 79' lang='lat' dir='ltr'>a</span> <span class='ocrx_word' id='word_1_170' title='bbox 919 2327 986 2356; x_wconf 79' lang='lat' dir='ltr'>via.</span> <span class='ocrx_word' id='word_1_171' title='bbox 1010 2323 1086 2357; x_wconf 82' lang='lat' dir='ltr'>Hoc</span> <span class='ocrx_word' id='word_1_172' title='bbox 1104 2331 1173 2363; x_wconf 81' lang='lat' dir='ltr'>est,</span> 
     </span>
     <span class='ocr_line' id='line_1_36' title="bbox 497 2377 917 2414; baseline -0.007 0"><span class='ocrx_word' id='word_1_173' title='bbox 497 2381 611 2414; x_wconf 72' lang='lat' dir='ltr'>statim</span> <span class='ocrx_word' id='word_1_174' title='bbox 633 2392 650 2411; x_wconf 88' lang='lat' dir='ltr'>a</span> <span class='ocrx_word' id='word_1_175' title='bbox 670 2387 732 2411; x_wconf 90' lang='lat' dir='ltr'>tuo</span> <span class='ocrx_word' id='word_1_176' title='bbox 753 2377 917 2411; x_wconf 76' lang='lat' dir='ltr'>aclvenm.</span> 
     </span>
    </p>

    <p class='ocr_par' dir='ltr' id='par_1_19' title="bbox 495 2428 1176 2691">
     <span class='ocr_line' id='line_1_37' title="bbox 557 2428 1175 2477; baseline -0.008 -11"><span class='ocrx_word' id='word_1_177' title='bbox 557 2447 569 2466; x_wconf 78' lang='grc' dir='ltr'>ι</span> <span class='ocrx_word' id='word_1_178' title='bbox 581 2438 614 2474; x_wconf 72' lang='grc'>4.</span> <span class='ocrx_word' id='word_1_179' title='bbox 632 2432 795 2465; x_wconf 65' lang='lat' dir='ltr'>stcessas</span> <span class='ocrx_word' id='word_1_180' title='bbox 810 2431 891 2477; x_wconf 83' lang='lat' dir='ltr'>legit</span> <span class='ocrx_word' id='word_1_181' title='bbox 904 2429 1004 2464; x_wconf 71' lang='lat' dir='ltr'>Bar-b.</span> <span class='ocrx_word' id='word_1_182' title='bbox 1025 2428 1067 2462; x_wconf 83' lang='lat' dir='ltr'>ed</span> <span class='ocrx_word' id='word_1_183' title='bbox 1084 2430 1175 2462; x_wconf 80' lang='lat' dir='ltr'>,Pre-</span> 
     </span>
     <span class='ocr_line' id='line_1_38' title="bbox 500 2481 1174 2529; baseline -0.007 -10"><span class='ocrx_word' id='word_1_184' title='bbox 500 2490 543 2519; x_wconf 86' lang='lat' dir='ltr'>lio</span> <span class='ocrx_word' id='word_1_185' title='bbox 559 2486 617 2519; x_wconf 81' lang='lat' dir='ltr'>(lat</span> <span class='ocrx_word' id='word_1_186' title='bbox 630 2485 705 2518; x_wconf 85' lang='lat' dir='ltr'>MS.</span> <span class='ocrx_word' id='word_1_187' title='bbox 722 2485 854 2518; x_wconf 81' lang='lat' dir='ltr'>Beverl.</span> <span class='ocrx_word' id='word_1_188' title='bbox 870 2484 984 2529; x_wconf 72' lang='lat' dir='ltr'>Spurio</span> <span class='ocrx_word' id='word_1_189' title='bbox 997 2481 1076 2515; x_wconf 78' lang='lat' dir='ltr'>odd.</span> <span class='ocrx_word' id='word_1_190' title='bbox 1091 2490 1174 2515; x_wconf 78' lang='lat' dir='ltr'>vett.</span> 
     </span>
     <span class='ocr_line' id='line_1_39' title="bbox 500 2537 1176 2584; baseline -0.01 -11"><span class='ocrx_word' id='word_1_191' title='bbox 500 2540 647 2573; x_wconf 74' lang='lat' dir='ltr'>Farnab.</span> <span class='ocrx_word' id='word_1_192' title='bbox 667 2539 764 2571; x_wconf 64' lang='lat' dir='ltr'>Bar-b.</span> <span class='ocrx_word' id='word_1_193' title='bbox 784 2550 936 2584; x_wconf 79' lang='lat' dir='ltr'>quoquc.</span> <span class='ocrx_word' id='word_1_194' title='bbox 958 2537 1066 2569; x_wconf 79' lang='lat' dir='ltr'>Pretio</span> <span class='ocrx_word' id='word_1_195' title='bbox 1084 2543 1176 2580; x_wconf 80' lang='lat' dir='ltr'>paret</span> 
     </span>
     <span class='ocr_line' id='line_1_40' title="bbox 498 2588 1174 2635; baseline -0.004 -12"><span class='ocrx_word' id='word_1_196' title='bbox 498 2594 619 2626; x_wconf 53' lang='lat' dir='ltr'>,selihrw</span> <span class='ocrx_word' id='word_1_197' title='bbox 631 2593 655 2624; x_wconf 82' lang='lat' dir='ltr'><strong>R</strong></span> <span class='ocrx_word' id='word_1_198' title='bbox 663 2592 844 2635; x_wconf 77' lang='lat' dir='ltr'>utgersius.</span> <span class='ocrx_word' id='word_1_199' title='bbox 860 2592 910 2623; x_wconf 77' lang='lat' dir='ltr'>De</span> <span class='ocrx_word' id='word_1_200' title='bbox 921 2591 1010 2634; x_wconf 62' lang='lat' dir='ltr'>Ruoy</span> <span class='ocrx_word' id='word_1_201' title='bbox 1022 2588 1095 2621; x_wconf 84' lang='lat' dir='ltr'>vult</span> <span class='ocrx_word' id='word_1_202' title='bbox 1106 2589 1174 2621; x_wconf 71' lang='lat' dir='ltr'>Sec.</span> 
     </span>
     <span class='ocr_line' id='line_1_41' title="bbox 495 2640 1175 2691; baseline -0.009 -12"><span class='ocrx_word' id='word_1_203' title='bbox 495 2649 599 2691; x_wconf 74' lang='lat' dir='ltr'>prelio</span> <span class='ocrx_word' id='word_1_204' title='bbox 614 2654 706 2690; x_wconf 71' lang='lat' dir='ltr'>sture!</span> <span class='ocrx_word' id='word_1_205' title='bbox 721 2672 728 2684; x_wconf 85' lang='lat'><em>,</em></span> <span class='ocrx_word' id='word_1_206' title='bbox 752 2645 808 2677; x_wconf 68' lang='lat' dir='ltr'>ml</span> <span class='ocrx_word' id='word_1_207' title='bbox 826 2645 896 2677; x_wconf 76' lang='lat' dir='ltr'>illos</span> <span class='ocrx_word' id='word_1_208' title='bbox 920 2646 1002 2688; x_wconf 76' lang='lat' dir='ltr'>Qui,</span> <span class='ocrx_word' id='word_1_209' title='bbox 1022 2651 1087 2676; x_wconf 77' lang='lat' dir='ltr'>etc.</span> <span class='ocrx_word' id='word_1_210' title='bbox 1111 2640 1175 2674; x_wconf 71' lang='lat' dir='ltr'>Sed</span> 
     </span>
    </p>
   </div>
   <div class='ocr_carea' id='block_1_6' title="bbox 1221 1419 1912 2630">
    <p class='ocr_par' dir='ltr' id='par_1_20' title="bbox 1221 1419 1903 1944">
     <span class='ocr_line' id='line_1_42' title="bbox 1221 1419 1896 1464; baseline -0.004 -12"><span class='ocrx_word' id='word_1_211' title='bbox 1221 1419 1442 1452; x_wconf 84' lang='lat' dir='ltr'>Gronovius:</span> <span class='ocrx_word' id='word_1_212' title='bbox 1456 1420 1712 1464; x_wconf 68' lang='lat' dir='ltr'>«Immopretio,</span> <span class='ocrx_word' id='word_1_213' title='bbox 1724 1426 1763 1450; x_wconf 73' lang='lat' dir='ltr'>nt</span> <span class='ocrx_word' id='word_1_214' title='bbox 1774 1429 1896 1450; x_wconf 79' lang='lat' dir='ltr'>omnes</span> 
     </span>
     <span class='ocr_line' id='line_1_43' title="bbox 1221 1469 1897 1518; baseline -0.003 -13"><span class='ocrx_word' id='word_1_215' title='bbox 1221 1472 1321 1505; x_wconf 87' lang='lat' dir='ltr'>MSS.</span> <span class='ocrx_word' id='word_1_216' title='bbox 1333 1481 1570 1518; x_wconf 84' lang='lat' dir='ltr'>necpraeterea</span> <span class='ocrx_word' id='word_1_217' title='bbox 1583 1470 1789 1505; x_wconf 88' lang='lat' dir='ltr'>mutandum</span> <span class='ocrx_word' id='word_1_218' title='bbox 1801 1469 1897 1516; x_wconf 89' lang='lat' dir='ltr'>quid·</span> 
     </span>
     <span class='ocr_line' id='line_1_44' title="bbox 1222 1525 1896 1571; baseline -0.004 -12"><span class='ocrx_word' id='word_1_219' title='bbox 1222 1538 1325 1571; x_wconf 85' lang='lat' dir='ltr'>quam</span> <span class='ocrx_word' id='word_1_220' title='bbox 1344 1537 1352 1559; x_wconf 93' lang='lat'>:</span> <span class='ocrx_word' id='word_1_221' title='bbox 1370 1538 1450 1559; x_wconf 82' lang='lat' dir='ltr'>nam</span> <span class='ocrx_word' id='word_1_222' title='bbox 1464 1525 1589 1557; x_wconf 79' lang='lat' dir='ltr'>salubre</span> <span class='ocrx_word' id='word_1_223' title='bbox 1601 1527 1736 1570; x_wconf 78' lang='lat' dir='ltr'>pretium</span> <span class='ocrx_word' id='word_1_224' title='bbox 1754 1532 1803 1557; x_wconf 86' lang='lat' dir='ltr'>est</span> <span class='ocrx_word' id='word_1_225' title='bbox 1821 1536 1896 1556; x_wconf 88' lang='lat' dir='ltr'>mo-</span> 
     </span>
     <span class='ocr_line' id='line_1_45' title="bbox 1224 1577 1897 1623; baseline -0.003 -12"><span class='ocrx_word' id='word_1_226' title='bbox 1224 1578 1361 1617; x_wconf 87' lang='lat' dir='ltr'>dicum,</span> <span class='ocrx_word' id='word_1_227' title='bbox 1373 1577 1471 1623; x_wconf 87' lang='lat' dir='ltr'>quod</span> <span class='ocrx_word' id='word_1_228' title='bbox 1491 1578 1594 1611; x_wconf 82' lang='lat' dir='ltr'>facias</span> <span class='ocrx_word' id='word_1_229' title='bbox 1610 1578 1703 1611; x_wconf 84' lang='lat' dir='ltr'>salva</span> <span class='ocrx_word' id='word_1_230' title='bbox 1719 1589 1757 1610; x_wconf 86' lang='lat' dir='ltr'>re</span> <span class='ocrx_word' id='word_1_231' title='bbox 1771 1577 1897 1610; x_wconf 83' lang='lat' dir='ltr'>famili-</span> 
     </span>
     <span class='ocr_line' id='line_1_46' title="bbox 1226 1631 1899 1676; baseline -0.003 -11"><span class='ocrx_word' id='word_1_232' title='bbox 1226 1632 1287 1665; x_wconf 85' lang='lat' dir='ltr'>ari.</span> <span class='ocrx_word' id='word_1_233' title='bbox 1311 1631 1368 1664; x_wconf 81' lang='lat' dir='ltr'>Sic</span> <span class='ocrx_word' id='word_1_234' title='bbox 1388 1631 1522 1664; x_wconf 86' lang='lat' dir='ltr'>Plinius</span> <span class='ocrx_word' id='word_1_235' title='bbox 1543 1631 1604 1664; x_wconf 88' lang='lat' dir='ltr'>lib.</span> <span class='ocrx_word' id='word_1_236' title='bbox 1618 1632 1652 1670; x_wconf 86' lang='lat'>1,</span> <span class='ocrx_word' id='word_1_237' title='bbox 1675 1631 1775 1676; x_wconf 83' lang='lat' dir='ltr'>epist.</span> <span class='ocrx_word' id='word_1_238' title='bbox 1798 1641 1899 1671; x_wconf 76' lang='lat' dir='ltr'>xxiv,</span> 
     </span>
     <span class='ocr_line' id='line_1_47' title="bbox 1229 1682 1899 1729; baseline -0.004 -11"><span class='ocrx_word' id='word_1_239' title='bbox 1229 1685 1267 1718; x_wconf 85' lang='lat'>5:</span> <span class='ocrx_word' id='word_1_240' title='bbox 1283 1702 1296 1715; x_wconf 72' lang='lat' dir='ltr'><strong>u</strong></span> <span class='ocrx_word' id='word_1_241' title='bbox 1310 1684 1345 1717; x_wconf 89' lang='lat' dir='ltr'>Si</span> <span class='ocrx_word' id='word_1_242' title='bbox 1358 1683 1565 1729; x_wconf 85' lang='lat' dir='ltr'>praediolum</span> <span class='ocrx_word' id='word_1_243' title='bbox 1578 1683 1670 1717; x_wconf 87' lang='lat' dir='ltr'>istud</span> <span class='ocrx_word' id='word_1_244' title='bbox 1679 1709 1687 1722; x_wconf 93' lang='lat'>‚</span> <span class='ocrx_word' id='word_1_245' title='bbox 1699 1682 1793 1729; x_wconf 90' lang='lat' dir='ltr'>quod</span> <span class='ocrx_word' id='word_1_246' title='bbox 1805 1695 1899 1716; x_wconf 91' lang='lat' dir='ltr'>com—</span> 
     </span>
     <span class='ocr_line' id='line_1_48' title="bbox 1226 1736 1901 1776; baseline -0.004 -5"><span class='ocrx_word' id='word_1_247' title='bbox 1226 1736 1418 1771; x_wconf 86' lang='lat' dir='ltr'>mendatur</span> <span class='ocrx_word' id='word_1_248' title='bbox 1442 1738 1496 1770; x_wconf 89' lang='lat' dir='ltr'>his</span> <span class='ocrx_word' id='word_1_249' title='bbox 1521 1736 1662 1770; x_wconf 84' lang='lat' dir='ltr'>dotibus</span> <span class='ocrx_word' id='word_1_250' title='bbox 1680 1763 1688 1776; x_wconf 92' lang='lat'>‚</span> <span class='ocrx_word' id='word_1_251' title='bbox 1713 1745 1781 1770; x_wconf 86' lang='lat' dir='ltr'>tam</span> <span class='ocrx_word' id='word_1_252' title='bbox 1810 1736 1901 1769; x_wconf 86' lang='lat' dir='ltr'>salu-</span> 
     </span>
     <span class='ocr_line' id='line_1_49' title="bbox 1227 1789 1901 1835; baseline -0.004 -11"><span class='ocrx_word' id='word_1_253' title='bbox 1227 1791 1335 1825; x_wconf 84' lang='lat' dir='ltr'>briter</span> <span class='ocrx_word' id='word_1_254' title='bbox 1350 1791 1489 1831; x_wconf 85' lang='lat' dir='ltr'>emerit,</span> <span class='ocrx_word' id='word_1_255' title='bbox 1504 1798 1542 1823; x_wconf 90' lang='lat' dir='ltr'>ut</span> <span class='ocrx_word' id='word_1_256' title='bbox 1557 1789 1770 1835; x_wconf 82' lang='lat' dir='ltr'>poenitentiae</span> <span class='ocrx_word' id='word_1_257' title='bbox 1785 1789 1901 1822; x_wconf 85' lang='lat' dir='ltr'>locum</span> 
     </span>
     <span class='ocr_line' id='line_1_50' title="bbox 1227 1842 1903 1889; baseline -0.004 -12"><span class='ocrx_word' id='word_1_258' title='bbox 1227 1857 1301 1877; x_wconf 87' lang='lat' dir='ltr'>non</span> <span class='ocrx_word' id='word_1_259' title='bbox 1325 1844 1511 1889; x_wconf 85' lang='lat' dir='ltr'>relinquat.</span> <span class='ocrx_word' id='word_1_260' title='bbox 1528 1861 1541 1872; x_wconf 71' lang='lat' dir='ltr'>n</span> <span class='ocrx_word' id='word_1_261' title='bbox 1561 1843 1816 1876; x_wconf 79' lang='lat' dir='ltr'>observaverat</span> <span class='ocrx_word' id='word_1_262' title='bbox 1834 1842 1903 1875; x_wconf 87' lang='lat' dir='ltr'>hoc</span> 
     </span>
     <span class='ocr_line' id='line_1_51' title="bbox 1225 1896 1751 1944; baseline -0.004 -14"><span class='ocrx_word' id='word_1_263' title='bbox 1225 1899 1295 1944; x_wconf 80' lang='lat' dir='ltr'>jam</span> <span class='ocrx_word' id='word_1_264' title='bbox 1317 1897 1501 1930; x_wconf 80' lang='lat' dir='ltr'>Salmasius</span> <span class='ocrx_word' id='word_1_265' title='bbox 1521 1896 1564 1929; x_wconf 86' lang='lat' dir='ltr'>ad</span> <span class='ocrx_word' id='word_1_266' title='bbox 1580 1896 1751 1929; x_wconf 90' lang='lat' dir='ltr'>Solinum.</span> 
     </span>
    </p>

    <p class='ocr_par' dir='ltr' id='par_1_21' title="bbox 1229 1949 1910 2461">
     <span class='ocr_line' id='line_1_52' title="bbox 1288 1949 1903 1995; baseline -0.005 -12"><span class='ocrx_word' id='word_1_267' title='bbox 1288 1952 1342 1983; x_wconf 80' lang='lat'>15.</span> <span class='ocrx_word' id='word_1_268' title='bbox 1376 1951 1442 1994; x_wconf 79' lang='lat' dir='ltr'>Qui</span> <span class='ocrx_word' id='word_1_269' title='bbox 1465 1953 1604 1995; x_wconf 73' lang='lat' dir='ltr'>pigrum.</span> <span class='ocrx_word' id='word_1_270' title='bbox 1629 1949 1790 1982; x_wconf 85' lang='lat' dir='ltr'>Carmina</span> <span class='ocrx_word' id='word_1_271' title='bbox 1820 1956 1903 1981; x_wconf 92' lang='lat' dir='ltr'>sunt</span> 
     </span>
     <span class='ocr_line' id='line_1_53' title="bbox 1229 2003 1904 2049; baseline -0.003 -14"><span class='ocrx_word' id='word_1_272' title='bbox 1229 2003 1358 2048; x_wconf 81' lang='lat' dir='ltr'>ingenii</span> <span class='ocrx_word' id='word_1_273' title='bbox 1391 2011 1529 2049; x_wconf 77' lang='lat' dir='ltr'>partuS,</span> <span class='ocrx_word' id='word_1_274' title='bbox 1561 2015 1711 2048; x_wconf 85' lang='lat' dir='ltr'>quorum</span> <span class='ocrx_word' id='word_1_275' title='bbox 1748 2009 1904 2035; x_wconf 79' lang='lat' dir='ltr'>auctores</span> 
     </span>
     <span class='ocr_line' id='line_1_54' title="bbox 1230 2054 1905 2101; baseline -0.004 -12"><span class='ocrx_word' id='word_1_276' title='bbox 1230 2065 1392 2101; x_wconf 80' lang='lat' dir='ltr'>parentes</span> <span class='ocrx_word' id='word_1_277' title='bbox 1411 2056 1580 2089; x_wconf 80' lang='lat' dir='ltr'>dicuntur</span> <span class='ocrx_word' id='word_1_278' title='bbox 1596 2069 1607 2088; x_wconf 94' lang='grc'>.·</span> <span class='ocrx_word' id='word_1_279' title='bbox 1624 2056 1690 2088; x_wconf 86' lang='lat' dir='ltr'>hoe</span> <span class='ocrx_word' id='word_1_280' title='bbox 1713 2063 1762 2088; x_wconf 86' lang='lat' dir='ltr'>est</span> <span class='ocrx_word' id='word_1_281' title='bbox 1776 2081 1783 2095; x_wconf 96' lang='lat'><em>‚</em></span> <span class='ocrx_word' id='word_1_282' title='bbox 1806 2054 1905 2087; x_wconf 83' lang='lat' dir='ltr'>Flac-</span> 
     </span>
     <span class='ocr_line' id='line_1_55' title="bbox 1231 2104 1907 2152; baseline -0.004 -10"><span class='ocrx_word' id='word_1_283' title='bbox 1231 2122 1291 2142; x_wconf 87' lang='lat' dir='ltr'>cus</span> <span class='ocrx_word' id='word_1_284' title='bbox 1312 2104 1399 2152; x_wconf 67' lang='lat' dir='ltr'>(sive</span> <span class='ocrx_word' id='word_1_285' title='bbox 1419 2110 1560 2147; x_wconf 83' lang='lat' dir='ltr'>Flavus,</span> <span class='ocrx_word' id='word_1_286' title='bbox 1575 2117 1614 2141; x_wconf 82' lang='lat' dir='ltr'>ut</span> <span class='ocrx_word' id='word_1_287' title='bbox 1635 2108 1795 2141; x_wconf 82' lang='lat' dir='ltr'>scribunt</span> <span class='ocrx_word' id='word_1_288' title='bbox 1816 2105 1907 2146; x_wconf 89' lang='lat' dir='ltr'>alii),</span> 
     </span>
     <span class='ocr_line' id='line_1_56' title="bbox 1231 2160 1907 2207; baseline -0.004 -12"><span class='ocrx_word' id='word_1_289' title='bbox 1231 2162 1318 2195; x_wconf 83' lang='lat' dir='ltr'>mihi</span> <span class='ocrx_word' id='word_1_290' title='bbox 1338 2171 1437 2207; x_wconf 82' lang='lat' dir='ltr'>paret</span> <span class='ocrx_word' id='word_1_291' title='bbox 1464 2162 1675 2207; x_wconf 81' lang='lat' dir='ltr'>hospitium,</span> <span class='ocrx_word' id='word_1_292' title='bbox 1699 2160 1758 2194; x_wconf 90' lang='lat' dir='ltr'>ubi</span> <span class='ocrx_word' id='word_1_293' title='bbox 1774 2160 1907 2193; x_wconf 79' lang='lat' dir='ltr'>otiosus</span> 
     </span>
     <span class='ocr_line' id='line_1_57' title="bbox 1232 2216 1905 2259; baseline -0.004 -12"><span class='ocrx_word' id='word_1_294' title='bbox 1232 2227 1490 2248; x_wconf 65' lang='lat' dir='ltr'>consenescmn.</span> <span class='ocrx_word' id='word_1_295' title='bbox 1508 2236 1559 2242; x_wconf 89' lang='lat'>-</span> <span class='ocrx_word' id='word_1_296' title='bbox 1579 2216 1645 2258; x_wconf 76' lang='lat' dir='ltr'>Qui</span> <span class='ocrx_word' id='word_1_297' title='bbox 1660 2216 1787 2259; x_wconf 74' lang='lat' dir='ltr'>pigrum</span> <span class='ocrx_word' id='word_1_298' title='bbox 1804 2240 1812 2252; x_wconf 82' lang='lat'><em>,</em></span> <span class='ocrx_word' id='word_1_299' title='bbox 1837 2221 1905 2245; x_wconf 83' lang='lat' dir='ltr'>etc.</span> 
     </span>
     <span class='ocr_line' id='line_1_58' title="bbox 1233 2268 1909 2309; baseline -0.004 -8"><span class='ocrx_word' id='word_1_300' title='bbox 1233 2269 1302 2301; x_wconf 81' lang='lat' dir='ltr'>Ubi</span> <span class='ocrx_word' id='word_1_301' title='bbox 1318 2269 1514 2309; x_wconf 79' lang='lat' dir='ltr'>rusticetur‚</span> <span class='ocrx_word' id='word_1_302' title='bbox 1530 2268 1673 2308; x_wconf 78' lang='lat' dir='ltr'>otietur,</span> <span class='ocrx_word' id='word_1_303' title='bbox 1687 2273 1909 2300; x_wconf 80' lang='lat' dir='ltr'>consenescat</span> 
     </span>
     <span class='ocr_line' id='line_1_59' title="bbox 1234 2318 1910 2367; baseline -0.004 -13"><span class='ocrx_word' id='word_1_304' title='bbox 1234 2333 1358 2367; x_wconf 80' lang='lat' dir='ltr'>parens</span> <span class='ocrx_word' id='word_1_305' title='bbox 1388 2330 1488 2360; x_wconf 79' lang='lat' dir='ltr'>tuus,</span> <span class='ocrx_word' id='word_1_306' title='bbox 1513 2320 1548 2353; x_wconf 86' lang='lat' dir='ltr'>id</span> <span class='ocrx_word' id='word_1_307' title='bbox 1574 2329 1637 2358; x_wconf 85' lang='lat' dir='ltr'>est,</span> <span class='ocrx_word' id='word_1_308' title='bbox 1662 2328 1786 2353; x_wconf 85' lang='lat' dir='ltr'>auctor</span> <span class='ocrx_word' id='word_1_309' title='bbox 1808 2318 1910 2359; x_wconf 87' lang='lat' dir='ltr'>libri,</span> 
     </span>
     <span class='ocr_line' id='line_1_60' title="bbox 1235 2373 1910 2419; baseline -0.004 -12"><span class='ocrx_word' id='word_1_310' title='bbox 1235 2387 1298 2419; x_wconf 68' lang='lat' dir='ltr'>ego</span> <span class='ocrx_word' id='word_1_311' title='bbox 1313 2374 1491 2407; x_wconf 77' lang='lat' dir='ltr'>Martialis.</span> <span class='ocrx_word' id='word_1_312' title='bbox 1508 2374 1658 2413; x_wconf 81' lang='lat' dir='ltr'>Lil›.VI‚</span> <span class='ocrx_word' id='word_1_313' title='bbox 1673 2373 1781 2419; x_wconf 83' lang='lat' dir='ltr'>epigr.</span> <span class='ocrx_word' id='word_1_314' title='bbox 1798 2383 1888 2405; x_wconf 75' lang='lat' dir='ltr'>xun</span> <span class='ocrx_word' id='word_1_315' title='bbox 1900 2395 1910 2411; x_wconf 86' lang='lat'>‚</span> 
     </span>
     <span class='ocr_line' id='line_1_61' title="bbox 1235 2440 1370 2461; baseline 0.015 -2"><span class='ocrx_word' id='word_1_316' title='bbox 1235 2441 1283 2460; x_wconf 69' lang='lat' dir='ltr'>vs.</span> <span class='ocrx_word' id='word_1_317' title='bbox 1314 2440 1370 2461; x_wconf 85' lang='lat'>10.</span> 
     </span>
    </p>

    <p class='ocr_par' dir='ltr' id='par_1_22' title="bbox 1238 2477 1912 2630">
     <span class='ocr_line' id='line_1_62' title="bbox 1297 2477 1910 2514; baseline -0.008 -1"><span class='ocrx_word' id='word_1_318' title='bbox 1297 2484 1353 2514; x_wconf 77' lang='lat'>16.</span> <span class='ocrx_word' id='word_1_319' title='bbox 1381 2481 1518 2513; x_wconf 76' lang='lat' dir='ltr'>Timidos</span> <span class='ocrx_word' id='word_1_320' title='bbox 1536 2479 1614 2514; x_wconf 79' lang='lat' dir='ltr'>cod.</span> <span class='ocrx_word' id='word_1_321' title='bbox 1634 2478 1828 2512; x_wconf 81' lang='lat' dir='ltr'>Beverl.--</span> <span class='ocrx_word' id='word_1_322' title='bbox 1847 2477 1910 2509; x_wconf 78' lang='lat' dir='ltr'><em>&#39;I&#39;u-</em></span> 
     </span>
     <span class='ocr_line' id='line_1_63' title="bbox 1238 2533 1910 2578; baseline -0.006 -12"><span class='ocrx_word' id='word_1_323' title='bbox 1238 2534 1349 2566; x_wconf 74' lang='lat' dir='ltr'>nudus.</span> <span class='ocrx_word' id='word_1_324' title='bbox 1374 2534 1447 2566; x_wconf 72' lang='lat' dir='ltr'>Hoc</span> <span class='ocrx_word' id='word_1_325' title='bbox 1468 2541 1533 2567; x_wconf 72' lang='lat' dir='ltr'>est,</span> <span class='ocrx_word' id='word_1_326' title='bbox 1560 2533 1768 2578; x_wconf 86' lang='lat' dir='ltr'>imperiosus</span> <span class='ocrx_word' id='word_1_327' title='bbox 1788 2543 1910 2563; x_wconf 82' lang='lat' dir='ltr'>navar-</span> 
     </span>
     <span class='ocr_line' id='line_1_64' title="bbox 1238 2583 1912 2630; baseline -0.006 -11"><span class='ocrx_word' id='word_1_328' title='bbox 1238 2588 1337 2620; x_wconf 72' lang='lat' dir='ltr'>chus.</span> <span class='ocrx_word' id='word_1_329' title='bbox 1357 2586 1487 2619; x_wconf 85' lang='lat' dir='ltr'>Similis</span> <span class='ocrx_word' id='word_1_330' title='bbox 1505 2595 1554 2618; x_wconf 81' lang='lat' dir='ltr'>est</span> <span class='ocrx_word' id='word_1_331' title='bbox 1574 2587 1672 2620; x_wconf 81' lang='lat' dir='ltr'>locus</span> <span class='ocrx_word' id='word_1_332' title='bbox 1691 2583 1785 2630; x_wconf 87' lang='lat' dir='ltr'>apud</span> <span class='ocrx_word' id='word_1_333' title='bbox 1805 2584 1912 2616; x_wconf 70' lang='lat' dir='ltr'>Juve-</span> 
     </span>
    </p>
   </div>
   <div class='ocr_carea' id='block_1_7' title="bbox 1240 2636 1910 2683">
    <p class='ocr_par' dir='ltr' id='par_1_23' title="bbox 1240 2636 1910 2683">
     <span class='ocr_line' id='line_1_65' title="bbox 1240 2636 1910 2683; baseline -0.004 -12"><span class='ocrx_word' id='word_1_334' title='bbox 1240 2640 1367 2677; x_wconf 75' lang='lat' dir='ltr'>nalem,</span> <span class='ocrx_word' id='word_1_335' title='bbox 1389 2641 1455 2673; x_wconf 72' lang='lat' dir='ltr'>Sat.</span> <span class='ocrx_word' id='word_1_336' title='bbox 1483 2651 1547 2679; x_wconf 82' lang='lat'>111,</span> <span class='ocrx_word' id='word_1_337' title='bbox 1571 2640 1664 2683; x_wconf 81' lang='lat'>317:</span> <span class='ocrx_word' id='word_1_338' title='bbox 1686 2656 1697 2666; x_wconf 74' lang='lat' dir='ltr'>n</span> <span class='ocrx_word' id='word_1_339' title='bbox 1718 2638 1804 2670; x_wconf 82' lang='lat' dir='ltr'>Nam</span> <span class='ocrx_word' id='word_1_340' title='bbox 1824 2636 1910 2669; x_wconf 80' lang='lat' dir='ltr'>mihi</span> 
     </span>
    </p>
   </div>
  </div>
 </body>
</html>
