1978 3305
386 239 965 282 EPIGRAMMATUM
998 240 1123 282 LIB.
1149 240 1296 282 VIII.

1448 240 1544 301 369

281 326 372 370 Nec
393 327 572 387 pateris,
595 327 763 378 Caesar,
791 325 946 370 saecula
967 341 1075 369 cana
1099 328 1234 380 niori3

209 397 358 452 Quum
387 405 555 440 veteres
583 397 717 439 Latiae
743 397 849 439 ritus
876 405 1142 439 renovantur
1172 412 1336 453 arenae,

279 468 337 509 Et
366 475 532 528 pugnat
561 467 698 509 virtus
723 465 985 526 simpliciore
1010 482 1155 510 manu.

210 537 281 579 Sic
304 537 456 597 priscis
478 546 675 580 servatur
697 536 838 579 honos
866 545 907 579 te
933 536 1116 596 praeside
1141 537 1336 598 templis,

278 608 334 649 Et
357 622 455 650 casa
476 617 563 650 tam
588 605 705 650 culto
732 605 812 649 sub
833 607 940 648 Jove
967 622 1128 649 numen
1155 607 1298 651 habet.

206 677 275 721 Sic
302 693 417 720 nova
442 676 546 720 dum
574 675 723 720 condis
740 709 752 729 ‚
776 690 977 727 revocas,
1002 677 1196 735 Auguste
1212 712 1223 729 ‚
1249 680 1392 738 priora
1413 697 1420 722 :

278 746 507 791 Debentur
527 762 622 806 quae
644 753 766 794 sunt,
792 760 972 804 quaeque
993 744 1114 788 fuere
1129 781 1139 800 ,
1166 746 1256 789 tibi.

280 880 384 928 Οὐδ’
413 887 532 945 ἕῤῥειν
562 885 656 935 ἐάας
684 884 782 932 ἤθεα
811 890 891 927 τῶν
917 886 1140 946 προγόνων·

215 942 232 956 ΕΙ

206 959 314 998 Οττι
342 951 624 1016 παλινδρομέει
650 953 704 998 τὰ
731 955 858 998 πάλαι
883 951 1042 1004 ςαδίοιο
1069 956 1246 999 Λατίνου

275 1026 452 1085 Τέθμια,
479 1026 545 1069 καὶ
567 1027 750 1085 μονόχειρ
780 1029 917 1085 ἠνορέη
946 1027 1135 1085 μάχεται.

218 1085 227 1096 v

206 1084 243 1138 Isi
266 1098 306 1138 τ’
331 1091 453 1146 αἰδὼς
480 1100 632 1146 πολιαῖς
655 1096 718 1139 ἐπὶ
743 1101 810 1137 σεῦ
835 1100 962 1138 ναοῖσι
987 1098 1183 1149 σέσωςαι,

1111 1163 1135 1188 fi

274 1167 358 1209 Καὶ
388 1163 566 1221 >toust-ri,
594 1173 692 1226 τιμῇ
720 1166 862 1217 Ζηνὸς,
890 1167 969 1225 ἔχει
998 1184 1038 1209 τι
1064 1169 1198 1218 σέοας.

203 1232 362 1287 Κτίζων
391 1231 441 1284 δὴ
472 1239 561 1288 νέα,
587 1238 771 1295 Καῖσαρ,
802 1236 999 1286 ἀνέςησας
1025 1235 1079 1279 τὰ
1103 1239 1271 1279 παλαιοί·

277 1307 344 1350 Σοὶ
371 1305 424 1350 τὰ
450 1307 598 1366 πάρος,
627 1307 680 1348 τοί
710 1323 753 1348 τε
783 1312 866 1362 νῦν,
897 1307 978 1356 ἐςὶν
1010 1308 1260 1366 ὀφειλόμενα.

189 1453 222 1475 2.
240 1441 309 1475 Nec
318 1444 451 1487 pateris.
470 1441 584 1475 Prisca
605 1440 727 1474 saecula
746 1452 805 1472 ex-

131 1493 249 1528 cidere
267 1507 309 1528 ex
322 1503 440 1528 nostra
456 1493 636 1527 memoria.
647 1493 806 1526 ——Cana.

131 1547 208 1581 Hoc
235 1555 287 1581 est
313 1548 477 1593 antiqua,
505 1557 632 1580 vetera.
656 1548 711 1579 An
739 1558 805 1591 pro

131 1600 248 1633 saecula
262 1613 409 1633 canorum
424 1613 549 1633 avorum
561 1604 580 1631 ,ὕ

186 1654 221 1687 3.
241 1654 344 1698 Quum
359 1662 487 1686 veteres.
512 1652 651 1685 Scilicet
672 1663 800 1697 pugna—

130 1714 257 1739 verunt
286 1706 370 1739 olim
403 1707 438 1739 in
478 1705 633 1739 romanis
667 1704 803 1749 amphi-

131 1758 273 1792 theatris
288 1767 323 1793 et
339 1759 484 1804 pugiles.
499 1759 636 1791 Volunt
657 1756 802 1803 quidam

131 1812 166 1844 in
188 1812 255 1845 hoc
277 1824 380 1845 versu
401 1824 466 1857 pro
488 1819 686 1849 renovantur,
712 1823 802 1842 reno-

132 1872 252 1905 t¹entur;
265 1865 349 1898 item
366 1865 403 1898 in
420 1864 576 1910 sequenti
588 1870 721 1908 pugnet,
734 1875 800 1908 pro

125 1926 262 1962 pugnat.
281 1918 471 1961 lumiliter,
489 1927 522 1951 et
537 1925 659 1950 contra
676 1916 800 1948 unani-

129 1982 221 2004 mem
241 1972 459 2016 scripturam.

185 2027 218 2063 4.
235 2024 429 2068 St'mpliciore
449 2035 554 2055 manu.
575 2021 705 2066 Pugnis
725 2030 799 2054 tan-

128 2083 224 2116 tum,
245 2086 279 2110 et
302 2077 478 2117 caestibus,
499 2087 571 2108 non
592 2075 705 2115 ferro,
727 2087 798 2107 non

129 2128 280 2162 tridente
291 2155 301 2171 ‚
320 2138 387 2163 etc.

184 2182 216 2215 5.
239 2182 294 2216 Sic
309 2184 423 2227 priscis
447 2189 596 2214 servatur.
622 2179 798 2221 Quemad-

129 2233 273 2267 modum
291 2234 393 2268 ludos
413 2242 545 2267 veteres
565 2245 729 2273 renova5‚
749 2233 798 2266 sic

129 2294 163 2319 et
185 2288 313 2332 templa
339 2288 481 2332 antiqua
507 2286 703 2327 veneraris,
730 2298 793 2318 nec

127 2338 212 2373 sinis
238 2352 327 2385 quos
347 2340 395 2372 ibi
415 2340 499 2372 olim
522 2339 681 2372 colebant
703 2340 794 2371 Deos

125 2392 263 2437 negligi.

180 2448 214 2478 6.
239 2445 362 2478 Nomen
391 2444 482 2477 habet
516 2444 552 2477 in
587 2442 795 2489 quibusdam

126 2495 206 2531 edd.
233 2506 316 2531 vett.
344 2505 378 2530 et
409 2497 456 2530 sic
481 2497 585 2530 etiam
610 2497 646 2529 in
669 2496 795 2528 Bever-

124 2549 221 2584 laudi
241 2550 315 2584 MS.
336 2548 420 2583 Vid.
440 2549 601 2582 Heinsius
624 2548 665 2582 ad
688 2547 793 2581 Ovid.

124 2602 269 2637 Heroid.
280 2604 380 2649 epist.
390 2615 443 2636 111
453 2628 461 2643 ‚
470 2615 504 2636 v.
518 2615 536 2647 7
545 2603 578 2643 8,
590 2601 734 2634 etTrist.
744 2601 779 2633 ΙΙ
788 2627 796 2642 ,

125 2669 159 2690 v.
172 2660 232 2697 40,
248 2657 413 2690 62.—Et
427 2669 514 2695 casa,
525 2663 590 2688 etc.
608 2655 680 2687 Nec
697 2653 798 2699 Jupi-

201 2732 263 2773 Il.

867 1447 920 1472 ter
935 1438 1089 1473 donariis
1109 1449 1298 1486 utcumque
1314 1441 1409 1476 dives
1421 1452 1453 1476 et
1469 1457 1539 1477 ma-

863 1492 998 1536 gnificis
1017 1493 1157 1537 templis
1175 1495 1308 1533 cultus,
1329 1495 1458 1529 fastidit
1473 1497 1538 1530 lm-

864 1545 982 1578 tnilem
1010 1558 1107 1579 suam
1135 1546 1170 1578 in
1201 1548 1374 1592 Capitolio
1396 1561 1507 1582 casam
1530 1563 1536 1583 :

862 1610 927 1631 nec
947 1598 1166 1632 Domitianus
1183 1599 1323 1644 Jupiter
1342 1609 1481 1642 noster,
1501 1603 1535 1635 in

863 1658 958 1683 tanta
976 1650 1207 1695 gladiatorum
1229 1653 1349 1698 copia,
1370 1653 1535 1700 dedigna-

862 1710 918 1736 tur
936 1712 1091 1748 spectare
1111 1705 1478 1752 pugiles.—--Namque
1499 1708 1533 1741 iu

862 1756 1037 1801 Capitolio
1065 1758 1154 1790 inter
1187 1758 1319 1791 tortiles
1343 1768 1377 1793 et
1399 1761 1533 1794 striata>

861 1817 894 1842 et
921 1810 1034 1842 omnis
1060 1809 1155 1843 modi
1183 1811 1391 1854 columnas,
1419 1815 1531 1847 casula

861 1870 933 1894 erat
955 1862 1034 1894 Jovi
1053 1875 1166 1904 sacra,
1185 1864 1306 1896 casulae
1324 1865 1417 1899 illius
1437 1867 1531 1900 simi-

858 1913 1044 1948 litudinem
1076 1917 1230 1949 referens
1262 1929 1363 1962 quam
1375 1943 1384 1959 ,
1419 1931 1528 1963 quum

860 1967 993 2000 Urbem
1004 1966 1186 2010 conderet,
1198 1970 1368 2003 Romulus
1377 1971 1457 2004 Jovi
1470 1971 1528 2004 de-

859 2019 1046 2054 dicaverat.
1058 2021 1126 2054 ED.
1137 2043 1188 2048 —
1196 2022 1274 2054 Tam
1284 2024 1368 2055 culto
1376 2024 1432 2056 sub
1440 2025 1528 2057 Jove.

858 2073 973 2114 Quem
993 2074 1160 2107 nimirum
1183 2083 1251 2107 tam
1273 2074 1407 2108 assidue
1424 2078 1508 2109 colis
1521 2104 1528 2117 ,

856 2134 890 2159 et
909 2127 963 2159 cui
983 2134 1034 2159 tot
1054 2135 1086 2159 et
1104 2135 1199 2160 tauta
1214 2126 1357 2162 donaria
1372 2130 1488 2163 offers.

911 2191 945 2223 7.
962 2180 1101 2212 Renovas
1113 2180 1149 2212 in
1166 2180 1298 2213 Beverl.
1314 2181 1388 2214 MS.
1404 2194 1469 2227 pro
1483 2195 1528 2214 re-

857 2245 964 2270 meas,-
981 2244 1056 2277 quae
1073 2231 1144 2264 duo
1161 2233 1266 2265 verba
1282 2241 1315 2266 et
1332 2234 1366 2266 in
1383 2235 1458 2267 aliis
1470 2247 1527 2268 sa?-

852 2284 993 2329 pissime
1012 2293 1204 2329 permutata
1225 2285 1331 2318 fuere.
1352 2286 1444 2320 Vide
1463 2300 1525 2321 nos

853 2335 895 2369 ad
905 2336 1110 2377 Tibull.IV,
1129 2350 1141 2370 1
1152 2363 1159 2377 ,
1175 2350 1188 2370 1
1203 2350 1215 2370 ἰ
1227 2341 1245 2377 4
1258 2363 1266 2378 ,
1277 2351 1352 2384 pag.
1365 2340 1523 2373 258.En.

853 2388 958 2422 —Sic
967 2403 1046 2421 nova
1055 2389 1296 2434 dum....pre'ora.
1309 2392 1526 2426 Domitiana<

853 2442 954 2487 plura
979 2442 1105 2488 templa
1125 2441 1300 2485 condidit,
1319 2452 1423 2490 atque
1439 2447 1527 2479 anti-

855 2507 921 2540 qua
943 2495 1042 2539 plura
1061 2497 1276 2529 restauravit.
1296 2496 1379 2530 Vid.
1401 2497 1524 2532 Sueto-

856 2547 935 2580 nius
956 2547 992 2580 in
1022 2548 1234 2581 Domitiano.
1260 2551 1374 2595 Atque
1394 2551 1458 2592 ita,
1479 2552 1525 2585 ait

858 2600 983 2640 Poeta,
1019 2599 1062 2633 ad
1082 2601 1198 2633 omnia
1223 2602 1421 2647 reipublicae
1446 2613 1528 2637 tem-

857 2665 943 2698 pora
963 2654 1035 2697 ejus
1053 2653 1161 2698 gloria
1183 2655 1346 2700 pertinet.

1237 2731 1297 2782 24
