1978 3305
355 221 942 265 EPIGRAMMATUM
980 221 1102 262 LIB.
1130 221 1214 263 VI.

1402 237 1493 282 ¹79

227 307 345 366 Quid
367 317 410 352 te
438 306 751 369 Cappadocum
781 322 855 351 sex
884 322 994 351 onus
1019 322 1110 350 esse
1132 306 1285 367 juvat?

158 378 354 434 Rideris,
381 376 606 438 multoque
637 377 773 438 inagis
807 376 1068 431 traduceris‚
1094 376 1217 433 Afer,

224 449 370 506 Quam
397 447 539 491 nudus
570 447 713 491 medio
741 448 775 491 si
805 449 989 508 spatiere
1014 446 1124 490 foro.

154 519 257 563 Non
284 517 409 562 aliter
433 527 702 562 monstratur
723 517 842 561 Atlas
868 533 967 561 cum
995 533 1200 578 compare
1226 519 1379 579 ginn03

227 589 424 649 Quaeque
450 588 571 631 vehit
595 586 776 631 similem
803 586 946 630 bellua
972 588 1093 647 nigra
1120 588 1273 648 Libyn.

155 659 376 703 Invidiosa
402 658 478 702 tibi
499 673 628 718 quam
652 659 706 701 sit
726 655 898 712 lectica,
919 656 1130 717 requiris?

224 731 327 773 Non
351 728 482 772 debes
507 727 610 771 ferri
634 736 833 771 mortuus
856 726 1124 787 hexaphoro.
1464 760 1494 776 ω

85 847 283 883 adolescens
305 861 429 895 parum
451 847 598 881 feliciter
615 859 761 893 pugnas·

85 911 157 944 set,
174 903 220 936 ob
239 901 347 936 aetatis
368 901 642 935 imbecillitatem
654 925 664 941 .‚
680 912 761 934 con-

84 955 229 988 firmatis
237 963 357 1000 postea
365 953 510 993 viribus,
523 966 630 999 quum
643 953 761 999 Smyr-

84 1008 150 1041 naei
167 1008 323 1052 publicos
338 1006 480 1040 ederent
497 1005 618 1047 ludos,
634 1005 671 1038 in
686 1018 760 1039 are-

84 1073 163 1094 nam
184 1059 386 1101 descendit,
409 1067 443 1093 et
462 1058 585 1092 eodem
608 1058 667 1092 die
688 1071 759 1092 non

84 1114 198 1147 solum
209 1126 268 1147 eos
280 1139 290 1154 ‚
307 1125 324 1146 a
338 1113 465 1159 quibus
475 1120 574 1146 antea
586 1111 622 1144 in
639 1112 761 1157 Olym-

83 1166 170 1212 picis
198 1166 310 1199 victus
338 1167 450 1199 fuerat
464 1191 474 1207 ‚
503 1177 625 1198 verum
655 1164 759 1198 etiarn

84 1218 320 1253 adolescentes
331 1218 429 1260 alios,
443 1231 482 1252 ac
495 1218 588 1251 viros
600 1217 760 1251 omnium

83 1271 337 1305 valentissimos
361 1271 541 1317 pancratio
570 1270 758 1316 superavit.

85 1325 174 1358 Hinc
188 1337 265 1358 voc.
283 1324 484 1370 explicabis,
501 1336 595 1370 quum
607 1325 758 1357 vinceret.

139 1382 172 1418 4.
194 1377 285 1422 Quid
298 1385 327 1409 te
346 1377 583 1423 Cappadocum,
603 1384 671 1410 etc.
687 1377 760 1411 Cur

82 1438 121 1464 tu
136 1424 286 1477 perinde
304 1443 343 1464 ac
361 1430 458 1463 dives
477 1441 565 1463 esses
583 1441 690 1462 senex
704 1430 760 1463 vel

84 1496 172 1529 oeger
183 1508 192 1525 ‚
206 1484 348 1529 gestaris
360 1483 566 1528 hexaphoro
576 1507 586 1524 ,
603 1482 759 1517 lecticam

83 1536 316 1570 subeuntibus
333 1549 392 1570 sex
414 1536 522 1569 servis
538 1548 557 1569 e
577 1535 759 1581 Cappado-

84 1589 136 1624 cia
152 1597 256 1635 gente
274 1587 319 1622 ad
337 1589 540 1623 servitutem
559 1588 664 1621 nata?

139 1642 172 1676 5.
184 1645 276 1688 Aper
284 1641 392 1676 codex
404 1641 640 1675 Florentinus.
649 1642 761 1687 Apher-

82 1695 121 1729 in
135 1694 218 1729 edd.
236 1703 322 1729 vett.
337 1716 389 1721 —-
406 1695 607 1728 Traduceris.
624 1695 677 1727 De
692 1695 759 1728 hoc

82 1749 192 1782 verbo
208 1747 287 1782 vide
303 1760 379 1794 quae
395 1747 548 1781 diximus
564 1747 626 1781 lib.
640 1747 757 1793 Spect.

83 1801 194 1848 epigr·
221 1813 269 1835 Π.

138 1867 172 1898 7.
184 1854 264 1888 Cum
274 1867 416 1899 compare
426 1854 532 1886 mullo.
545 1852 664 1887 Codex
676 1854 757 1887 Vat.

84 1906 205 1941 Codex
229 1907 412 1940 Pulmanni
424 1931 434 1948 ‚
460 1918 540 1938 cum
565 1906 641 1939 aliis
669 1914 756 1940 vett.

84 1960 295 1993 membranis
318 1972 325 1992 :
344 1973 411 1992 cum
431 1972 573 2004 compare
589 1959 695 2003 gibbo.
715 1961 757 1992 In

83 2011 165 2046 edd.
181 2021 266 2046 vett.
283 2025 350 2045 cum
367 2025 510 2057 compare
525 2012 618 2044 mulo.
637 2012 758 2046 Lectio

83 2073 203 2099 nostra
213 2064 362 2098 debetur
372 2064 556 2098 Scriverio.
568 2064 662 2098 Vide
672 2065 756 2098 Var.

84 2118 203 2152 Notas.
215 2140 268 2145 ——
279 2118 355 2153 Non
367 2119 461 2150 aliter
473 2126 674 2159 monstratur,
688 2125 754 2152 etc.

85 2170 154 2203 Pro
173 2171 237 2205 hac
253 2171 404 2204 lectione
421 2184 461 2204 ex
476 2170 580 2204 variis
598 2170 700 2204 bonis
713 2170 756 2203 li-

84 2223 157 2256 bris
181 2233 313 2269 pugnat
341 2225 430 2269 Aug.
459 2223 652 2257 Politianus
678 2236 754 2269 cap.

89 2280 131 2309 23
146 2276 216 2309 hoc
232 2289 333 2310 sensu
349 2288 357 2309 ε
372 2276 407 2309 Si
424 2275 568 2322 quando
584 2277 680 2310 Atlas
695 2289 756 2309 na-

85 2341 150 2362 nus
172 2325 358 2371 (Juvenal.
382 2329 477 2362 satir.
500 2341 594 2370 vm,
616 2341 666 2362 vs.
694 2326 757 2369 31)

85 2382 182 2414 mulo
209 2382 344 2427 pumilo
372 2390 406 2415 et
429 2394 592 2427 compare
618 2390 738 2415 utatur
749 2408 757 2423 ‚

84 2434 190 2480 vulgo
213 2433 349 2468 ridetur
361 2460 370 2475 ,
399 2443 439 2467 ut
464 2442 499 2468 et
527 2435 671 2468 Maurus
698 2435 758 2467 ubi

86 2487 308 2521 concolorem
329 2487 395 2521 sibi
421 2487 648 2533 elephantum
674 2499 758 2520 con-

86 2538 222 2574 scendit
250 2551 257 2573 :
286 2540 335 2574 sic
362 2540 444 2573 Afer
468 2540 595 2573 merito
622 2539 760 2574 ridetur

87 2593 146 2638 qui
172 2605 327 2639 pauper,
354 2593 490 2638 juvenis
513 2601 547 2626 et
572 2593 691 2631 sortis,
716 2592 758 2626 ab

88 2645 162 2678 aliis
184 2647 370 2690 juvenibus
398 2659 466 2681 suae
495 2658 605 2691 prope
636 2644 758 2679 condi·

820 846 925 880 tionis
944 854 1108 892 gestatur.
1135 847 1187 880 Ex
1208 847 1332 882 intima
1352 850 1494 895 quidem

818 900 935 933 Poetae
962 907 1092 935 mente.
1111 900 1262 942 Quando
1285 910 1399 936 tamen
1423 899 1493 948 (vel

818 952 896 998 ipso
918 951 1072 993 fatente)
1101 953 1136 986 in
1161 953 1262 987 MSS.
1285 956 1494 991 venerandae

819 1006 1001 1039 vetustatis
1030 1018 1141 1051 prope
1170 1006 1334 1041 omnibus
1360 1009 1495 1055 legatur

816 1059 924 1103 gibbo,
943 1058 1126 1103 primatem
1141 1060 1400 1106 palmaremque
1413 1075 1495 1096 con-

817 1110 959 1144 ciliandi
973 1111 1254 1158 restituendique
1268 1113 1386 1158 hujus,
1402 1115 1494 1149 inter

818 1164 883 1197 alia
910 1164 1082 1209 plurima,
1110 1165 1177 1197 loci
1203 1166 1346 1210 gloriam
1373 1168 1494 1202 retulit

816 1217 1053 1262 sagacissimus
1079 1218 1116 1250 P.
1143 1217 1354 1262 Scriverius,
1376 1221 1436 1266 qui
1455 1220 1493 1255 in

817 1269 1181 1305 animadversionibus
1190 1271 1260 1305 suis
1270 1274 1410 1318 reponit
1418 1275 1493 1318 gin-

817 1335 867 1361 no,
887 1323 954 1357 hoc
967 1331 1027 1360 est,
1042 1335 1152 1368 parvo
1168 1324 1280 1366 mulo,
1298 1333 1382 1359 teste
1401 1326 1492 1360 Plin.

817 1376 927 1418 vm,
946 1377 1026 1418 ,483
1051 1376 1158 1410 Arist.
1183 1377 1300 1411 Anim.
1322 1379 1396 1420 VI,
1424 1383 1493 1421 24,

816 1427 912 1474 quod
926 1441 967 1462 ex
980 1429 1194 1462 interlineari
1208 1430 1320 1475 glossa
1334 1431 1390 1464 vel
1400 1445 1492 1466 mar·

815 1482 898 1525 gine
918 1481 954 1515 in
982 1489 1116 1515 textum
1135 1482 1315 1528 irrepsisse
1338 1483 1491 1519 videtur.

817 1534 910 1568 Vide
929 1535 991 1568 lib.
1011 1535 1112 1577 XIV,
1131 1536 1242 1581 epigr.
1262 1548 1392 1570 cxcvn.

872 1590 906 1622 8.
927 1588 1062 1628 Bellua,
1085 1596 1150 1622 etc.
1171 1589 1333 1634 Elephas.

872 1654 906 1685 9.
920 1641 1080 1674 Invidiosa
1092 1665 1100 1678 ,
1115 1650 1180 1674 etc.
1193 1642 1260 1675 Vel
1274 1651 1414 1677 mortuo
1428 1643 1490 1677 tibi

817 1692 1033 1728 invideretur
1063 1693 1325 1740 hexaphorum,
1360 1695 1493 1730 nedum

817 1746 916 1788 vivo,
941 1755 1011 1780 tam
1036 1748 1201 1793 pauperi,
1227 1748 1285 1782 cui
1311 1749 1492 1784 efferendo

817 1800 924 1844 magis
951 1800 1157 1834 conveniret
1180 1800 1370 1847 sandapila.
1397 1802 1491 1837 Vide

815 1851 878 1885 lib.
899 1854 955 1894 Il,
976 1853 1086 1898 epigr.
1108 1865 1224 1886 Lxxxl.

875 1918 932 1938 10.
957 1905 1032 1939 Non
1059 1906 1149 1938 debes
1166 1907 1252 1948 ferri
1273 1915 1423 1941 mortuus.
1446 1907 1490 1941 Id

816 1966 888 1999 est,
909 1971 981 1991 non
1004 1959 1159 1992 effereris
1180 1959 1407 2004 hexaphoro,
1430 1960 1490 1994 sed

817 2009 1017 2057 sandapila3
1043 2012 1178 2057 quippe
1204 2024 1313 2057 quum
1339 2013 1384 2046 sis
1410 2025 1490 2058 per-

817 2076 900 2096 sona
932 2064 1009 2097 vilis
1039 2072 1074 2098 et
1102 2064 1231 2098 infimae
1264 2066 1490 2110 paupertatis.

816 2116 1071 2158 Hellenisrnus,
1099 2118 1173 2151 Non
1203 2117 1292 2150 debes
1315 2119 1421 2161 ferri,
1456 2121 1489 2152 οὐ

817 2171 940 2214 ninam
961 2171 1194 2211 βαστάζεσθαι.
1207 2170 1421 2204 Jocabantur
1431 2184 1492 2205 au-

817 2231 886 2255 tem
906 2223 1069 2256 nonnulli
1088 2223 1123 2255 in
1141 2235 1199 2256 eos
1218 2222 1277 2268 qui
1297 2223 1419 2257 lectica
1431 2237 1489 2258 ve-

818 2275 1010 2315 hebantur,
1042 2283 1207 2321 tanquam
1237 2275 1274 2308 in
1305 2285 1463 2310 mortuos
1478 2302 1487 2317 ‚

817 2327 911 2373 quod
928 2336 962 2361 et
978 2327 1015 2360 hi
1030 2328 1150 2361 lectica
1170 2328 1391 2362 efferrentur.
1407 2330 1492 2362 Her.

818 2400 870 2406 —
881 2381 955 2414 Non
968 2379 1070 2413 debes.
1085 2380 1182 2422 Quid
1195 2381 1239 2414 sit
1249 2381 1491 2428 hexaphorum

819 2433 955 2467 dictum
971 2433 1032 2467 lib.
1051 2434 1107 2473 II,
1125 2433 1234 2479 epigr.
1255 2447 1376 2469 Lxxxr.
1397 2435 1492 2469 Divi-

820 2495 868 2520 tes
879 2486 1009 2519 mortui
1025 2486 1262 2520 efferebantur
1273 2487 1490 2534 hexaphoro.

820 2551 988 2585 pauperes
1003 2551 1087 2573 vero
1101 2538 1279 2585 sandapila
1289 2566 1297 2579 ,
1314 2553 1384 2586 qua
1398 2553 1492 2574 mor-

820 2601 899 2626 tuus
920 2592 978 2625 hic
999 2592 1084 2625 Afer
1104 2592 1303 2627 efferendus
1324 2601 1415 2635 erat,
1436 2601 1492 2626 ut-

818 2653 899 2690 pote
913 2657 1058 2691 pauper.

1271 2715 1282 2730 2

1199 2733 1253 2760 12
