1978 3305
397 245 969 292 EPlGRAMMATUM
1009 246 1070 288 Ll
1086 247 1133 287 Β.
1174 245 1259 287 ΙΧ.

1426 243 1516 304 391

734 399 912 454 XXI.

580 555 602 582 Α
621 556 647 582 1)
694 553 1026 582 DOMITIANI}
1042 553 1088 580 M.

198 688 331 740 Ham,
351 701 444 745 quae
469 694 560 728 tota
584 694 721 744 patet,
741 685 989 744 tegiturque
1009 693 1052 726 et
1072 698 1289 727 marmore
1309 693 1351 726 et
1372 699 1477 726 auro
1490 718 1500 735 ‚

264 755 445 798 Infantis
472 754 634 798 domini
661 755 834 798 conscia
863 763 978 797 terra
1004 752 1100 796 fuit.

194 826 332 880 Felix,
354 841 448 885 quae
475 826 602 868 tantis
627 826 771 868 sonuit
796 824 1036 884 vagitibus,
1058 832 1100 866 et
1121 839 1215 883 quae

264 894 389 938 Vidit
418 905 660 955 reptantes,
688 896 974 955 sustinuitque
1001 891 1178 938 manus!

194 966 276 1009 Hic
299 975 475 1009 steterat
498 965 746 1009 veneranda
766 965 920 1009 doinus
935 1000 946 1020 ,
976 980 1070 1025 quae
1094 965 1292 1025 praestitit
1319 963 1435 1015 orbi,

262 1036 395 1092 Quod
427 1036 630 1090 Rhodos,
660 1035 858 1079 astrifero
887 1035 1003 1096 quod
1035 1036 1104 1096 pia
1134 1036 1265 1079 Creta
1299 1032 1413 1094 polo.

195 1106 376 1150 Curetes
404 1116 550 1150 texere
574 1109 726 1150 Joveni
749 1106 1060 1167 crepitantibus
1087 1106 1241 1157 armis,

196 1239 274 1294 HS?
299 1252 507 1312 ἐπίχρυσος
534 1255 604 1298 ὅλη
622 1285 632 1303 ‚
660 1253 725 1294 καὶ
747 1246 885 1311 λυγδῳ
911 1256 1021 1294 πᾶσα
1048 1253 1232 1297 καλυπττ

265 1324 322 1369 Γῆ
349 1318 621 1382 χΟυριζΟμΕνΟυ
649 1339 801 1381 μαρτυς
828 1339 998 1371 ανακτῡς
1025 1323 1104 1364 ΕὪν.

195 1382 348 1445 Ολςίη,
374 1391 397 1439 ἢ
427 1387 627 1435 παιδνῡῖσῑ.
655 1391 928 1450 xotssnzrflsmot
951 1396 1142 1452 Yoxo'wssg

262 1452 513 1521 Ερπυζὺντος
539 1464 633 1509 ἔτλη
658 1466 769 1522 γυῖα,
792 1463 857 1505 καὶ
883 1479 1106 1523 ἠυγασαῒῡ

193 1522 343 1574 Ενθαδ,
370 1535 434 1579 gig-m)
463 1532 610 1592 Οἴκηυᾱ.
636 1529 873 1591 ceeoefflmov
900 1534 997 1591 ό,ῤῥ
1028 1534 1222 1574 ave-ceux&

265 1590 317 1652 ὅ
321 1619 390 1644 ττι
420 1594 572 1655 Ρόδος,
601 1603 666 1645 καὶ
694 1610 744 1663 γῆ
771 1605 926 1662 Κρῆσσ’
954 1597 1126 1644 ἀνέδωκε
1155 1602 1281 1656 πόλῳ.

193 1674 270 1715 Τὸν
294 1672 368 1715 Δία
396 1675 599 1734 Κούρητες
626 1674 798 1734 πατάγῳ
825 1676 1013 1732 ῥύσαντο,
1045 1674 1240 1732 sppjseccv.

181 1837 195 1858 1
205 1851 212 1857 .
226 1825 321 1864 Haec,
337 1838 406 1870 quce
420 1832 483 1856 tota
498 1833 598 1869 patet.
616 1825 691 1858 Illic
705 1824 796 1857 enim

124 1876 308 1911 conditum
326 1885 378 1910 est
393 1877 562 1923 templum
579 1877 704 1910 Flaviae
719 1889 796 1922 gen·

124 1931 168 1964 tis
191 1942 426 1963 marmoreum
451 1938 553 1976 atque
577 1930 772 1964 inauratum
786 1955 794 1969 ‚

125 1981 222 2028 quod
243 1991 387 2028 possunt
408 1995 527 2016 omnes
545 1981 651 2016 adire.

182 2048 213 2068 2.
233 2036 370 2079 Infamis
388 2035 515 2069 domini.
538 2035 604 2069 Hic
624 2036 720 2069 locus
737 2049 797 2068 na-

125 2097 276 2122 scentem
298 2089 537 2122 Domitianum
556 2089 700 2134 excepit.

180 2141 214 2174 3.
235 2142 329 2174 Felix
353 2155 372 2174 o
395 2145 490 2175 tantis
510 2140 564 2174 ed.
593 2141 699 2186 antiq.
721 2142 800 2174 Fer-

125 2206 193 2226 rar.
210 2205 263 2226 an.
279 2207 293 2228 1
304 2198 348 2239 47
358 2207 389 2227 1.
403 2194 577 2227 Gruterus
591 2194 798 2240 scripturam

127 2245 271 2279 Palatini
298 2247 446 2291 probat,
468 2247 613 2292 legentis
638 2258 646 2279 :
669 2247 701 2280 O
714 2247 799 2289 felix

127 2300 251 2343 quantis
268 2301 373 2331 sonuit
388 2300 561 2343 vagitibus,
578 2307 607 2331 et
621 2312 708 2345 quas.
727 2300 799 2332 Nec

127 2349 267 2384 dubitat
276 2349 320 2384 de
332 2351 475 2384 veritate
486 2351 589 2395 hujus
603 2351 782 2397 scripturae
791 2378 800 2394 ‚

127 2415 235 2448 quum
252 2403 282 2436 ei
302 2403 582 2449 patrocinentur,
593 2412 627 2437 et
637 2404 732 2449 quasi
745 2417 800 2438 co·

127 2456 283 2489 lumnam
301 2465 503 2501 supponant
533 2456 697 2489 omnibus
722 2457 792 2490 lite-

127 2509 175 2542 ris
198 2509 408 2542 membranae
428 2508 520 2550 aliae,
542 2517 575 2542 et
599 2507 705 2542 editio
725 2521 798 2542 om-

129 2561 226 2595 nium
243 2561 490 2606 antiquissima.
511 2583 561 2587 —
575 2562 656 2605 Quae
680 2565 773 2594 tantis
789 2589 795 2599 ,

129 2623 194 2648 etc.
215 2614 304 2655 Quae
321 2615 471 2660 suscepit
491 2613 743 2653 Domitianum,
760 2623 798 2647 ut

131 2665 272 2700 Rhodos
301 2668 500 2713 Neptunum
516 2694 523 2707 ‚
552 2677 586 2700 ut
610 2668 710 2701 Creta
739 2668 797 2699 Jo-

857 1837 946 1857 vem.
970 1824 1058 1863 Vel,
1088 1835 1164 1868 quae
1189 1836 1259 1856 non
1292 1823 1409 1856 minus
1442 1836 1529 1869 praeu

857 1877 943 1910 stitit
970 1876 1047 1908 orbi
1071 1902 1079 1915 ‚
1110 1884 1269 1920 suscepto
1302 1876 1504 1909 Domitiano
1520 1902 1529 1917 ,

856 1941 960 1974 quain
982 1928 1124 1962 Rhodos
1151 1936 1185 1962 et
1201 1929 1305 1962 Creta
1326 1930 1428 1970 caelo,
1443 1930 1530 1962 Jove

856 1990 1026 2027 suscepto,
1055 1979 1186 2015 Rhodii
1221 1982 1313 2015 enim
1342 1981 1529 2015 Telchines

859 2034 963 2068 iidem
986 2035 1045 2080 qui
1080 2035 1234 2069 Curetes.
1257 2033 1341 2067 Vid.
1365 2035 1444 2068 libr.
1466 2035 1531 2073 IV,

859 2088 966 2133 epigr.
989 2100 1022 2128 1,
1045 2101 1093 2121 vs.
1119 2100 1150 2120 2.

913 2153 945 2185 7.
964 2141 1123 2174 Cretenses
1146 2148 1245 2172 terere
1265 2139 1371 2172 Jovem
1392 2139 1425 2172 in
1449 2138 1528 2172 Ald.

858 2195 957 2226 Juut.
979 2193 1094 2226 Colin.
1118 2192 1254 2237 Gryph.
1277 2192 1390 2224 Pulm.
1415 2191 1525 2225 Plaut.

858 2246 997 2279 Junian.
1029 2246 1135 2290 Lang.
1158 2245 1284 2289 Delph.
1305 2252 1368 2277 etc.
1393 2265 1443 2270 —
1465 2243 1530 2277 Cu-

859 2308 946 2331 retes.
963 2298 1110 2344 Cyheles
1128 2296 1322 2330 sacerdotes
1333 2296 1393 2342 qui
1406 2297 1426 2329 J
1431 2308 1531 2329 ovem

858 2352 945 2385 clam
963 2350 1174 2384 subductum
1196 2349 1344 2382 Saturno
1370 2349 1531 2382 aluerunt

859 2405 894 2436 in
916 2404 1018 2437 Creta
1032 2403 1155 2436 insula.
1175 2402 1273 2435 Hanc
1293 2401 1444 2435 fabulam
1459 2402 1530 2446 leg(-

859 2456 949 2502 apud
983 2455 1139 2488 Natalem
1170 2455 1341 2488 Comitem
1368 2455 1429 2487 lib.
1462 2455 1532 2493 IX,

859 2522 933 2554 cap.
953 2522 972 2552 7
986 2534 995 2548 ‚
1013 2517 1047 2540 et
1062 2508 1201 2541 Lucret.
1220 2507 1279 2540 lib.
1296 2508 1351 2548 ΙΙ,
1365 2508 1453 2547 633,
1469 2507 1529 2539 ubi

858 2561 900 2594 de
932 2561 1116 2594 Curetibus
1151 2561 1199 2594 sic
1225 2561 1411 2605 loquitur:
1443 2560 1531 2605 «qui

859 2615 953 2646 Jovis
970 2614 1065 2646 illum
1077 2614 1239 2658 Vagitum
1256 2613 1290 2645 in
1300 2613 1402 2647 Creta
1418 2625 1534 2658 quon-

859 2666 936 2700 dam
974 2667 1163 2700 occultasse
1199 2667 1358 2700 feruntur
1372 2692 1380 2706 ,
1415 2667 1531 2706 Quum

1242 2738 1288 2753 »1⁴

1201 2756 1259 2781 25)
