1978 3305
509 221 602 273 242

877 217 939 260 M.
963 217 1104 260 VAL.
1144 217 1534 262 MARTIALIS

716 306 801 348 Pro
831 305 990 348 mensis
1017 303 1150 348 habet
1169 304 1337 348 Annius
1361 305 1608 362 ministros;

713 377 1036 418 Transcurrunt
1064 373 1230 434 gabatae
1246 408 1258 429 ‚
1277 373 1514 435 volantque
1537 375 1694 420 lances.

716 447 805 488 Has
836 444 958 488 vobis
982 443 1132 505 epulas
1158 443 1341 501 habete,
1366 444 1486 489 lauti.

713 516 805 559 Nos
831 514 1096 558 offendimur
1123 513 1371 558 ambulante
1395 531 1531 558 coena.

506 661 565 683 rus
584 656 698 682 certus
725 646 917 693 adponitur
937 659 1003 693 pro
1028 647 1176 681 incerto.

561 714 594 735 2.
622 701 689 734 Pro
707 702 828 734 mensis.
850 700 927 734 Hoc
949 708 1020 741 est,
1041 712 1177 734 mensa-

505 767 584 788 rum
603 753 736 787 vicibus
751 753 944 799 funguntur
963 753 994 786 ei
1011 753 1178 795 ministri,

505 807 601 841 cibos
629 815 662 840 et
696 807 841 852 opsonia
872 806 908 839 in
935 806 1068 851 gabatis
1106 806 1178 839 sive

504 858 750 906 paropsidibus
775 859 1062 893 circumferentes
1077 883 1088 900 ,
1111 871 1177 892 nec

506 911 697 958 quidquam
715 919 899 958 apponunt
917 912 1083 946 convivis.
1091 912 1182 945 Tur-

504 966 634 1007 nebus,
652 966 715 998 lib.
733 966 850 1007 XXV,
868 977 943 1011 cap.
966 968 1011 1004 24
1025 991 1034 1006 ‚
1053 964 1102 998 sic
1120 975 1179 998 ex-

506 1019 612 1064 plicat
626 1018 689 1051 hos
708 1031 836 1051 versus.
853 1018 961 1058 Puto,
981 1017 1116 1062 inquit,
1133 1017 1179 1050 ita

505 1069 772 1116 intelligendum
790 1083 798 1104 :
822 1078 1015 1116 suppetunt
1034 1069 1085 1102 illi
1103 1070 1180 1116 plu-

505 1124 602 1157 rimae
623 1136 749 1157 mensae
771 1122 812 1156 ad
835 1122 1022 1163 ducentas,
1038 1135 1110 1156 non
1133 1130 1180 1156 ta-

506 1189 587 1210 men
619 1177 655 1209 in
679 1176 728 1210 eis
758 1175 903 1221 opsonia
929 1175 1096 1221 reponit:
1119 1173 1180 1209 sed

507 1241 562 1263 eas
576 1241 713 1275 semper
726 1229 816 1262 servi
830 1235 975 1273 gerunt,
988 1240 1054 1262 nec
1069 1228 1181 1274 epulis

1237 647 1310 681 frui
1329 655 1476 693 possunt
1498 648 1668 689 convivae,
1686 648 1735 682 ita
1755 648 1910 683 ambula-

1236 700 1364 733 toriam
1401 712 1534 734 coenam
1571 700 1689 746 potius
1726 708 1884 746 spectant
1900 727 1910 743 ‚

1237 765 1340 798 quam
1353 752 1562 795 comedunt3
1574 765 1683 798 quum
1695 753 1848 786 ministri
1859 765 1912 787 ce-

1236 805 1356 839 leriter
1382 805 1585 852 paropsides
1609 814 1645 839 et
1668 806 1805 851 gabatas
1833 814 1912 840 ante

1238 859 1400 892 convivas
1431 859 1619 903 praeferant
1631 884 1640 900 ‚
1676 866 1741 892 etc.
1774 859 1912 893 Mensas

1239 912 1394 958 accipere
1408 910 1550 945 videtur
1565 912 1751 945 Turnebus
1768 924 1834 957 pro
1852 924 1911 957 ga-

1238 964 1328 998 batis
1342 964 1427 1010 ipsis
1445 972 1480 997 et
1498 965 1654 998 lancibus
1670 964 1817 998 escariis.

1294 1017 1327 1050 5.
1345 1017 1414 1050 Nos
1430 1017 1633 1059 offendimur:
1650 1017 1740 1059 Quia
1755 1016 1912 1051 ambula-

1239 1069 1339 1103 toriis
1365 1069 1422 1103 his
1453 1070 1566 1115 epulis
1591 1070 1664 1103 frui
1687 1082 1760 1104 non
1786 1081 1912 1116 possu-

1237 1135 1316 1156 mus
1330 1147 1341 1164 ‚
1363 1130 1398 1156 et
1413 1122 1630 1168 praeferimus
1648 1134 1782 1156 coenam
1804 1134 1912 1169 appo-

1238 1175 1339 1209 sitam
1350 1200 1360 1216 ,
1373 1187 1443 1221 qua
1458 1175 1583 1209 famem
1598 1184 1633 1209 et
1645 1184 1826 1217 ventrem,
1839 1187 1911 1209 non

1239 1229 1358 1262 oculos
1370 1240 1562 1274 pascamus.
1576 1228 1644 1261 En.

1095 1363 1332 1419 XLIX.

1024 1514 1092 1541 AD
1131 1513 1397 1542 SEVERUM.

577 1635 748 1678 PARVA
774 1631 1011 1676 suburbani
1037 1630 1297 1675 munuscula
1323 1630 1534 1674 mittimus
1562 1630 1702 1675 horti:

642 1703 858 1747 Faucibus
883 1717 968 1746 ova
990 1702 1101 1758 tuis;
1129 1717 1284 1762 poma,
1307 1702 1465 1745 Severe
1481 1736 1493 1757 ,
1518 1700 1642 1763 gulae.

561 1856 574 1876 1
584 1869 592 1876 .
610 1843 720 1875 Pauca
734 1841 905 1874 suburbani
915 1840 1056 1874 exhibet
1069 1838 1178 1874 codex

503 1895 692 1929 Palatinus.
717 1893 809 1928 Vide
833 1895 992 1939 Interpp.
1021 1892 1065 1926 ad
1090 1893 1177 1926 Pro-

503 1957 594 1995 pert.
620 1949 685 1991 IV,
709 1959 769 1989 10,
801 1958 864 1989 203
884 1945 989 1980 Ovid.
1012 1946 1098 1980 Met.
1116 1947 1151 1979 II
1168 1971 1177 1987 ‚

507 2003 599 2047 788,
621 2001 798 2043 Fast.111,
814 2001 860 2034 66
881 2009 915 2033 et
933 1999 1035 2033 Pont.
1054 2000 1127 2040 ΙΙΙ,
1145 2011 1177 2039 1,

508 2057 571 2097 60,
585 2063 619 2088 et
631 2055 750 2088 Burm.
768 2052 811 2086 ad
828 2053 917 2087 Fast.
939 2053 1012 2094 ΙΙΙ,
1036 2064 1115 2095 ¹92-

1175 2185 1233 2240 L.

1293 1852 1327 1873 α.
1349 1840 1509 1874 Faucibus
1536 1853 1604 1874 ονα.
1637 1840 1714 1875 Hoc
1741 1848 1812 1881 est,
1832 1853 1908 1887 quae

1237 1901 1305 1927 tuae
1340 1893 1499 1927 raucitati
1530 1892 1735 1927 medeantur
1754 1887 1765 1938 (
1785 1902 1910 1927 notum

1237 1947 1370 1992 quippe
1380 1959 1483 1992 quam
1492 1945 1536 1980 ad
1549 1946 1774 1981 molliendam
1789 1958 1911 1979 vocem

1237 2011 1301 2032 ova
1320 1993 1595 2046 saciant);poma
1608 2008 1741 2040 autem,
1759 2011 1836 2046 quae
1850 2012 1910 2046 pa·

1237 2052 1308 2085 lato
1317 2061 1411 2097 grata
1422 2053 1489 2088 sint
1498 2077 1507 2093 ,
1518 2053 1713 2099 famemque
1721 2052 1910 2087 stimulent.

849 2335 917 2363 AD
955 2334 1174 2363 FONTEM
1217 2315 1564 2364 IANT1111)OS.*

570 2459 692 2500 Fons
717 2454 902 2498 dominae
918 2487 930 2508 ‚
954 2453 1104 2513 regina
1133 2451 1239 2506 loci,
1266 2468 1354 2513 quo
1387 2451 1546 2512 gaudet
1576 2452 1769 2508 Ianthis,

556 2592 759 2635 'Adsomem
770 2591 956 2631 Iliantidos,
968 2590 1175 2635 transposito

499 2653 544 2680 τῶ
569 2648 604 2685 Ιι,
627 2646 752 2678 lemma
772 2652 824 2677 est
843 2643 879 2677 in
903 2641 984 2677 edd.
1006 2651 1087 2676 vett.

1296 2601 1324 2622 1.
1342 2589 1415 2633 Quo
1427 2588 1547 2633 gaudet
1568 2589 1698 2621 Hiamis
1719 2589 1753 2622 in
1774 2588 1906 2623 iisdem.

1234 2641 1513 2677 —l‹1ntl1is.Vid.
1534 2641 1592 2675 lib.
1609 2642 1657 2674 vl
1671 2668 1679 2682 ,
1696 2643 1906 2688 epigramma
