1978 3305
386 224 970 269 EPIGRAMMATUM
1008 225 1129 268 LIB.
1170 225 1221 266 V.

104 309 152 343 ait
176 308 314 342 Sallust.
341 307 444 342 Catil.
464 309 545 353 Ipse
563 307 657 341 enim
679 308 778 342 vivus

106 361 226 394 omnia
256 359 442 394 decoxerat
459 385 469 401 ‚
498 372 563 394 nec
587 360 779 407 quidquam

104 413 260 447 moriens
277 413 402 446 habuit
413 439 422 455 ‚
439 412 538 458 quod
555 415 657 447 uxori
673 415 780 448 relin-

104 474 229 511 queret
240 490 250 507 ,
264 465 410 500 fortasse
420 474 545 511 praeter
559 478 602 500 aes
615 467 780 501 alienum.

1451 226 1513 283 49

838 314 888 343 De
914 309 1163 350 Hermocrate,
1202 308 1265 353 qui
1291 308 1444 341 moriens
1479 321 1515 341 se

839 362 903 395 sihi
926 360 1103 395 haeredem
1129 369 1334 395 testamento
1357 361 1513 405 scripsit,

840 414 912 449 vid.
928 415 1029 460 epist.
1049 414 1178 448 Lucilii
1190 439 1202 459 ‚
1214 414 1277 448 lib.
1295 414 1348 456 ΙΙ,
1367 413 1512 446 Anthol.

841 479 916 514 cap.
939 468 997 501 50.

652 608 969 663 XXXIII.

571 763 625 791 IN
663 743 1051 791 cmmmmumf

177 890 398 933 CARPERE
422 887 665 932 causidicus
691 887 829 931 fertur
852 904 948 932 mea
970 888 1176 932 Carmina
1203 904 1210 930 :
1235 889 1309 949 qui
1340 889 1416 944 sit,

246 959 406 1003 Nescio
433 975 442 1001 :

163 1091 178 1106 '¹
196 1097 421 1142 Imprecatur
451 1095 578 1128 Noster
607 1093 784 1128 causidIco

109 1148 267 1191 cuidam,
295 1149 356 1194 qui
378 1149 549 1181 lacerabat
577 1147 688 1192 ipsius
709 1159 784 1180 car-

110 1201 222 1243 mina,
244 1210 279 1235 et
297 1201 466 1234 ultionem
482 1201 655 1246 poeticam
677 1201 786 1232 mina-

111 1264 169 1288 tur
183 1280 192 1295 ,
215 1253 252 1287 id
272 1262 322 1287 est
336 1279 346 1296 ,
362 1254 649 1299 epigrammatum
665 1253 732 1286 tela
748 1252 784 1285 in

111 1305 344 1348 maledicum,
372 1307 399 1340 si
424 1307 623 1352 pervenerit
654 1318 785 1339 nomen

112 1361 188 1406 ejus
207 1371 425 1405 cognoscere.

164 1433 217 1439 —
237 1412 361 1458 Neque
384 1412 418 1444 in
447 1412 515 1445 hoc
539 1411 786 1458 epigrammate

112 1464 305 1511 quidquam
327 1465 483 1505 variant,
501 1474 558 1498 aut
575 1465 786 1511 exemplaria

113 1519 348 1563 manuscripta
361 1543 369 1557 ,
395 1525 454 1551 aut
473 1518 649 1562 impressa.

173 1583 203 1604 1.
229 1570 376 1616 Carpere.
401 1571 547 1616 Proprie
583 1569 713 1604 dicitur
744 1569 788 1603 de

113 1624 224 1657 herba
236 1649 245 1664 ,
267 1624 358 1657 foliis
377 1624 543 1656 arborum
557 1649 567 1665 ‚
588 1635 664 1669 quae
681 1635 788 1668 pecu-

114 1675 175 1710 des
191 1675 296 1709 dente
313 1685 431 1710 secant
447 1675 549 1709 avido
566 1689 629 1710 nec
644 1676 767 1722 aequali
780 1702 789 1717 ,

115 1730 162 1763 ita
175 1737 212 1762 ut
225 1729 299 1762 haec
314 1729 472 1774 gramina
485 1728 672 1762 videantur
691 1729 788 1774 quasi

115 1783 263 1815 lacerata
279 1790 313 1815 et
328 1781 479 1816 discissa.
494 1782 669 1815 Dicuntur
687 1782 788 1814 etiam

116 1848 243 1879 carpere
260 1861 270 1875 ,
292 1848 401 1881 quum
427 1843 566 1869 metunt
586 1834 704 1880 digitis
725 1834 789 1867 flo-

116 1899 191 1924 res,
224 1889 370 1933 fructus„
394 1887 481 1922 Inde
508 1888 713 1922 translatum
740 1895 791 1921 est

201 2710 262 2750 II.

470 960 504 1002 si
532 959 694 1014 sciero,
717 975 782 1002 vae
809 958 884 1002 tibi
900 993 911 1014 ,
934 958 1160 1002 causidice.

843 1093 887 1128 ad
909 1093 1037 1140 scripta
1062 1102 1098 1128 et
1127 1095 1192 1128 alia
1212 1095 1316 1141 hujus
1335 1095 1450 1138 modi,
1470 1105 1519 1130 at-

843 1159 912 1193 que
956 1155 1145 1193 usurpatur
1185 1147 1310 1181 eodem
1345 1162 1447 1183 sensu
1480 1163 1518 1183 ac

843 1199 1069 1241 maledicere,
1097 1201 1318 1246 improbare,
1340 1200 1401 1235 sed
1425 1202 1517 1247 inju-

843 1253 912 1294 ria,
939 1253 1068 1287 affectu
1095 1253 1268 1299 quodam,
1290 1254 1326 1287 id
1349 1264 1419 1296 est,
1442 1255 1491 1288 ira
1508 1282 1518 1295 ,

845 1306 950 1338 animi
988 1307 1292 1352 praeoccupatione
1309 1332 1318 1348 ,
1341 1315 1407 1340 etc.
1438 1320 1515 1340 mo-

844 1358 918 1391 veri
939 1358 1127 1404 injudicio
1148 1358 1192 1392 de
1213 1369 1353 1393 auctore
1371 1361 1517 1406 ejusque

845 1411 983 1456 scriptis
1013 1411 1170 1445 ferendo.
1203 1412 1268 1445 ΕΒ.
1289 1414 1424 1458 —Qm'
1452 1416 1515 1453 sit,

845 1467 958 1497 nescio.
979 1464 1064 1498 Non
1095 1464 1339 1498 tantummodo
1367 1465 1518 1511 cupidus

846 1530 920 1550 sum
942 1516 1175 1562 cognoscendi
1198 1530 1326 1550 nomen
1344 1520 1437 1563 ejus,
1456 1518 1518 1551 sed

847 1569 934 1603 scire
954 1569 1060 1603 velim
1092 1574 1147 1617 qui
1172 1573 1230 1610 sit,
1258 1569 1294 1603 id
1315 1564 1387 1612 θεῖ’,
1407 1572 1518 1616 qualis

846 1623 972 1662 homo,
993 1636 1011 1656 a
1028 1623 1159 1668 quibus
1173 1623 1327 1657 moribus
1339 1649 1348 1664 ‚
1363 1636 1404 1656 an
1424 1624 1520 1657 vitiis

846 1676 1000 1716 laborat,
1023 1688 1064 1708 an
1080 1675 1250 1709 ridiculus
1262 1701 1272 1718 ,
1291 1685 1355 1710 etc.
1374 1685 1413 1709 ut
1430 1677 1519 1709 mihi

848 1727 931 1761 inde
961 1729 1118 1762 eliciatur
1148 1729 1292 1762 materia
1327 1728 1371 1763 ad
1409 1730 1519 1763 confi-

848 1780 971 1815 cienda
990 1781 1280 1827 epigrammatum
1299 1783 1378 1815 tela.
1398 1783 1464 1816 En.

903 1848 935 1868 2.
955 1835 993 1868 V
991 1849 1018 1867 {e
1031 1835 1103 1874 tibi,
1124 1836 1290 1868 caasidlce.
1317 1835 1436 1868 Disces
1454 1848 1518 1868 no-

850 1899 943 1921 scere
962 1900 1069 1932 genus
1090 1888 1256 1922 irritabile
1275 1897 1404 1923 vatum.
1421 1889 1489 1921 Eu.

1301 2710 1329 2762 ssN
