1978 3305
485 242 581 286 270

797 285 802 289 ὁ
852 224 913 264 Μ.
942 222 1081 264 VAL.
1121 220 1508 264 MARTIALIS

985 368 1370 425 LXXXIII.

946 527 1013 554 DF.
1066 526 1421 557 EUTRAPELO.

552 657 861 698 EUTRAPELUS
887 660 1038 695 tonsor
1062 649 1165 693 dum
1191 650 1346 694 circuit
1367 667 1444 695 ora
1466 653 1678 713 Luperci,

622 723 914 784 Expingitque
944 736 1098 783 genas,
1128 719 1261 763 altera
1291 720 1428 765 barba
1455 721 1582 766 subit.

539 875 569 895 2.
592 861 821 906 Expungitque
841 872 938 904 genas
959 857 1037 892 Ald.
1053 859 1074 891 J
1079 865 1155 891 unt.

483 915 599 949 Colin.
616 913 753 960 Gryph.
777 913 861 946 aliae.
878 913 1097 957 Expingitque
1115 923 1157 944 ex

483 966 586 1001 codd.
616 967 686 1000 suis
713 965 875 1011 reposuit
904 965 1095 1005 Gruterus3
1124 972 1157 997 et

483 1020 532 1054 sic
549 1018 658 1053 codex
674 1017 861 1052 Pulmanni
873 1043 883 1058 .,
900 1029 964 1050 nec
984 1018 1083 1050 aliter
1095 1018 1156 1051 lib.

484 1073 574 1107 VIII
588 1098 598 1113 ,
629 1072 737 1117 epigr.
763 1083 830 1104 L11.
853 1091 905 1097 —
928 1071 1158 1117 Expingitque.

485 1125 577 1158 Scite
594 1124 684 1158 radit
695 1150 704 1165 ,
721 1131 755 1157 et
764 1123 888 1168 pingit.
905 1122 974 1156 Alii
985 1126 1136 1168 expungit
1149 1151 1159 1164 ,

1215 859 1282 892 hoc
1313 865 1364 892 est
1379 884 1388 899 ‚
1410 858 1502 904 pilos
1528 858 1646 893 evellit
1664 870 1674 892 .·
1694 857 1753 892 sed
1779 858 1867 891 male
1880 883 1888 899 ,

1217 911 1334 957 inquit
1359 911 1545 946 Gruterus.
1570 934 1623 939 —
1653 912 1768 946 Altera
1794 911 1890 943 barba

1217 965 1310 997 subit.
1341 963 1479 997 Tardus
1497 990 1506 1006 ‚
1530 976 1591 998 seu
1621 964 1891 1009 circumspectus

1218 1025 1339 1051 tonsor
1359 1042 1369 1058 ‚
1408 1025 1538 1050 tantam
1581 1016 1680 1061 operi
1719 1015 1893 1061 impendit

1218 1082 1375 1110 moram,
1400 1077 1440 1103 ut
1463 1069 1520 1102 vel
1544 1068 1683 1102 radenti
1704 1069 1809 1102 altera
1831 1080 1893 1114 per

1220 1121 1256 1157 id
1279 1122 1446 1168 temporis
1464 1130 1654 1156 succrescat
1669 1121 1789 1155 barba.

1024 1258 1358 1316 LXXXIV.

1050 1415 1113 1444 An
1140 1415 1335 1444 LIBRUM.

556 1543 675 1586 DUM
701 1557 800 1585 mea
822 1539 995 1585 Caecilio
1021 1540 1237 1585 formatur
1267 1541 1412 1601 imago
1441 1538 1666 1593 Secundo,

627 1611 771 1673 Spirat
799 1621 843 1654 et
871 1620 1025 1671 arguta
1054 1612 1172 1672 picta
1198 1609 1359 1654 tabella
1388 1625 1544 1664 manu,

558 1685 603 1736 Ι,
636 1681 762 1736 liber,
791 1681 847 1725 ad
877 1682 1075 1726 Geticam
1100 1683 1297 1735 Peucen,
1320 1682 1571 1741 Istrumque
1594 1687 1837 1731 tacentem;

631 1755 736 1797 Haec
766 1751 860 1796 loca
887 1752 1142 1813 perdomitis
1170 1751 1371 1813 gentibus
1400 1750 1468 1795 ille
1499 1759 1629 1794 tenet.

560 1825 702 1868 Parva
727 1823 849 1867 dabis
875 1839 1001 1879 cam,
1025 1822 1101 1867 sed
1126 1822 1270 1867 dulcia
1299 1821 1414 1866 dona
1443 1818 1601 1875 sodali3

630 1895 805 1938 Certior
827 1895 872 1936 in
897 1902 1048 1938 nostro
1074 1894 1267 1937 carmine
1292 1891 1438 1936 vultus
1462 1893 1554 1935 erit.

548 2046 573 2067 1.
595 2032 739 2067 Coecilio.
753 2031 908 2066 Raderus
929 2040 964 2065 et
976 2031 1171 2065 Farnabius

494 2094 619 2134 putant
649 2085 745 2118 hunc
779 2085 958 2118 Caecilium
988 2097 1059 2118 esse
1100 2084 1170 2118 Pli-

495 2141 595 2173 nium
625 2137 846 2179 Secundum,
869 2137 930 2184 qui
962 2138 1114 2171 Pontum
1138 2145 1172 2170 et

496 2191 695 2238 Bithyniam
717 2191 914 2237 provincias
936 2191 1114 2230 obtinuit,
1134 2198 1174 2223 ut

498 2254 591 2292 patet
617 2258 655 2277 ex
686 2244 794 2290 ipsius
820 2244 976 2290 epistola.
1007 2243 1174 2288 Quisquis

498 2298 639 2332 tandem
653 2297 710 2330 ille
726 2297 849 2335 fuerit,
863 2296 1047 2342 imaginem
1061 2297 1173 2330 nostri

499 2353 612 2385 Poetae
627 2349 671 2383 ad
690 2362 726 2382 se
746 2350 838 2383 mitti
852 2357 1033 2396 optaverat
1049 2362 1057 2383 z
1077 2347 1173 2395 quod

499 2404 603 2439 amici
624 2403 808 2437 discessuri
828 2403 1030 2436 factitabant
1049 2410 1173 2435 mutuo

500 2457 543 2491 ad
573 2455 777 2489 memoriam
809 2456 1004 2489 absentium
1025 2455 1089 2489 sibi
1118 2466 1174 2488 re-

501 2509 705 2544 vocandam.
720 2510 787 2541 En.

557 2576 589 2596 π.
612 2563 720 2606 Spirat
740 2569 770 2593 et
787 2569 932 2605 argutam
951 2563 1038 2606 picta
1061 2560 1175 2593 tabella

503 2628 624 2648 manum
643 2615 677 2647 in
697 2613 817 2647 codice
833 2613 1032 2648 Pulmanni.

558 2668 589 2701 3.
613 2667 671 2701 Ad
692 2666 836 2698 Geticam
861 2668 991 2699 Pmcen.
1022 2667 1174 2699 Insulam

1229 2044 1356 2077 nempe
1381 2030 1425 2064 ad
1453 2029 1606 2064 Danubii
1633 2028 1741 2069 ostia,
1768 2025 1812 2060 de
1837 2039 1907 2072 qua

1231 2085 1342 2130 epigr.
1358 2096 1413 2117 vn
1429 2096 1503 2128 sup.
1523 2083 1620 2117 Getae
1642 2089 1756 2114 autem
1775 2078 1819 2113 ad
1839 2081 1907 2113 Da·

1233 2137 1335 2170 nubii
1353 2137 1441 2170 ostia
1457 2135 1665 2169 incolebant.
1677 2134 1908 2179 —Iserumqur

1233 2197 1395 2223 tacentem.
1422 2189 1488 2223 Vel
1514 2187 1608 2234 quod
1639 2185 1750 2220 undas
1775 2183 1909 2230 placide

1233 2243 1372 2283 volvat,
1400 2241 1455 2275 vel
1483 2239 1579 2286 quod
1607 2240 1735 2285 frigore
1762 2250 1908 2272 concre-

1233 2304 1317 2329 scat.
1340 2294 1429 2328 Vide
1445 2307 1548 2340 supra
1570 2293 1679 2339 epigr.
1695 2292 1752 2326 cit.
1771 2292 1910 2336 Legunt

1233 2349 1312 2389 alii,
1332 2349 1505 2394 Istrumque
1521 2349 1693 2392 jacentem,
1718 2353 1754 2378 ut
1773 2344 1888 2377 Pulm.

1295 2404 1328 2434 6.
1363 2400 1506 2440 Certior,
1555 2408 1620 2433 cte.
1652 2398 1910 2443 Epigrammata

1235 2454 1376 2488 Caecilio
1396 2461 1511 2499 grata,
1536 2461 1568 2486 et
1594 2464 1670 2498 quae
1690 2449 1820 2495 ingenii
1843 2449 1909 2482 mei

1235 2506 1421 2551 imaginem
1435 2505 1618 2539 certiorem
1633 2502 1863 2548 expresserint
1878 2510 1911 2534 et

1235 2559 1492 2593 diuturniorem
1507 2557 1736 2595 retinuerint,
1749 2567 1851 2600 quam
1866 2563 1912 2587 ta-

1237 2613 1317 2646 bula
1337 2611 1466 2657 qumvis
1489 2612 1531 2644 ab
1552 2609 1684 2643 artifice
1701 2608 1914 2654 peritissimo

1236 2665 1368 2703 efficta,
1386 2673 1419 2697 et
1435 2663 1478 2697 ad
1498 2664 1618 2696 vivum
1642 2673 1812 2706 expressa.
