1978 3305
376 239 956 283 EPIGRAMMATUM
995 238 1114 281 LlB.
1145 238 1289 279 VIII.

1436 235 1530 281 33:ss

781 394 886 448 LI.

399 538 466 566 DE
505 537 720 566 PHIALA
759 535 1057 564 INSTANTII
1100 516 1274 565 Rurlf

204 652 323 709 Qms
353 649 476 694 labor
505 651 548 692 in
577 646 752 710 phiala?
775 647 892 691 docti
913 648 1063 707 Myos,
1090 662 1202 691 anne
1230 649 1453 708 Myronis?

274 720 486 764 Mentoris
516 719 610 763 haec
633 733 790 762 manus
814 725 901 771 est3
923 733 1000 771 an,
1026 715 1265 777 Polyclete‚
1289 718 1393 762 tua?

208 791 396 835 Livescit
423 788 543 834 nulla
573 787 757 850 caligine
786 787 929 842 fusca,
956 798 1037 831 nec
1066 787 1157 831 odit

273 859 581 922 Exploratores
603 858 750 903 nubila
773 873 914 902 massa
936 856 1069 902 focos.

209 933 322 975 Vera
349 931 491 974 minus
517 930 631 974 ssavo
657 928 827 973 radiant
852 927 1011 972 electra
1036 927 1235 981 metallo,

276 1002 332 1044 Et
362 995 536 1044 niveum
566 999 667 1044 felix
698 998 870 1061 pustula
899 999 1035 1043 vincit
1065 999 1186 1043 ebur.

208 1072 403 1115 Materiae
436 1088 523 1115 non
549 1070 661 1114 cedit
689 1086 799 1131 opus
823 1086 830 1112 :
859 1070 919 1113 sic
950 1068 1098 1131 alligat
1124 1069 1298 1121 orbem,

276 1140 467 1185 Plurima
491 1157 626 1202 quum
653 1150 745 1184 tota
770 1139 970 1200 lampade
996 1142 1121 1183 Luna
1147 1141 1270 1184 nitet.

207 1213 302 1255 Stat
329 1227 460 1272 caper
486 1210 625 1255 AEolio
653 1210 847 1254 Thebani
876 1209 1034 1254 vellere
1057 1210 1216 1271 Phryxi

192 1329 206 1343 ³
225 1335 277 1366 De
294 1334 408 1379 phiala
432 1333 522 1378 Rusfi
551 1333 735 1379 inscriptio
763 1340 814 1366 est

142 1387 177 1420 in
195 1385 275 1420 edd.
295 1394 380 1420 vett.

192 1461 244 1466 --
254 1438 391 1473 Laudat
404 1451 533 1472 munus
546 1438 612 1473 sibi
626 1439 669 1472 ab
681 1439 815 1472 Instan-

142 1492 192 1526 tio
210 1493 303 1526 Rufo
320 1492 476 1526 missum.

200 1558 230 1579 1.
254 1545 335 1590 Quis
355 1545 463 1584 labor,
488 1552 555 1578 etc.
577 1545 686 1590 Cujus
707 1543 816 1577 artifi-

143 1598 192 1632 cis
204 1610 292 1644 opus
307 1606 357 1631 est
369 1598 444 1632 haec
462 1597 578 1644 phiala
592 1597 679 1630 mihi
693 1609 710 1629 a
725 1596 817 1629 Rufo

142 1651 266 1684 missa?
277 1651 424 1697 Myosne
434 1677 442 1690 ‚
452 1650 624 1696 Myronis,
634 1649 817 1688 Mentoris,

144 1716 186 1737 an
196 1703 388 1749 Polycleti?
399 1704 600 1737 caelatorum
614 1729 623 1744 ,
636 1701 679 1736 de
692 1702 818 1748 quibus

146 1756 278 1790 Plinius
293 1756 355 1789 lib.
371 1756 548 1797 XXXIII,
560 1756 671 1801 epigr.
686 1767 755 1788 xn-
767 1776 819 1781 ——-

148 1810 264 1843 Labor.
289 1809 436 1854 Proprie
463 1807 508 1842 de
535 1808 696 1842 caelatura
718 1808 818 1840 labor.

146 1862 237 1896 Hinc
250 1862 400 1895 laboriosi
411 1861 586 1895 caelatores
598 1860 694 1895 dicti.

201 1915 220 1948 3
230 1942 236 1948 .
250 1916 385 1947 Livescit
397 1915 485 1947 nulla
502 1914 650 1959 caligine.
664 1914 740 1947 Hoc
752 1921 802 1946 est
811 1940 820 1954 ‚

147 1968 265 2013 phiala
278 1968 410 2002 sincera
424 1976 494 2008 est,
509 1975 543 2000 et
557 1980 647 2013 pura
663 1967 705 2000 ab
723 1967 821 2000 omni

148 2021 292 2054 macula.
314 2043 366 2047 —
387 2021 456 2054 Nec
475 2020 553 2054 odit.
576 2020 675 2053 Sicut
695 2031 819 2052 aurum

148 2072 383 2107 adulterinum
397 2072 493 2119 quod
509 2073 588 2119 igne
603 2073 822 2118 exploratum

150 2127 334 2161 evanescit.

205 2180 240 2213 5.
264 2180 351 2212 Vera
379 2182 490 2212 minus.
518 2178 644 2212 Sensus
671 2186 722 2212 est
737 2204 746 2222 ‚
774 2178 824 2211 in·

151 2232 228 2278 quit
254 2231 414 2266 Raderus
439 2243 446 2264 :
470 2232 564 2264 Vera
591 2232 716 2265 electra
727 2257 736 2272 ‚
762 2243 824 2264 seu

151 2284 349 2325 succinum,
362 2285 481 2317 minus
492 2283 629 2318 radiant
644 2297 749 2330 quam
761 2283 826 2317 hu-

149 2339 206 2383 jus
236 2337 362 2383 phialae
392 2336 521 2370 flavum
552 2338 730 2371 metallum
748 2363 757 2379 ,
787 2336 825 2370 id

152 2399 221 2430 est,
248 2402 384 2423 aurum.
414 2390 501 2422 Vera
526 2390 639 2422 electra
664 2389 752 2424 dixit
782 2389 825 2424 ad

152 2443 388 2477 differentiam
419 2442 536 2476 electri
565 2443 705 2484 factitii,
727 2442 826 2488 quod

152 2495 258 2530 fiebat
284 2508 324 2529 ex
352 2496 474 2541 quinta
503 2495 635 2540 argenti
662 2495 826 2541 portione

153 2562 237 2583 auro
248 2548 411 2582 admixta.
423 2550 466 2582 At
477 2556 591 2594 potest
602 2548 650 2582 sic
661 2547 825 2594 intelligi:

155 2603 235 2636 Haec
250 2602 366 2648 phiala
384 2613 425 2635 ex
441 2601 573 2635 electro
590 2601 722 2635 factitio
734 2614 827 2635 com-

155 2655 263 2700 posita
275 2655 381 2700 magis
392 2655 500 2700 fulget
513 2667 616 2699 quam
629 2667 749 2688 verum
760 2654 825 2687 ele-

873 1340 998 1366 ctrum.
1025 1332 1094 1366 Sed
1122 1333 1406 1378 anteponendum
1431 1335 1543 1381 princ.

928 1388 962 1419 6.
995 1386 1044 1418 Et
1076 1387 1194 1418 niveum
1218 1387 1303 1428 felia:
1333 1389 1476 1432 sportula
1509 1389 1542 1422 in

873 1437 976 1471 codd.
999 1439 1080 1472 Vat.
1108 1446 1142 1472 et
1168 1438 1321 1473 Flore-ut.
1348 1441 1399 1473 Et
1420 1443 1546 1474 nitm'um

866 1491 952 1533 felia:
968 1491 1098 1536 pustula
1119 1490 1198 1525 edd.
1222 1491 1300 1526 Ald.
1313 1494 1412 1527 Junt.
1427 1495 1546 1528 Colin.

874 1544 1012 1590 Gryph.
1033 1553 1097 1578 etc.
1124 1545 1172 1577 Et
1193 1547 1312 1578 niveum
1328 1546 1412 1589 felix
1431 1548 1546 1592 pusula

874 1597 998 1642 legunt
1018 1597 1086 1630 alii.
1107 1597 1309 1631 Lectionem
1326 1607 1480 1633 nostram
1501 1609 1548 1634 te-

876 1657 988 1682 statur
1009 1649 1119 1683 codex
1141 1650 1341 1685 Pulmanni.
1360 1674 1414 1678 —
1431 1653 1481 1685 Et
1498 1656 1548 1686 ni-

878 1715 972 1735 veum.
987 1703 1039 1736 De
1051 1712 1194 1748 argento
1206 1704 1382 1749 pustulato
1395 1704 1549 1740 diximus

877 1754 938 1788 lib.
954 1755 1046 1796 VII,
1069 1755 1179 1802 epigr.
1208 1768 1346 1791 Lxxxw.
1373 1758 1468 1791 Felix
1486 1773 1549 1804 pa-

877 1808 961 1840 stula
983 1807 1134 1849 dicitur,
1153 1809 1209 1842 vel
1231 1808 1326 1855 quod
1349 1810 1495 1845 feliciter
1517 1821 1550 1845 et

878 1861 1054 1906 ingeniose
1069 1870 1156 1895 esset
1172 1862 1347 1896 elaborata
1358 1889 1367 1905 ‚
1381 1865 1435 1898 vel
1452 1864 1548 1910 quod

878 1922 1038 1948 nostrum
1056 1923 1193 1961 poetam
1213 1916 1342 1949 bearet.

933 1979 967 2012 7.
999 1967 1054 2001 Sic
1083 1968 1200 2013 alligat
1227 1968 1341 2002 orbem.
1371 1969 1447 2003 Hoc
1475 1979 1551 2012 est,

879 2019 995 2066 phiala
1020 2020 1209 2066 splendore
1234 2029 1268 2055 et
1292 2022 1401 2068 figura
1428 2023 1551 2056 similis

880 2081 930 2107 est
945 2074 1054 2106 Lunae
1072 2074 1194 2119 plenae.

935 2138 968 2170 9.
983 2126 1057 2159 Stat
1067 2140 1170 2172 caper.
1187 2127 1244 2161 Sic
1255 2128 1434 2161 Juvenalis
1448 2136 1508 2161 sat.
1521 2130 1550 2169 Ι,

882 2181 944 2224 76.
969 2196 981 2208 α
999 2181 1194 2225 Argentum
1212 2189 1310 2214 vetus
1323 2206 1331 2220 ,
1351 2190 1383 2214 et
1405 2188 1551 2215 stantem

881 2240 975 2265 extra
996 2233 1120 2277 pocula
1144 2245 1298 2279 caprum.
1317 2250 1330 2262 n
1353 2255 1404 2260 —
1426 2234 1553 2269 AEoli0,

882 2285 1018 2331 Nempe
1036 2285 1099 2319 iste
1121 2298 1223 2332 caper
1243 2294 1385 2319 ornatus
1402 2295 1474 2320 erat
1493 2300 1552 2320 au-

881 2350 944 2372 reo
975 2339 1125 2378 vellere,
1159 2340 1260 2384 quale
1292 2339 1440 2373 habebat
1468 2341 1555 2374 aries

882 2391 940 2424 ille
968 2391 1212 2424 celeberrimus
1236 2392 1372 2426 fabulis.
1393 2391 1554 2438 Fingitur

884 2443 1014 2477 scilicet
1030 2456 1047 2476 a
1059 2445 1148 2477 Jove
1162 2445 1306 2478 missum
1323 2445 1416 2479 hunc
1429 2446 1532 2480 fuisse
1545 2474 1555 2487 ,

885 2508 954 2542 quo
973 2504 1089 2530 vectus
1101 2509 1196 2530 mare
1209 2498 1381 2544 trajiceret
1402 2511 1481 2532 cum
1499 2512 1555 2532 so-

884 2561 966 2582 rore
995 2549 1094 2583 Helle
1123 2550 1291 2596 Phryxus.
1308 2551 1391 2584 Erat
1412 2552 1439 2585 is
1462 2552 1553 2585 filius

885 2602 1102 2636 Athamantis
1120 2604 1210 2650 regis
1219 2604 1440 2646 Thebarum,
1458 2608 1558 2648 cnjus

890 2655 1007 2689 AEolus
1023 2664 1122 2700 pater
1141 2657 1218 2690 fuit.
1233 2657 1341 2702 Supra
1359 2670 1412 2702 ep.
1429 2670 1559 2692 xuni.
