1978 3305
493 237 587 290 [102

865 230 926 273 M.
960 230 1100 272 VAL.
1140 229 1527 273 MARTIALIS

635 322 745 377 Quae
773 319 880 363 sciet
903 317 983 361 hos
1013 316 1107 360 illos
1131 316 1319 359 vendere
1346 315 1442 360 lena
1473 316 1620 361 toros?

563 393 626 435 Sit
651 390 728 434 tibi
751 398 867 432 terra
891 386 996 431 levis
1011 422 1023 443 ‚
1045 386 1252 447 mollique,
1280 388 1437 447 tegaris
1463 403 1618 441 arena,

634 463 698 503 Ne
727 469 802 503 tua
830 475 920 502 non
949 458 1116 518 possint
1140 473 1292 501 eruere
1317 473 1413 501 ossa
1441 474 1580 501 canes.

494 603 558 635 bus
576 599 716 634 tandem
735 598 856 639 sacris,
873 598 1059 643 Citumque
1072 605 1167 630 retro

496 655 590 687 solve
604 679 612 694 ,
629 653 722 687 solve
742 652 932 686 turbinem.
953 668 967 680 n
985 651 1029 684 Et
1051 658 1169 684 noster

497 714 598 753 poeta
612 732 620 746 ,
632 706 694 739 lib.
710 705 780 738 XII
791 731 800 746 ‚
812 703 921 750 epigr.
936 715 1027 737 Lvn.

554 772 610 792 10.
649 759 744 791 Lena.
775 758 945 790 Amorum
979 766 1029 790 est
1056 755 1168 789 conci-

498 813 623 846 liatrix.

555 879 567 899 1
583 878 612 899 1.
631 864 681 897 Sit
707 863 764 896 tibi
786 871 868 895 terra
889 863 973 895 levis.
996 859 1088 894 Vide
1107 861 1168 894 lib.

1227 597 1244 629 I
1257 621 1266 638 ‚
1286 596 1398 642 epigr.
1414 608 1559 637 Lunx,
1576 608 1627 629 vs.
1651 610 1668 629 a
1686 621 1695 636 ‚
1714 598 1811 641 cujus
1826 608 1902 641 pre-

1228 649 1372 683 cationis
1402 649 1585 682 formulam
1625 649 1767 682 invertit
1797 648 1902 682 Poeta

1228 715 1330 736 versu
1344 714 1413 748 seq.
1431 701 1549 735 dicens
1564 713 1571 734 ε
1584 700 1634 734 Sit
1648 702 1711 735 tibi
1729 710 1819 735 terra
1833 709 1901 734 tam

1227 755 1312 789 levis
1324 781 1333 797 ‚
1348 764 1388 789 ut
1404 768 1479 789 ossa
1501 763 1558 788 tua
1578 767 1596 787 a
1615 755 1760 788 canibus
1780 754 1902 787 effossa

1228 807 1414 842 rodantur.
1441 808 1499 841 Sic
1521 808 1743 845 Ammianus,
1772 808 1829 841 Εἷη
1855 820 1902 839 σω.

1230 861 1318 894 κατὰ
1341 864 1418 906 γῆς,
1438 868 1501 894 etc.
1526 861 1712 905 Antholog.

1077 996 1325 1051 XXXI.

832 1152 890 1181 JN
928 1150 1217 1180 PIETATEM
1264 1130 1573 1180 memissa*

499 1275 830 1315 CAPPADOCUM
861 1266 986 1310 saevis
1017 1265 1226 1309 Antistius
1257 1264 1415 1309 occidit
1439 1265 1526 1308 oris

570 1339 777 1384 Rusticus
808 1353 816 1380 ε
843 1353 870 1380 o
899 1336 1009 1380 tristi
1033 1336 1212 1379 crimine
1240 1344 1356 1379 terra
1385 1332 1568 1379 nocens!

501 1409 683 1456 Rettulit
713 1423 811 1452 ossa
839 1408 935 1451 sinu
964 1407 1050 1450 cari
1077 1407 1261 1466 Nigrina
1288 1407 1457 1459 mariti,

570 1483 626 1525 Et
654 1489 805 1541 questa
835 1487 899 1522 cst
930 1476 1079 1537 longas
1107 1493 1196 1520 non
1226 1477 1327 1521 satis
1358 1493 1449 1521 esse
1478 1477 1569 1520 vias
1597 1493 1603 1518 :

503 1555 741 1611 Quumque
758 1549 882 1593 daret
898 1557 1091 1592 sanctam
1110 1546 1303 1602 tumulis,
1316 1547 1476 1608 quibus
1492 1547 1656 1590 invidet
1667 1582 1678 1600 ‚
1694 1563 1847 1590 urnam
1861 1583 1872 1598 ,
1899 1569 1913 1592 5

571 1623 676 1666 Visa
704 1620 785 1665 sibi
810 1628 874 1663 est
904 1628 1031 1679 rapto
1062 1617 1127 1661 bis
1156 1617 1334 1662 viduata
1366 1619 1473 1661 viro.

567 1759 581 1771 '
603 1757 745 1792 Antistii
775 1756 910 1790 Rustici
934 1755 1093 1789 tumulus
1108 1780 1116 1795 ‚
1145 1763 1177 1788 et

503 1814 611 1859 pietas
626 1810 781 1857 Nigrinae
800 1808 1024 1843 describitur.

558 1887 608 1892 —-
627 1866 677 1898 De
697 1864 841 1897 Antistio
869 1861 1054 1907 inscriptio
1073 1868 1123 1894 est
1142 1861 1178 1893 in

506 1918 585 1952 Ald.
611 1919 711 1951 Junt.
740 1915 854 1950 Colin.
879 1923 946 1948 etc.
970 1915 1018 1947 De
1038 1914 1183 1948 Antistio

507 1974 638 2006 Rustico
657 1971 693 2003 in
708 1969 823 2002 Plant.
836 1967 981 2000 Junian.
997 1967 1183 2000 Pulmann.

508 2026 615 2070 Lang.
646 2022 732 2056 aliis.
763 2021 915 2062 Caetera,
944 2020 1038 2054 nulla
1074 2028 1125 2053 est
1149 2019 1185 2052 in

509 2078 680 2123 scriptura
701 2073 858 2108 varietas.

580 2142 608 2163 1.
647 2127 869 2174 Cappadocum
887 2153 896 2166 ,
935 2134 1000 2159 etc.
1035 2125 1185 2171 Impiain

510 2181 758 2229 Cappadocum
777 2189 905 2214 terram
921 2178 1009 2213 dixit
1020 2205 1028 2220 ‚
1040 2179 1100 2212 lib.
1114 2179 1165 2211 Vl
1176 2203 1186 2218 ‚

511 2237 620 2282 epigr.
639 2247 763 2275 nxxxv,
779 2245 828 2266 vs.
849 2232 882 2265 3.

569 2290 600 2321 3.
614 2287 746 2321 Rettulit
760 2299 848 2324 ossa,
866 2292 933 2318 etc.
948 2285 999 2317 Ex
1015 2284 1188 2317 Armeniae

513 2340 736 2388 Cappadocia
751 2339 911 2372 Romam.
931 2339 982 2371 Ita
991 2337 1083 2371 enim
1101 2337 1188 2370 sole-

512 2396 597 2429 bant
619 2407 692 2427 ossa
715 2392 909 2426 amicorum
928 2398 960 2424 et
978 2402 1156 2431 carorum,
1171 2403 1188 2423 e

516 2457 605 2481 terra
629 2445 812 2493 peregrina
836 2443 878 2477 ad
902 2445 1054 2489 patrium
1075 2443 1188 2476 solum

512 2502 654 2534 referre.
678 2501 722 2533 Et
750 2497 799 2531 sic
821 2496 1028 2538 Germanici·
1044 2509 1062 2528 e
1089 2496 1189 2541 Syria

516 2555 661 2587 Romam
679 2550 973 2597 Ag1·ippina.Tac.
987 2549 1170 2582 Annal.IIl
1181 2577 1188 2589 ,

514 2619 590 2652 cap.
613 2619 642 2639 1.
660 2603 769 2647 Quod
789 2612 826 2637 ut
843 2602 1186 2642 ssei-et‚1n11!1ietian1

513 2666 718 2693 testamento
743 2657 935 2696 cavebant,
960 2663 997 2688 ut
1027 2664 1122 2700 patet
1148 2669 1188 2688 ex

1239 1755 1542 1801 Inscriptionibus.
1586 1756 1753 1790 Mulieres
1797 1765 1912 1790 autem

1240 1821 1314 1842 ossa
1344 1809 1425 1842 sinu
1456 1809 1640 1854 legebant,
1669 1819 1709 1843 ut
1743 1809 1915 1843 Heraldus

1241 1861 1346 1895 docet
1381 1862 1443 1895 lib.
1480 1863 1509 1894 I.
1554 1861 1791 1896 Adversarior.
1823 1862 1916 1896 Vide

1242 1914 1375 1947 Tibull.
1395 1915 1431 1953 1,
1454 1915 1537 1959 eleg.
1559 1916 1594 1957 3,
1613 1918 1633 1946 (ἱ
1646 1942 1655 1956 ,
1673 1915 1837 1949 editionis
1851 1929 1915 1949 no-

1244 1975 1322 2001 strae
1338 1979 1417 2013 pag.
1435 1968 1494 2001 33.
1512 1968 1580 2001 En.

1301 2025 1334 2060 4.
1361 2022 1407 2053 Ec
1435 2029 1542 2065 questa
1575 2029 1630 2054 est.
1667 2021 1837 2063 Quamvis
1875 2034 1916 2055 ex

1246 2072 1469 2119 Cappadocia
1490 2073 1634 2119 longum
1654 2083 1740 2107 esset
1763 2075 1827 2107 iter
1847 2075 1917 2107 Ro-

1245 2139 1355 2166 mam,
1376 2133 1488 2159 tamen
1510 2127 1588 2171 quia
1612 2127 1681 2160 illic
1700 2127 1815 2160 mariti
1841 2127 1919 2160 reii-

1246 2179 1344 2224 qnias
1367 2179 1502 2212 tumulo
1525 2178 1677 2213 condere
1694 2179 1842 2214 debehat
1860 2181 1919 2213 Ni—

1247 2232 1343 2277 grina
1354 2257 1363 2271 ‚
1381 2232 1543 2277 cupiebat
1558 2233 1660 2266 etiam
1678 2233 1812 2279 longius
1828 2245 1899 2267 esse
1912 2259 1921 2275 ‚

1249 2297 1293 2317 ne
1322 2294 1390 2317 tam
1418 2286 1488 2318 cito
1519 2285 1700 2331 reliquias,
1730 2298 1815 2331 quas
1841 2286 1918 2320 sinu

1248 2338 1406 2378 fovebat,
1427 2337 1630 2383 deponeret.

1305 2391 1337 2424 5.
1353 2391 1474 2435 Quibus
1491 2392 1625 2431 invidet,
1638 2405 1758 2425 urnam.
1776 2392 1921 2437 Ereptu-

1249 2445 1295 2477 ris
1318 2444 1367 2477 illi
1395 2453 1429 2477 et
1451 2445 1636 2478 servaturis
1653 2457 1727 2478 ossa
1746 2445 1859 2478 mariti
1883 2445 1919 2477 in

1250 2509 1336 2530 urna
1353 2495 1522 2543 deposita.

1303 2551 1402 2583 &Bis
1417 2551 1553 2583 micinam
1573 2553 1651 2583 vviro.
1673 2549 1791 2583 Primo
1810 2562 1920 2595 quum

1248 2602 1377 2637 occidit
1410 2603 1572 2643 maritus,
1607 2611 1639 2635 et
1666 2615 1784 2635 rursus
1812 2615 1921 2647 quum

1249 2658 1322 2698 ojus
1336 2668 1409 2689 ossa
1429 2654 1578 2689 condere
1594 2664 1709 2690 coacta
1728 2664 1789 2688 est.
