1978 3305
446 212 501 256 18

819 210 879 252 M.
902 209 1043 252 VAL.
1083 207 1467 251 MARTIALIS

510 296 670 340 Multas
700 297 744 338 in
773 295 914 355 digitis
932 329 944 348 ‚
971 293 1116 354 plures
1143 293 1186 336 in
1216 293 1407 336 carmine
1437 309 1655 353 gemmas,

583 367 781 410 Invenies
807 381 815 407 ε
843 364 941 407 inde
965 373 1030 407 est
1054 363 1173 419 haec,
1194 373 1327 423 puto,
1352 362 1469 407 culta
1494 379 1658 406 manus.

498 506 530 539 3.
546 506 583 538 In
596 507 729 536 carmine
739 515 885 547 gemmas.
899 502 1113 547 Elegantiam

443 567 545 603 atque
560 564 761 590 ornamenta
778 567 940 587 versuum
963 555 1115 600 appellat

444 623 609 656 gemmas.

500 667 533 702 4.
548 662 626 695 Inde
640 669 694 693 est.
715 660 790 692 Hoc
804 667 854 692 est
865 685 873 700 ‚
889 672 1011 692 manus
1026 659 1114 692 Stel-

442 716 483 748 lae
500 727 569 746 non
585 722 651 746 tam
667 712 798 746 dicitur
812 713 905 745 culta
922 724 939 744 a
952 712 1114 757 gemmis,

444 779 549 812 quam
569 778 585 798 a
608 777 769 799 versuum
788 772 972 799 venustate
993 773 1027 798 et
1045 765 1114 798 ele-

1173 501 1300 546 gantia.
1315 501 1509 534 Farnabius
1521 514 1603 534 vero
1615 501 1662 533 sic
1675 500 1820 546 explicat
1834 512 1841 531 :

1174 554 1350 588 Gemmeis
1382 554 1519 587 annulis
1550 561 1713 593 ornatur,
1747 552 1843 598 quod

1174 607 1359 652 elegantias
1375 615 1409 639 et
1420 607 1552 639 lumina
1567 605 1601 638 in
1617 606 1768 638 carmine
1780 618 1842 650 po-

1173 672 1258 692 nere
1275 659 1359 693 sciat
1378 672 1385 692 :
1402 668 1435 692 et
1453 671 1603 704 gemmas
1622 659 1710 690 forte
1725 670 1844 691 conse-

1174 713 1346 757 quebatur
1375 713 1418 744 ab
1452 713 1492 744 iis
1504 739 1512 752 ‚
1545 723 1692 755 qnorum
1728 708 1846 742 laudes

1174 765 1381 798 celebrabat.

1066 906 1214 961 XII.

979 1063 1043 1090 DE
1081 1041 1313 1090 EODEM*

652 1192 794 1248 QUOD
824 1188 1020 1232 nutantia
1052 1188 1194 1231 fronte
1222 1188 1430 1247 perticata

654 1264 809 1305 Gestat
833 1258 1026 1320 pondera
1052 1256 1289 1301 Masthlion
1321 1258 1532 1318 superbus
1548 1295 1559 1315 ‚

653 1333 742 1374 Aut
766 1328 941 1391 grandis
968 1329 1105 1372 Linus
1135 1328 1336 1371 omnibus
1365 1327 1534 1373 lacertis

655 1402 830 1460 Septem
858 1399 974 1460 quod
1006 1415 1164 1459 pueros
1194 1397 1332 1451 levat,
1354 1397 1422 1441 vel
1454 1409 1580 1455 oct03

655 1473 742 1514 Res
772 1486 862 1514 non
892 1468 1079 1513 difficilis
1104 1468 1210 1512 mihi
1238 1468 1431 1512 videtur:

507 1612 521 1625 ⁴
534 1618 586 1650 De
610 1617 734 1650 annulis
756 1617 865 1651 Stellae
879 1617 1004 1649 lemma
1020 1623 1070 1649 est
1085 1614 1121 1648 in

456 1669 575 1705 codice
594 1669 746 1703 Florent.
764 1671 814 1702 De
831 1668 1047 1703 Mai-clionein
1064 1679 1121 1701 co-

455 1722 533 1757 dice
553 1722 748 1756 Pulmanni.

504 1795 557 1800 —
578 1776 735 1809 Venuste
753 1776 891 1821 jocatur
916 1774 952 1806 in
973 1785 1124 1819 gemmas

455 1828 588 1867 Stellae,
613 1828 739 1874 quibus
757 1826 862 1861 credo
885 1825 1005 1860 decem
1025 1826 1124 1871 puel-

454 1882 568 1914 larum
588 1881 642 1914 vel
656 1893 715 1913 ora
727 1906 736 1921 ‚
750 1881 803 1913 vel
817 1880 999 1913 nominum
1017 1879 1126 1912 literae

455 1942 554 1967 erant
574 1933 761 1979 inscriptae.
784 1933 876 1973 Alii,
898 1933 1028 1977 inquit,
1049 1944 1126 1976 gra-

456 1987 512 2020 via
535 1986 726 2020 cervicibus
748 1998 874 2025 onera,
894 1985 952 2018 alii
974 1984 1128 2017 humeris

456 2047 491 2072 et
518 2038 669 2072 brachiis
693 2046 824 2084 septem
850 2045 972 2071 octove
1000 2049 1128 2082 pueros

457 2099 633 2136 gestarunt
650 2103 657 2124 :
674 2091 780 2124 Stella
800 2104 871 2124 uno
888 2089 998 2135 digito
1014 2097 1129 2135 portat

461 2144 582 2177 decem
604 2143 749 2190 puellaS.

516 2208 546 2229 1.
567 2197 761 2230 Scriverius
775 2209 793 2229 ε·
806 2196 883 2230 cod.
899 2210 960 2230 suo
974 2195 1130 2241 reposuit

455 2251 609 2294 perticata
631 2263 695 2295 pro
715 2252 890 2294 pertinaci,
916 2248 1009 2294 quod
1033 2248 1129 2281 exhi-

461 2303 544 2334 bent
554 2314 672 2335 onmes
683 2301 762 2335 edd.
778 2310 861 2336 vett.
869 2322 920 2327 --
930 2303 1048 2335 Fronte
1056 2314 1130 2347 pcr-

462 2357 558 2386 ticala
573 2381 580 2393 ‚
601 2367 671 2387 non
684 2358 857 2400 pertinaci,
871 2355 1063 2388 Scriverius
1082 2354 1130 2387 le-

462 2407 523 2451 git,
534 2415 636 2452 atque
648 2407 703 2440 hic
715 2408 960 2452 interpretatur
974 2416 1130 2447 contum,

462 2457 519 2491 sen
549 2460 712 2505 porticani
741 2459 919 2504 stupendae
941 2460 1041 2493 molis
1058 2472 1130 2493 ere-

462 2520 573 2553 etam,
603 2513 637 2545 in
665 2525 741 2545 aren
770 2513 893 2545 frontis
919 2521 1081 2558 gestatam
1113 2525 1130 2544 n

468 2565 687 2598 Masililione.
707 2564 784 2598 vid.
805 2564 1072 2612 Clirysostoinus
1095 2565 1128 2597 in

463 2617 552 2649 libi-0
571 2617 614 2650 ‹lc
633 2616 878 2662 Jurojurando.

1237 1627 1269 1648 9..
1292 1615 1466 1655 Masclion,
1485 1614 1565 1648 edd.
1587 1616 1696 1662 antiq.
1717 1617 1852 1651 Ferrar.

1182 1666 1260 1700 Ald.
1281 1668 1377 1700 Junt.
1400 1667 1514 1701 Colin.
1534 1668 1671 1714 Grypli.
1692 1669 1851 1704 Pulman.

1181 1721 1202 1753 J
1207 1720 1324 1753 unian.
1351 1722 1457 1765 Lang.
1481 1729 1544 1754 etc.
1566 1722 1752 1755 Mas-chilion
1772 1726 1854 1768 supi-

1183 1786 1259 1813 nus,
1280 1774 1370 1818 conj.
1391 1773 1593 1807 Farnabius.
1610 1796 1662 1800 —
1679 1775 1854 1809 Mastlelion

1185 1821 1384 1868 (Masclion),
1400 1827 1589 1859 LinusNiri
1608 1826 1679 1860 duo
1696 1829 1855 1861 maximis=

1183 1878 1316 1911 viribus
1331 1877 1539 1923 p1·aediti.—
1550 1880 1716 1925 Superbus.
1735 1881 1855 1922 Quum

1185 1931 1335 1964 refertur
1355 1930 1398 1964 ad
1417 1944 1547 1973 mores,
1568 1932 1606 1966 in
1629 1934 1755 1966 malam
1774 1947 1855 1980 par-

1186 1992 1254 2018 tem
1286 1984 1457 2026 sumitur3
1490 1984 1550 2018 sed
1571 1986 1674 2019 etiam
1695 1987 1856 2020 translate

1187 2036 1230 2070 ad
1246 2049 1391 2082 corpuS,
1411 2046 1443 2070 et
1466 2046 1548 2070 tunc
1567 2039 1736 2084 siguificat
1750 2041 1832 2073 altus
1845 2067 1853 2079 ‚

1182 2102 1339 2135 procerus.
1362 2089 1485 2123 Rader.

1242 2143 1275 2176 3.
1295 2144 1363 2175 Aa!
1379 2144 1513 2187 grandis
1529 2145 1635 2178 Linus.
1654 2145 1764 2179 Fuere
1780 2146 1855 2179 Mn-

1186 2195 1315 2229 sthlion
1336 2204 1369 2229 et
1384 2196 1492 2229 Linus
1507 2205 1635 2242 agyrtae
1649 2206 1708 2231 aut
1723 2199 1857 2244 praesti-

1187 2249 1334 2293 giatores
1346 2274 1354 2288 ‚
1375 2249 1572 2293 cujusmodi
1589 2251 1692 2283 fuisse
1708 2252 1858 2284 Athana·

1187 2309 1261 2334 tuin
1279 2309 1312 2333 et
1330 2301 1473 2334 Fusium
1495 2303 1652 2336 meminit
1667 2304 1717 2337 Pl.
1736 2304 1757 2337 l.
1769 2305 1835 2337 Vll
1848 2330 1858 2345 ,

1188 2366 1220 2387 c.
1234 2367 1278 2386 no
1292 2366 1299 2387 :
1313 2354 1453 2387 «Fusius
1469 2355 1602 2388 Salvius
1615 2355 1685 2389 duo
1700 2365 1859 2390 centena-

1188 2407 1238 2440 ria
1249 2405 1403 2452 pondera
1416 2407 1583 2452 peculim,
1592 2408 1737 2442 totidem
1750 2409 1860 2442 mani-

1189 2460 1256 2492 bus
1269 2468 1302 2493 et
1319 2458 1503 2493 ‹inomni-in
1521 2461 1592 2495 duo
1605 2462 1758 2494 humeris
1773 2475 1857 2495 cou-

1190 2521 1240 2546 tra
1255 2513 1358 2546 scalas
1370 2515 1522 2558 gerebat.
1532 2515 1592 2546 »In
1607 2526 1731 2559 magno
1746 2515 1858 2560 pretio

1191 2574 1287 2598 erant
1304 2566 1358 2599 isti
1376 2567 1533 2599 homines
1548 2580 1617 2611 quo
1632 2576 1788 2613 tempore
1805 2581 1859 2600 ro-

1191 2619 1256 2650 bur
1276 2618 1432 2662 corporis
1452 2619 1603 2652 multum
1627 2620 1771 2653 valebat.
