1978 3305
342 226 927 271 EPIGRAMMATUM
965 225 1088 268 LIB.
1116 225 1233 267 VII.

1391 224 1486 270 225

663 390 909 444 XXXI.

599 557 661 583 ΑΙ)
702 555 979 583 REGULUM.

297 696 472 738 RAUCAE
499 694 631 737 cortis
662 708 789 745 aves,
816 702 859 735 et
885 708 968 735 ova
991 702 1204 743 matrum,

297 767 354 808 Et
380 763 513 807 flavas
543 762 687 806 medio
717 779 879 823 vapore
904 762 1059 817 Chias,

296 836 354 878 Et
380 833 532 877 foetum
558 831 749 893 querulae
779 833 931 877 rudem
962 832 1162 894 capellae,

297 906 391 948 Nec
415 904 505 964 jam
535 903 771 964 frigoribus
800 919 924 963 pares
952 902 1113 959 olivas,

298 977 356 1018 Et
386 990 544 1018 canum
577 972 726 1034 gelidis
757 972 851 1017 olus
877 974 1064 1035 pruinis,

298 1047 366 1089 De
389 1054 540 1088 nostro
567 1044 644 1087 tibi
669 1061 770 1088 rure
791 1046 919 1088 missa
944 1044 1112 1088 credis?

302 1118 343 1159 O
369 1131 523 1176 quam,
544 1114 732 1175 Regule‚
756 1113 983 1175 diligenter
1008 1113 1145 1159 erras*

299 1185 372 1230 Nil
398 1186 558 1238 nostri,
580 1186 661 1228 nisi
688 1202 779 1240 me,
802 1185 949 1229 ferunt
974 1185 1110 1246 agelli.

301 1255 526 1316 Quidquid
548 1255 716 1299 villicus
739 1255 927 1309 Umber,
949 1266 1024 1299 aut
1049 1256 1253 1308 colonus,

301 1328 390 1369 Aut
415 1343 488 1369 rus
517 1341 736 1369 marmore
762 1327 891 1370 tertio
915 1335 1111 1370 notatum
1131 1363 1140 1381 ‚

305 1398 389 1440 Aut
409 1397 540 1440 Tusci
562 1396 663 1449 tibi,
682 1395 915 1440 Tusculive
941 1398 1145 1451 mittunt,

153 1562 165 1582 1
176 1576 184 1583 .
199 1550 316 1581 Raucae
330 1549 423 1580 cortis
438 1559 518 1580 aves.
528 1547 676 1592 Propter
688 1558 770 1579 rau-

95 1615 174 1637 cum
200 1601 384 1645 strepitum
413 1600 528 1633 avium
562 1598 770 1632 domestica-

95 1667 196 1696 rum,
224 1666 308 1699 quas
334 1651 500 1686 describit
527 1660 646 1685 noster
670 1659 771 1697 poeta

95 1709 156 1741 lib.
166 1708 237 1747 III,
249 1706 340 1752 epig.
354 1717 459 1739 LVIII.
472 1706 649 1750 «Vagatur
658 1705 772 1737 omnis

97 1762 200 1795 turba
211 1759 360 1793 sordidae
370 1758 488 1799 cortis,
499 1759 652 1803 Argutus
662 1770 773 1798 anser,

97 1813 318 1859 gemmeique
330 1824 480 1858 pavones
489 1828 502 1840 n
511 1837 519 1852 ‚
527 1819 591 1844 etc.
601 1810 772 1843 ——Cortia

98 1867 262 1900 Pluribus
291 1865 390 1899 tectis
415 1865 487 1897 sive
514 1863 624 1896 muris
651 1871 774 1909 septae.

99 1920 206 1953 instar
229 1918 381 1964 mapalii.
405 1917 538 1950 Festus.
566 1937 618 1942 --
640 1918 725 1949 Aves
746 1924 776 1948 el

100 1986 168 2006 ονα.
194 1971 360 2011 Gallinae,
382 1982 538 2011 anseres,
562 1977 697 2009 anates,
722 1980 778 2002 co-

99 2025 226 2059 lumbae
235 2050 244 2065 ‚
255 2023 530 2057 emp-Metram.
540 2022 755 2056 Gallinarum
767 2048 777 2063 ‚

102 2086 256 2112 anatum.

158 2144 190 2164 2.
220 2131 270 2164 Et
291 2131 405 2173 furvas
435 2128 545 2162 codex
575 2128 775 2161 Pulmanni.

102 2184 302 2217 Lectionem
327 2191 481 2216 nostram
507 2181 672 2215 exhibent
696 2180 778 2214 edd.

104 2244 187 2270 vett.
205 2236 436 2269 omnes—E
439 2243 451 2266 t
455 2236 563 2280 flavas
577 2234 688 2267 medio.
703 2234 779 2267 Hoc

105 2297 178 2330 est,
205 2289 290 2322 ficus
321 2289 426 2322 Chias
453 2286 636 2320 moderato
664 2287 780 2320 calore

105 2342 308 2381 exsiccatas,
331 2339 375 2374 de
396 2340 522 2386 quihus
544 2353 648 2385 supra
671 2340 779 2385 epigr.

105 2407 192 2435 xxv3
212 2403 246 2428 et
262 2394 323 2427 lib.
343 2394 450 2431 XIII,
469 2393 578 2438 epigr.
596 2404 703 2425 xx111.

161 2447 195 2480 3.
215 2448 263 2480 Et
273 2447 399 2489 soetum.
421 2445 498 2478 Hoc
516 2453 584 2485 est,
601 2444 783 2478 haedillum

107 2500 151 2534 de
168 2512 238 2546 quo
255 2498 403 2533 sollicita
419 2507 469 2532 est
485 2497 628 2543 capella.
642 2498 782 2541 -Que-

108 2553 199 2587 ναίω.
221 2554 308 2595 Quae
327 2552 448 2585 foetum
470 2551 645 2584 absentem
664 2550 783 2595 gemit.

164 2609 199 2646 4.
223 2605 291 2639 Nec
303 2607 392 2650 jam,
417 2611 483 2638 etc.
510 2603 629 2636 Olivas
657 2603 786 2649 frigore

111 2658 334 2698 constrictas,
355 2657 410 2690 cui
429 2654 575 2690 ferendo
596 2655 755 2701 impares.

183 2733 245 2774 JJ.

885 1547 917 1580 5.
950 1548 998 1580 Et
1027 1561 1137 1581 canum
1163 1550 1289 1593 gelidis.
1325 1551 1401 1584 Hoc
1428 1561 1504 1593 est,

829 1599 936 1632 modo
958 1613 998 1633 ex
1020 1601 1124 1634 horto
1146 1602 1273 1636 lectum
1290 1629 1299 1644 ,
1322 1612 1423 1649 atque
1446 1604 1505 1638 ad·

829 1652 899 1685 huc
918 1665 1000 1686 cana
1020 1655 1148 1699 pruina
1167 1655 1295 1700 rigens.

885 1717 919 1750 7.
939 1706 971 1738 O
987 1719 1090 1752 quam.
1110 1707 1237 1742 Dedita
1256 1721 1382 1755 nempe
1401 1723 1506 1756 opera

831 1770 923 1791 erras
945 1758 1080 1804 fingens
1114 1769 1147 1793 te
1175 1762 1310 1794 nescire
1333 1763 1506 1798 sterilissi-

832 1824 927 1843 mum
951 1824 1022 1845 esse
1043 1825 1157 1846 meum
1181 1814 1339 1859 agellum.
1368 1816 1508 1850 De'Re-

833 1865 914 1909 gulo
935 1863 1069 1898 dictum
1088 1866 1148 1899 lib.
1169 1867 1207 1908 I,
1230 1867 1338 1913 epigr.
1357 1881 1510 1903 Lxxxnr

888 1918 922 1950 8.
943 1918 1020 1957 Nil,
1037 1921 1099 1951 nisi
1115 1932 1177 1958 me,
1197 1921 1318 1963 serunt.
1344 1921 1441 1955 Nihil
1467 1923 1510 1956 fe-

834 1978 939 2011 runt,
962 1970 1027 2003 nisi
1054 1984 1111 2005 me
1138 1980 1296 2014 tantum,
1321 1981 1355 2007 et
1373 1975 1430 2007 vix
1455 1988 1510 2009 me

834 2023 933 2056 alunt
948 2024 1048 2069 agelli
1066 2025 1148 2058 mei.

891 2089 926 2120 9.
945 2077 1112 2123 Quidquid
1124 2079 1250 2111 villicus
1265 2079 1391 2112 L'mber.
1403 2081 1512 2122 Quid-

836 2128 923 2174 quid
944 2129 1006 2162 tihi
1029 2130 1084 2162 vel
1105 2138 1186 2163 tuus
1209 2131 1344 2165 villicus
1366 2145 1405 2166 ex
1423 2134 1512 2167 Umae

835 2182 929 2222 bria,
944 2183 999 2215 vel
1016 2183 1133 2216 coloni
1150 2196 1190 2216 ex
1204 2184 1410 2219 Tusculanis
1425 2188 1513 2232 agris

837 2235 982 2268 mittunt
995 2261 1004 2277 ‚
1018 2235 1053 2268 id
1069 2236 1155 2268 mihi
1174 2236 1363 2270 emendum
1381 2238 1418 2271 in
1437 2240 1514 2273 foro

838 2287 1083 2328 Suburrrano‚
1103 2287 1140 2321 id
1162 2297 1210 2321 est
1223 2314 1232 2329 s
1253 2290 1289 2322 in
1313 2291 1421 2325 Urbe.

898 2353 960 2382 10,
980 2353 1037 2374 11.
1057 2341 1102 2373 Hi
1122 2340 1192 2374 duo
1210 2354 1330 2376 versus
1352 2352 1515 2391 transpo-

841 2393 895 2426 siti
906 2401 988 2426 sunt
999 2393 1034 2426 in
1047 2392 1126 2427 Ald.
1136 2394 1235 2427 Junt.
1249 2395 1514 2444 Colin.Gryp}1.

841 2446 1028 2479 Pulmann.
1051 2446 1162 2480 Plant.
1183 2448 1327 2481 Junian.
1352 2451 1461 2497 Lang.
1484 2463 1517 2486 et

844 2498 970 2544 Delph.
986 2520 1038 2524 —-
1053 2499 1213 2533 Marmore
1232 2505 1334 2535 tertio.
1354 2503 1430 2538 Hoc
1449 2514 1517 2544 est,

844 2563 904 2584 rus
930 2550 973 2584 ad
999 2552 1140 2585 tertium
1163 2554 1205 2586 ab
1223 2554 1320 2588 Urbe
1347 2557 1516 2598 milliare;

846 2603 982 2649 singula
995 2604 1086 2638 enim
1101 2605 1260 2640 milliaria
1274 2607 1449 2653 lapidibus
1461 2623 1525 2643 no·

850 2657 1022 2690 tabantur.

1260 2731 1276 2738 η

1225 2747 1277 2775 Ι.)
