1978 3305
409 211 468 265 31,

780 206 841 248 M.
866 204 1007 247 VAL.
1047 202 1439 246 MARTIALIS

545 296 641 340 Sint
665 293 796 348 mihi,
821 289 989 345 Paulle,
1012 298 1096 332 tuae
1126 287 1296 349 longius
1316 287 1537 349 Exquiliae.

476 366 560 411 Sed
587 363 825 408 Tiburtinae
853 377 947 404 sum
979 358 1204 420 proximus
1233 356 1384 402 accola
1411 357 1532 419 pilae3

546 437 646 492 Qua
672 433 789 476 videt
814 431 1039 489 antiquum
1066 429 1226 472 rustica
1250 427 1378 472 Flora
1401 431 1568 473 Jovem.

478 506 575 551 Alta
605 501 843 548 Suburrani
870 499 1082 543 vincenda
1111 508 1175 543 est
1199 499 1349 543 semita
1379 497 1503 554 clivi,
1804 520 1817 542 5

545 577 603 618 Et
631 587 856 631 nunquam
881 570 996 613 sicco
1022 568 1196 613 sordida
1222 585 1324 613 saxa
1349 568 1512 629 gradu3

475 647 646 705 Vixque
666 642 796 686 datur
816 639 967 700 longas
986 638 1207 684 mulorum
1229 655 1433 700 rumpere
1456 638 1681 695 mandras;

407 799 464 833 que
487 784 524 817 in
548 779 756 829 quibusdam
777 786 862 812 vett.
880 778 978 812 Mane
997 777 1083 810 (lomi

406 840 466 872 nisi
483 846 511 870 te
532 837 641 876 merui,
662 833 805 878 volulqzee
815 832 842 864 F
844 843 950 865 errar.
971 835 1082 875 1471;

406 890 487 925 Ald.
519 891 619 924 Junt.
646 886 760 921 Colin.
792 883 931 930 Gryph.
965 885 1026 916 m'si
1055 891 1083 915 te

404 944 497 978 volui
509 944 662 987 metuique
679 937 790 972 codex
800 937 909 970 Palat.
920 957 973 962 --
986 936 1083 970 Mane

408 998 493 1030 domi
506 1023 515 1038 ,
534 1004 598 1029 etc.
621 990 723 1026 Haud
744 990 850 1024 dubie
871 1001 955 1023 vera
975 989 1083 1022 lectio

407 1059 478 1085 est:
494 1051 553 1082 nisi
569 1056 597 1080 te
612 1046 702 1079 volui
715 1045 890 1088 meruique;
900 1042 997 1087 cujus
1010 1054 1086 1075 sen-

407 1102 517 1137 tentia
527 1109 595 1143 est,
607 1111 680 1132 non
692 1109 797 1143 quam
807 1095 910 1141 ponit
919 1094 1013 1128 infra
1020 1095 1085 1127 Ra-

409 1155 532 1196 derus;
545 1165 672 1187 verum
684 1151 758 1184 haec
769 1161 776 1183 :
788 1149 833 1182 Et
845 1148 1004 1182 voluntas
1015 1147 1084 1181 fuit

407 1209 497 1242 mihi
516 1216 549 1241 te
565 1218 667 1240 mane
685 1201 882 1243 salutandi,
896 1209 931 1235 et
947 1208 1084 1234 tantum

408 1262 447 1296 in
480 1259 518 1294 id
548 1271 662 1305 operae
687 1255 838 1301 sumpsi,
868 1263 908 1288 ut
935 1252 1086 1298 dignum

411 1322 498 1348 esset
514 1325 589 1347 eam
603 1323 676 1344 non
693 1308 822 1355 perire.
841 1307 878 1341 Si
897 1307 1007 1341 sciens
1025 1306 1086 1339 fal-

409 1368 445 1401 lo
456 1393 465 1407 ‚
481 1367 536 1400 vel
552 1364 700 1398 ulterius
715 1361 805 1396 absis
816 1386 825 1402 ,
842 1368 876 1394 et
887 1360 990 1405 longe
1006 1359 1084 1405 plus

411 1421 499 1454 mihi
518 1430 632 1464 operae
649 1413 858 1450 sumendum
876 1413 930 1446 sit.
957 1412 1085 1446 Grono-

413 1476 551 1508 vius.—-
566 1471 662 1505 Mane
676 1469 778 1508 domi,
799 1475 865 1500 etc.
883 1466 920 1499 Si
940 1465 1027 1499 tanti
1043 1465 1087 1498 sit

412 1527 477 1560 tihi
509 1524 666 1558 officium
696 1533 815 1554 meum
838 1527 877 1552 ut
909 1526 944 1552 te
964 1517 1086 1551 videre

412 1586 609 1618 mereatur,
632 1587 729 1609 amor
759 1571 905 1618 quidem
937 1583 1035 1605 meus
1058 1571 1086 1605 is

413 1640 476 1674 est,
493 1639 532 1664 ut
545 1629 587 1664 ad
601 1638 635 1663 te
653 1629 703 1661 ire
716 1626 821 1660 velim
833 1652 842 1668 ‚
859 1624 993 1658 etiamsi
1008 1624 1085 1657 lon-

413 1686 490 1732 gius
509 1685 624 1718 forent
640 1679 811 1726 Exquiliae
822 1704 831 1720 ‚
846 1678 907 1711 ubi
929 1685 968 1710 tu
986 1677 1086 1710 hahi-

414 1747 486 1780 tas3
503 1739 562 1770 uisi
576 1744 604 1768 te
614 1735 703 1768 volui
714 1734 880 1777 meruique.
889 1731 986 1764 Vett.
1004 1728 1086 1764 edd.

415 1794 478 1825 nisi
507 1798 534 1822 te
556 1789 652 1822 merui
677 1787 840 1831 voluique,
863 1784 932 1817 hoc
953 1795 1057 1817 sensu
1076 1794 1085 1816 :

415 1854 488 1879 tam
505 1842 592 1876 mihi
611 1852 711 1875 carus
731 1846 768 1872 es
781 1863 791 1881 ‚
806 1846 846 1870 ut
867 1837 896 1870 si
919 1844 952 1870 te
979 1834 1087 1869 modo

415 1909 550 1931 merear
559 1893 694 1935 videre,
706 1904 777 1926 non
790 1902 948 1924 recusem
961 1889 1089 1934 longis-

413 1951 540 1985 simum
559 1948 638 1982 iter.
652 1947 709 1979 Tu
728 1944 821 1978 enim
839 1943 875 1976 in
895 1941 1087 1987 Exquiliis,

415 2016 479 2049 ego
508 2001 550 2035 ad
573 2000 683 2046 pilam
703 1996 928 2032 Tiburtinam
953 1994 1086 2027 habito.

415 2055 484 2091 Sed
503 2067 537 2088 es
559 2053 667 2093 tanti,
686 2060 727 2085 ut
744 2051 771 2084 si
788 2049 843 2083 vel
862 2047 1003 2093 lougius
1021 2047 1088 2081 illae

416 2110 553 2150 forent,
573 2105 617 2140 nd
637 2114 672 2138 te
694 2105 757 2138 sim
775 2109 964 2141 venturus,
982 2099 1089 2134 niodo

417 2162 514 2196 domi
530 2159 715 2206 reperiam.
733 2156 850 2189 Rader.
868 2152 937 2187 Sed
959 2153 1089 2186 Farna-

415 2216 493 2250 hius
512 2221 650 2252 censet,
664 2207 928 2244 rescribendum
942 2232 950 2247 ‚
967 2209 1063 2239 metui
1077 2219 1089 2239 :

416 2267 554 2302 volebat
568 2265 718 2299 amicum
732 2262 861 2301 visere,
877 2258 939 2293 sed
955 2267 1089 2292 metue-

416 2323 488 2362 bat,
498 2331 541 2353 ne
551 2318 677 2352 Paulus
687 2316 740 2349 vel
749 2313 925 2348 dominon
934 2320 1053 2353 esset,v
1059 2312 1089 2345 el

415 2380 600 2419 negaretur
619 2383 702 2403 esse.
717 2368 807 2402 Mihi
830 2366 935 2400 etiam
953 2365 1090 2410 longius

415 2429 482 2460 iter
496 2426 540 2460 sit
558 2421 839 2468 suscipiendum,
856 2419 922 2453 nisi
936 2430 1089 2459 merear,

416 2488 449 2514 et
465 2478 603 2525 cupiam
620 2485 654 2510 te
665 2474 797 2508 videre.
811 2473 924 2518 Eligat
936 2472 1059 2505 lector.

470 2546 501 2566 2.
535 2529 697 2575 la'aequilia»
742 2539 827 2559 vero
872 2526 968 2558 locus
1010 2532 1083 2558 erat

413 2586 510 2619 urbis
535 2582 638 2616 valde
663 2580 793 2614 distans
818 2592 834 2611 a
861 2578 930 2623 pila
953 2577 1083 2610 Tibur-

412 2641 481 2672 tina
498 2665 505 2678 ‚
540 2636 599 2670 ubi
635 2642 706 2668 erat
741 2632 910 2677 templum
943 2631 1054 2663 Florae
1073 2655 1082 2667 ‚

1140 776 1236 811 unde
1261 777 1473 823 Capitolium
1499 784 1598 811 vetus
1622 775 1818 823 prospicie-

1140 831 1254 864 batur.
1283 830 1498 871 Marlianus,
1513 830 1574 863 lib.
1597 831 1652 869 V,
1674 842 1751 876 cap.
1774 844 1794 874 9
1808 856 1818 872 ‚

1142 891 1176 916 et
1191 885 1308 917 26.—
1321 882 1403 915 Sunt
1412 883 1487 915 milti
1496 881 1605 916 codex
1619 882 1818 916 Pulmanni.

1199 935 1233 969 3.
1256 935 1322 969 Sed
1347 936 1378 969 T
1377 935 1546 976 iburtinoe,
1574 943 1638 969 etc.
1662 935 1731 969 Sed
1754 948 1818 981 ego

1141 987 1262 1022 habito
1284 986 1327 1021 ad
1350 988 1457 1034 pilam
1478 988 1514 1020 in
1530 987 1585 1022 via
1608 988 1818 1030 Tiburtina,

1141 1040 1205 1074 lib.
1232 1041 1268 1082 I,
1298 1041 1408 1086 epigr.
1431 1052 1567 1082 can,
1586 1053 1637 1074 vs.
1663 1042 1696 1074 6.
1716 1041 1817 1082 Pila,

1142 1092 1181 1127 id
1203 1102 1273 1134 est,
1288 1094 1454 1127 columna
1477 1092 1614 1139 lapidea
1639 1092 1819 1139 quaedam‚

1145 1158 1257 1192 prope
1280 1147 1373 1180 viam
1397 1154 1432 1180 et
1453 1154 1616 1192 portam,
1651 1158 1727 1192 quae
1751 1145 1821 1180 du-

1143 1200 1243 1233 cebat
1256 1198 1300 1233 ad
1309 1200 1434 1240 Tibur,
1447 1198 1491 1233 de
1507 1212 1574 1245 qua
1594 1199 1683 1245 epig.
1696 1212 1746 1240 lv,
1759 1199 1820 1245 57.

1199 1257 1233 1293 4.
1255 1253 1330 1296 Qua
1348 1253 1459 1294 videt,
1481 1261 1548 1286 etc.
1571 1253 1687 1298 Prope
1708 1252 1822 1286 Florae

1144 1304 1218 1339 deae
1253 1305 1390 1339 rusticae
1429 1313 1463 1339 et
1497 1305 1628 1339 florum
1662 1304 1820 1351 praesidis

1144 1358 1334 1404 templum,
1356 1366 1463 1404 atque
1483 1367 1583 1392 vetus
1603 1358 1817 1403 Capitolium

1142 1412 1163 1444 J
1166 1411 1254 1445 ovis.
1269 1412 1456 1457 Templum
1478 1412 1572 1445 enim
1593 1412 1706 1445 Florae
1723 1410 1798 1444 deae
1810 1437 1820 1452 ,

1145 1473 1220 1497 erat
1253 1476 1272 1497 e
1304 1464 1448 1509 regione
1482 1463 1607 1498 domus
1637 1464 1819 1498 Martialis.

1144 1516 1238 1551 Vide
1254 1516 1442 1558 Ovidium,
1463 1517 1595 1551 Fastor.
1617 1517 1679 1550 lib.
1693 1518 1738 1551 V.

1200 1569 1234 1603 5.
1255 1570 1338 1603 Alta
1358 1570 1535 1603 Subari-uni
1548 1597 1556 1610 ‚
1578 1578 1644 1604 etc.
1662 1570 1739 1612 Qua
1758 1582 1822 1616 per

1144 1622 1340 1656 suburram
1363 1622 1563 1657 ascenditur
1589 1621 1633 1657 ad
1663 1630 1822 1656 montem

1144 1675 1384 1722 Exquilinum.
1407 1676 1527 1709 Clivus
1548 1676 1643 1709 enim
1662 1675 1821 1709 Saburra-

1144 1742 1203 1762 ηαδ
1224 1729 1315 1762 inter
1337 1729 1436 1762 urbis
1456 1730 1576 1763 Romae
1595 1728 1745 1763 notiora.
1768 1749 1822 1755 ——

1145 1781 1289 1816 Saburra
1309 1782 1406 1815 vicus
1426 1782 1546 1815 Romae
1568 1781 1735 1822 celebris,
1758 1780 1822 1827 qui

1145 1847 1165 1868 a
1193 1835 1273 1868 foro
1301 1836 1459 1868 Romano
1487 1833 1531 1868 ad
1559 1834 1675 1868 forum
1697 1834 1823 1868 Nervae

1146 1886 1444 1934 protendebatur,
1467 1899 1576 1933 usque
1605 1887 1641 1920 in
1669 1886 1823 1933 Esquili-

1146 1953 1230 1973 num
1242 1949 1410 1974 montem.
1421 1940 1542 1986 Epigr.
1553 1940 1615 1974 lib.
1630 1941 1682 1981 II,
1701 1952 1821 1986 17,vs.

1147 2006 1174 2026 1.
1190 1993 1273 2027 Haec
1290 1994 1344 2027 via
1358 1994 1430 2026 fere
1445 2005 1583 2039 semper
1598 2005 1734 2027 coenosa
1749 2001 1822 2026 erat

1147 2047 1193 2079 ob
1205 2046 1358 2080 vicinum
1373 2047 1659 2080 macellum.-—-l
1670 2046 1819 2079 incendet.

1147 2098 1277 2144 Magno
1304 2099 1422 2132 labore
1454 2098 1629 2145 erependa
1657 2107 1690 2132 et
1718 2110 1821 2144 supe-

1146 2151 1266 2186 randa.
1288 2153 1338 2185 De
1366 2152 1420 2185 his
1438 2153 1525 2186 locis
1550 2150 1622 2185 vid.
1642 2151 1756 2185 Varro
1777 2150 1822 2184 (le

1149 2205 1251 2250 Ling.
1274 2205 1348 2239 Lat.
1383 2206 1447 2245 IV,
1469 2208 1488 2239 8
1508 2218 1516 2246 ;
1540 2203 1691 2246 Quintil.
1715 2204 1754 2244 Ι,
1783 2216 1822 2249 7,

1148 2257 1192 2291 de
1214 2258 1439 2304 orthograph.
1459 2258 1580 2291 Festus
1607 2257 1667 2290 lib.
1697 2257 1820 2298 XVII,

1149 2311 1184 2344 in
1202 2312 1309 2344 verbo
1323 2311 1484 2350 Suburrm
1504 2310 1735 2353 Martial.vl,
1754 2311 1822 2351 68;

1147 2364 1273 2397 Juven.
1295 2372 1358 2398 sat.
1376 2376 1413 2400 x,
1439 2362 1522 2397 136.
1546 2363 1675 2397 Melius
1699 2362 1822 2397 scribi-

1148 2417 1272 2451 Sabura
1287 2444 1295 2457 ,
1317 2417 1512 2450 Suburanus.
1534 2417 1600 2450 En.

1212 2483 1245 2515 7.
1276 2471 1428 2515 Rumpere
1451 2470 1597 2502 mande-as
1625 2467 1738 2502 codex
1757 2467 1820 2500 Pa-

1147 2523 1274 2556 latinus
1294 2535 1302 2556 :
1333 2523 1370 2556 in
1394 2523 1467 2556 aliis
1481 2549 1490 2563 ‚
1511 2525 1635 2555 <vincere
1659 2521 1818 2554 mandras.

1143 2597 1193 2603 ———
1207 2577 1357 2622 Rumpere
1366 2576 1525 2608 mamb-115.
1536 2575 1665 2608 Ovium
1675 2601 1682 2610 .
1697 2575 1819 2613 boum,

1144 2630 1319 2663 mulorum
1338 2638 1433 2675 septa
1451 2636 1483 2661 et
1500 2628 1645 2662 claustra
1664 2626 1818 2661 inandroe
