1978 3305
356 246 609 289 EPIGRA
626 245 933 288 MMATUM
973 245 1098 287 LIB.
1128 244 1276 286 VIII.

1413 241 1506 303 327

753 389 883 444 XL.

607 538 675 566 AD
719 518 1023 566 PRlAPunL*

328 654 431 698 Nox
458 653 599 709 horti,
623 669 762 713 neque
788 651 974 713 palmitis
997 652 1134 698 beati.

327 723 410 768 Sed
433 724 517 766 rari
543 723 758 777 nemoris,
780 724 935 783 Priape
951 758 961 778 ,
987 732 1156 771 custos,

331 795 396 837 Ex
425 809 512 854 quo
543 803 669 838 natus
700 810 770 847 es,
801 803 844 837 et
870 802 995 854 potes
1021 793 1209 846 renasci,

329 865 537 917 Furaces,
565 880 722 908 moneo
738 899 748 919 ‚
774 880 928 907 manus
960 862 1141 924 repellas
1158 897 1168 910 ,

329 935 387 977 Et
412 933 575 994 sylvam
601 934 765 979 domini
795 934 901 979 focis
927 950 1133 978 reserves.

331 1005 375 1048 Si
406 1003 612 1048 defecerit
639 1005 759 1059 haec,
781 1015 825 1049 et
848 1006 939 1066 ipse
968 1004 1130 1066 lignum
1157 1020 1213 1048 es.

177 1133 191 1146 ⁶
217 1138 376 1171 Minatur
400 1138 528 1184 Priapo
554 1139 738 1172 hortorum
764 1147 797 1171 et

125 1191 182 1224 sib
192 1203 290 1224 arum
307 1189 442 1224 custodi
462 1191 616 1225 flammas
628 1214 638 1231 ‚
658 1191 724 1224 nisi
744 1203 800 1224 cu-

125 1242 254 1276 stodiat
279 1243 401 1276 silvam
431 1256 527 1278 suam
541 1269 551 1285 ‚
579 1243 798 1278 flammarum

126 1296 298 1329 alimenta.

181 1348 215 1383 3.
227 1349 284 1382 Ea:
297 1361 357 1394 quo
373 1357 465 1382 natus
484 1363 526 1382 es.
536 1348 620 1384 Vid.
631 1350 754 1383 Horat.
766 1350 800 1391 I,

128 1411 189 1435 sat.
199 1413 284 1435 vnl.
298 1416 311 1429 v
325 1401 418 1435 Olim
435 1411 580 1436 truncus
595 1415 689 1436 eram
705 1402 803 1436 ficul-

128 1467 217 1496 nus,
236 1454 358 1489 inutile
378 1455 514 1501 lignum
531 1473 563 1497 υ,
582 1464 646 1489 etc.

911 1141 946 1172 6.
974 1138 1011 1171 Si
1040 1138 1186 1181 defecerit
1217 1138 1273 1170 Ιιοε
1303 1136 1386 1170 edit.
1420 1137 1528 1182 antiq.

858 1191 992 1224 Ferrar.
1020 1190 1100 1224 Ald.
1126 1191 1225 1224 Junt.
1249 1190 1362 1224 Colin.
1391 1188 1528 1235 Gryph.

858 1244 1046 1277 Pulmann.
1077 1242 1253 1277 Calderin.
1281 1244 1389 1287 Lang.
1418 1243 1531 1275 Plant.

859 1297 880 1329 J
884 1296 1001 1330 unian.
1029 1304 1062 1330 et
1087 1297 1214 1343 Delph.
1238 1296 1276 1329 Si
1298 1296 1443 1339 defecerit
1468 1296 1532 1327 haec

861 1349 964 1384 Grut.
981 1349 1092 1383 Scriv-
1113 1350 1262 1383 Farnah.
1278 1357 1313 1382 et
1332 1356 1532 1383 recena.—

861 1402 899 1436 Si
917 1402 1063 1446 deficeric
1082 1403 1214 1448 lignum
1235 1402 1408 1440 nemoris,
1424 1413 1534 1446 quum

863 1464 896 1489 et
918 1449 991 1501 ipse
1013 1455 1146 1500 lignum
1170 1456 1237 1494 sis,
1260 1463 1293 1488 te
1314 1454 1532 1487 comburam.

750 1586 915 1642 XLI.

591 1737 658 1765 AD
707 1717 1083 1767 FAUSTINUM.*

205 1859 389 1903 Tmsrls
416 1857 718 1919 Athenagoras
743 1873 832 1901 non
856 1857 972 1902 misit
996 1873 1177 1901 munera
1205 1857 1328 1902 nobis
1344 1893 1354 1911 ‚

276 1927 387 1985 Quae
413 1926 555 1972 medio
579 1927 746 1972 brumae
773 1928 946 1972 mittere
974 1945 1121 1972 mense
1149 1927 1269 1972 solet.

209 2001 276 2042 An
305 1999 360 2042 sit
389 1997 692 2060 Athenagoras
718 1999 876 2053 tristis,
897 1999 1098 2042 Faustine
1113 2035 1124 2053 ‚
1146 1998 1329 2046 videb0;

278 2071 349 2112 Me
373 2078 490 2113 certe
514 2070 682 2113 tristem
703 2069 804 2113 fecit
824 2068 1136 2129 Athenagoras.

194 2197 331 2248 'Hujus
354 2202 609 2248 epigrammatis
632 2202 818 2236 lectionem

144 2266 215 2287 non
249 2255 383 2288 variant
416 2255 626 2300 exemplaria
661 2255 788 2300 scripta
808 2281 817 2297 ,

146 2316 204 2340 aut
225 2319 363 2341 excusa.

204 2372 234 2393 1.
263 2361 377 2393 Tristis
405 2360 642 2404 Athenagoras.
668 2361 720 2394 De
748 2373 818 2406 quo

148 2412 208 2445 lib.
229 2413 282 2445 IX
299 2438 308 2453 ‚
329 2412 438 2457 epigr.
460 2424 552 2445 xcw.
578 2412 706 2446 Sensus
736 2421 785 2445 est
810 2425 817 2445 ;

148 2466 294 2499 Moestus
311 2465 398 2498 mihi
416 2464 555 2498 videtur
572 2465 821 2510 Athenagoras,

149 2517 244 2564 quod
263 2518 351 2551 nihil
371 2516 414 2550 ad
434 2530 490 2550 me
514 2517 646 2551 miserit
661 2517 823 2552 Saturna-

150 2571 237 2604 lium
257 2579 414 2616 tempore
433 2582 440 2603 :
459 2582 522 2615 ego
534 2596 542 2610 ,
562 2570 677 2616 inquit
695 2571 802 2604 Poeta
814 2596 823 2611 ,

152 2624 268 2658 nescio
288 2636 330 2657 an
350 2636 431 2657 vere
453 2622 586 2664 doleat,
605 2632 639 2657 at
661 2636 724 2668 ego
745 2636 824 2657 vere

877 2202 982 2236 doleo
1005 2203 1100 2248 quod
1125 2204 1215 2237 nihil
1239 2203 1447 2248 acceperim.
1470 2202 1549 2235 Lib.

878 2256 943 2296 IV,
965 2255 1075 2300 epigr.
1095 2268 1189 2289 xlxi.

935 2320 966 2341 2.
979 2308 1088 2341 Medio
1108 2309 1235 2341 brumae.
1248 2307 1323 2340 Hoc
1340 2318 1390 2341 est
1402 2334 1411 2348 ‚
1433 2320 1549 2341 mense

879 2361 1064 2393 Decembri
1089 2373 1096 2393 :
1121 2362 1244 2394 bruma
1270 2372 1355 2393 vero
1383 2360 1551 2406 significat

879 2412 953 2446 dies
965 2413 1100 2457 hyemis
1116 2414 1350 2447 brevissimos.
1370 2414 1493 2447 Cicero
1509 2413 1552 2447 de

881 2465 961 2499 Nat.
977 2467 1081 2499 Deor.
1100 2466 1160 2500 lib.
1174 2468 1222 2499 II.
1246 2484 1259 2495 «ι
1277 2466 1364 2499 Solis
1380 2479 1553 2500 accessum

882 2516 1140 2564 discessumque
1166 2519 1302 2552 brumis
1331 2519 1555 2566 solstitiisque

884 2571 969 2604 fieri.
994 2589 1006 2600 n

940 2624 972 2657 3.
991 2624 1125 2657 Videbo.
1145 2625 1295 2665 Dubito,
1318 2637 1388 2658 non
1407 2626 1556 2658 affirmo.

1264 2743 1352 2786 21¹
