1978 3305
464 209 564 272 476

837 213 898 253 M.
923 212 1062 253 VAL.
1103 212 1493 256 MARTIALIS

603 298 710 342 Odit
734 298 961 341 amatrices
982 298 1377 358 Hermaphroditus
1402 298 1565 359 aquas?

530 368 649 425 Quid
673 378 714 412 te
740 384 851 411 vana
874 367 1032 427 juvant
1057 368 1224 412 miserae
1251 367 1433 411 ludibria
1461 368 1650 413 chartae?

602 441 698 482 Hoc
725 437 841 498 lege,
862 437 981 498 quod
1003 438 1138 498 possit
1163 438 1306 482 dicere
1332 439 1443 494 vita,
1467 440 1620 482 Meum
1647 449 1721 483 est.

531 509 631 551 Non
655 508 727 552 hic
751 510 1014 563 Centauros,
1041 524 1130 552 non
1153 510 1386 570 Gorgonas
1401 542 1412 563 ‚
1439 510 1741 570 Harpyiasque.

598 578 799 622 Invenies

830 596 839 620 :
870 578 1095 622 hominem
1119 580 1278 640 pagina
1307 589 1456 623 nostra
1483 580 1607 640 sapit.

604 727 746 773 Δεῖσας
773 727 1035 783 ἐρωτομανεῖς
1065 714 1353 785 Ερμαφρόδιτε
1383 725 1534 785 ῥόθους.

531 795 582 837 Γί
607 799 801 854 χραισμεῖ
826 812 868 837 σε
897 794 990 837 κενὰ
1023 795 1232 854 κρυόεντος
1260 795 1478 856 παίγματα
1502 795 1681 856 χάρτους

601 866 729 907 Ταυτ’
760 865 1005 926 ἀναγνωσον,
1032 863 1057 907 ἂ
1088 866 1224 926 γνοὺς,
1253 872 1349 924 φῆς,
1379 866 1472 926 ἐμόν
1504 867 1590 909 ἐστι
1619 861 1730 909 τόδε.

534 921 625 976 Ενθ’
652 936 696 977 οὐ
723 937 1002 994 Κενταυρους,
1029 938 1073 978 οὐ
1105 936 1324 995 Γοργόνας,
1356 929 1538 996 Ᾰρπυίας
1569 953 1615 979 τε

601 1007 763 1065 Εὕροις·
793 1007 950 1048 Μοῦσ’
941 1002 986 1047 ἀν
1014 1007 1087 1062 ἐμὴ
1118 999 1232 1065 ἅνδρ
1260 1007 1455 1049 ἐνέπουσα
1482 1011 1626 1066 φρονεῖ.

459 1149 524 1194 lige
539 1175 548 1191 ‚
575 1158 700 1183 notum
725 1162 766 1183 ex
791 1149 921 1183 ovidio
945 1150 1006 1183 lib.
1027 1150 1133 1185 VIII.

457 1202 544 1236 Met.
565 1201 659 1248 apud
675 1215 778 1248 quem
797 1211 832 1236 et
842 1202 1136 1248 Hermaphroditi

459 1255 612 1288 fabulam
631 1256 724 1300 leges
736 1281 745 1296 ‚
763 1256 824 1289 lib.
842 1256 906 1295 IV,
928 1256 1070 1288 Metam.

513 1310 548 1341 6.
577 1309 777 1349 Amatrices,
813 1317 878 1342 etc.
914 1307 1134 1341 salmacidas.

458 1359 563 1394 Ovid.
595 1361 738 1394 Metam.
765 1361 831 1402 1V;
860 1362 993 1394 Auson.
1024 1361 1134 1406 epigr.

458 1425 540 1447 xcrx
552 1439 560 1454 ‚
575 1421 610 1446 et
625 1426 741 1447 vanr
752 1439 762 1455 ,
775 1413 857 1447 vide
871 1422 905 1447 et
919 1413 1009 1447 infra
1025 1413 1133 1459 epigr.

459 1479 544 1505 xxx,
557 1479 606 1499 vs.
632 1479 686 1500 10.

514 1532 546 1563 7.
565 1519 694 1552 Miseroe
716 1519 865 1552 ludibria.
890 1519 967 1552 Hoc
993 1527 1064 1561 est,
1086 1518 1134 1551 fa-

458 1572 621 1605 bularum
636 1571 751 1606 ludos.

513 1625 545 1658 8.
567 1625 665 1670 Quod
677 1628 797 1670 possit,
824 1633 888 1659 etc.
908 1625 1037 1659 «Recte
1055 1637 1135 1658 sane

458 1677 531 1710 Pal.
548 1691 624 1724 q.p.
645 1679 678 1711 d.
693 1681 774 1712 vita.
789 1677 844 1711 Sic
862 1685 896 1711 et
913 1678 1135 1711 Percheime-

456 1730 610 1764 rianus.»
626 1731 767 1766 Gronov.
785 1732 860 1765 Hoc
880 1739 1016 1765 rectum
1036 1738 1136 1777 putat

457 1782 698 1826 Schrevelius,
720 1793 753 1818 et
775 1783 834 1818 dat
858 1796 939 1818 cum
961 1784 1075 1817 Maitt.
1102 1791 1136 1817 et

459 1836 600 1870 Bar-hou.
638 1837 708 1870 Alii
750 1837 873 1883 legunt
912 1851 942 1884 q.
978 1840 1079 1882 possit
1115 1837 1139 1869 d

459 1891 587 1935 quisque
604 1903 683 1924 cum
698 1889 776 1924 cod.
793 1891 909 1924 Pulm.
928 1891 970 1933 Q.
984 1892 1085 1935 possis
1101 1890 1134 1923 d.

451 1943 525 1985 jure
537 1942 617 1976 edd.
633 1944 743 1990 antiq.
764 1951 798 1976 et
814 1943 989 1976 Farnabii.
1000 1943 1136 1975 —Hoc

457 1995 535 2039 lege.
557 1995 667 2037 Quod
692 2005 825 2042 spectat
845 1995 889 2030 ad
910 2005 988 2030 tuos
1008 2008 1134 2029 mores·

458 2049 509 2080 De
528 2049 712 2083 Centauris
731 2048 837 2083 Ovid.
851 2049 913 2083 lib.
931 2049 1002 2081 XII
1018 2074 1026 2090 ,
1049 2049 1133 2082 Met.

457 2101 638 2147 Gorgones
666 2115 749 2136 vero
780 2103 907 2136 Phorci
934 2101 1038 2145 filiae,
1060 2102 1135 2135 Me-

457 2153 541 2187 ‹lusa
555 2177 564 2193 ‚
599 2155 758 2201 Sthenyo
779 2181 789 2196 ,
824 2155 882 2189 alii
918 2154 1042 2188 Sthino
1059 2181 1068 2195 ‚
1102 2162 1136 2187 et

458 2208 623 2254 Euryale.
663 2210 749 2243 Aliae
779 2220 921 2255 quoque
952 2208 1137 2253 Gorgones

458 2260 572 2303 suere,
588 2275 673 2308 quas
691 2270 849 2296 recenset
865 2261 997 2295 Natalis
1011 2261 1136 2295 Comes

459 2313 520 2348 lib.
538 2315 622 2349 VII.
641 2315 796 2362 Mythol.
816 2327 892 2361 cap.
920 2327 933 2347 1
946 2327 978 2348 2.

511 2381 531 2411 9
541 2397 546 2401 Α
556 2369 759 2416 Ilarpiasque
768 2369 918 2402 Barbou.
933 2367 967 2401 A
969 2370 1136 2413 rpgiasque

459 2420 537 2454 ΑΜ.
560 2423 658 2455 Junt.
687 2422 802 2456 Colin.
824 2443 876 2448 —
899 2421 1133 2466 Hmyqriasque.

460 2473 617 2519 Neptuni
646 2484 678 2508 et
708 2475 826 2508 Terrae
852 2474 954 2515 filiae3
980 2487 998 2507 a
1021 2474 1136 2520 poetis

459 2527 642 2572 linguntur
667 2540 825 2573 rapaces,
855 2527 1012 2560 volatiles
1029 2553 1037 2566 ‚
1064 2527 1133 2559 vir-

459 2579 561 2625 gineo
580 2582 692 2622 vultu,
707 2590 739 2613 ‹·t
754 2581 915 2615 inanibus
927 2581 1034 2614 uncis.
1047 2581 1136 2621 Qua·

460 2642 528 2666 tres
545 2643 795 2667 enumerantur
806 2647 822 2666 a
836 2634 1002 2678 Virgilio,
1017 2633 1135 2670 Helle,

1196 1150 1372 1196 Ocypete,
1392 1158 1426 1183 et
1443 1151 1592 1185 Celaeno.
1604 1149 1697 1183 Vide
1715 1149 1872 1184 Natalem

1196 1203 1392 1243 Comitem,
1412 1203 1475 1237 lib.
1493 1204 1584 1244 VII,
1605 1215 1679 1249 cap.
1707 1204 1740 1237 6.

1254 1268 1307 1289 10.
1319 1256 1488 1289 Hominem
1499 1259 1633 1301 pagina.
1645 1256 1763 1289 Mores
1779 1256 1873 1289 enim

1195 1307 1380 1342 hominum
1422 1309 1605 1354 corrigunt
1636 1317 1740 1354 atque
1773 1308 1873 1342 insti-

1197 1368 1302 1394 tuunt
1334 1361 1416 1395 libri
1443 1361 1522 1395 mei.
1559 1363 1644 1395 Mox
1680 1362 1715 1394 in
1749 1361 1873 1394 ultimo

1194 1425 1295 1446 versu
1314 1439 1322 1454 ‚
1354 1415 1423 1447 Nec
1451 1415 1605 1459 sacrilege
1626 1415 1736 1448 Sextia
1763 1412 1874 1447 codex

1194 1466 1331 1500 Beverl.
1354 1466 1465 1500 Sextia
1485 1467 1622 1500 Ferrar.
1653 1466 1735 1500 anni
1761 1470 1873 1511 147¹-

1195 1519 1294 1553 Αἴτια
1319 1519 1439 1565 legunt
1462 1518 1543 1553 edd.
1568 1520 1675 1553 Paris.
1700 1522 1794 1564 1617
1813 1545 1822 1561 ‚
1841 1528 1874 1553 et

1194 1572 1419 1606 recentiores.
1434 1572 1490 1606 Sic
1505 1580 1628 1606 monet
1642 1571 1849 1606 Calderinus
1863 1584 1872 1605 :

1200 1625 1326 1670 «Legas
1338 1626 1453 1659 Etln'a.
1472 1625 1588 1659 Colin.
1604 1625 1686 1658 Ald.
1701 1625 1800 1658 Junt.
1814 1624 1873 1659 alii

1193 1677 1337 1712 habent.
1363 1678 1430 1712 Sed
1453 1691 1516 1712 nec
1547 1677 1637 1711 illud
1656 1679 1771 1724 leges:
1791 1677 1875 1724 quia

1193 1729 1281 1763 illud
1323 1732 1426 1765 etiam
1459 1740 1509 1765 est
1545 1731 1581 1764 in
1616 1731 1776 1764 Moribus
1793 1742 1801 1763 τ
1827 1731 1874 1764 ita

1194 1782 1304 1817 codex
1340 1784 1503 1830 antiquus
1537 1784 1656 1817 habet.
1693 1783 1784 1817 Sunt
1814 1784 1874 1829 qui

1193 1836 1310 1881 legant
1322 1839 1419 1882 sumt
1440 1838 1558 1870 Etlzea.
1584 1836 1652 1870 Sed
1676 1836 1874 1881 intelligen-

1194 1888 1282 1923 dum
1298 1889 1342 1923 de
1357 1902 1463 1936 opere
1480 1889 1686 1925 Callimachi
1700 1890 1734 1922 in
1754 1889 1869 1923 Ibin.»

1194 1942 1297 1977 Prius
1323 1942 1552 1977 adnotaverat
1581 1940 1652 1982 ἦθος
1674 1954 1808 1976 morem
1828 1942 1874 1975 si-

1194 1995 1379 2040 gnificare:
1397 2008 1500 2042 quam
1515 2004 1615 2029 vocat
1633 1996 1800 2042 impressa
1817 1993 1876 2028 ad·

1195 2049 1332 2083 notatio
1355 2050 1391 2082 in
1418 2061 1528 2094 marg.
1551 2047 1660 2094 ejusd.
1683 2048 1737 2082 ed.
1762 2047 1871 2081 Paris.

1201 2118 1213 2130 ‹-
1231 2101 1392 2135 vitiosam
1403 2101 1730 2147 interpretationem
1747 2100 1874 2146 depra-

1196 2162 1282 2188 vatae
1291 2155 1371 2188 lect.
1382 2172 1395 2184 n
1416 2153 1586 2188 Heraldus
1595 2153 1736 2188 videtur
1751 2154 1874 2199 legisse

1196 2207 1305 2241 JEtia.
1319 2229 1362 2234 —
1374 2209 1476 2252 Legas
1493 2209 1596 2241 αἴτια.
1614 2207 1690 2240 Hoc
1709 2214 1759 2241 est
1771 2203 1873 2246 (nam

1196 2261 1311 2302 Αἴτια,
1323 2256 1466 2304 Causas)
1476 2260 1739 2306 ‚Legaslibrum
1750 2285 1759 2300 ,
1770 2272 1873 2305 quem

1195 2314 1333 2360 scripsit
1359 2313 1596 2348 Callimachus
1622 2312 1665 2346 de
1695 2313 1816 2346 Causis
1841 2321 1875 2346 et

1196 2365 1405 2412 Originibus
1424 2367 1568 2400 Rerum.
1590 2367 1641 2399 De
1661 2365 1875 2400 Callimacho

1197 2419 1333 2453 dictum
1357 2420 1418 2453 lib.
1443 2420 1508 2461 IV,
1528 2419 1636 2465 epigr.
1659 2430 1764 2452 xxlu.
1788 2418 1874 2452 Sen-

1196 2486 1253 2507 sus
1275 2481 1324 2507 est
1352 2485 1359 2506 ε
1389 2473 1507 2515 Quum
1542 2472 1634 2505 nolis
1665 2483 1873 2516 cognoscere

1199 2535 1230 2559 te
1251 2526 1362 2572 ipsum
1376 2553 1384 2566 ‚
1403 2526 1479 2571 lege
1497 2539 1585 2572 opus
1608 2524 1808 2558 Callimachi
1831 2522 1874 2556 do

1348 2594 1356 2621 ;
1382 2578 1477 2624 quod
1504 2579 1635 2612 somnia
1670 2576 1872 2611 Callimachi

1199 2641 1294 2667 roca(
1309 2633 1523 2678 Propertius.
1538 2630 1643 2672 Quod
1656 2631 1681 2663 si
1694 2631 1784 2675 legas
1795 2642 1873 2662 cum

1199 2580 1319 2612 (Iausis
