1978 3305
357 218 939 263 EPIGRAMMATUM
977 218 1101 260 LIB.
1141 218 1227 260 IX.

1399 217 1496 272 433

167 309 222 350 Et
253 305 408 349 virides
433 307 548 366 picto
575 322 767 366 gemmas
795 305 1041 348 numeravit
1069 305 1112 346 in
1139 320 1268 358 auro,

235 376 459 436 Quidquid
487 386 529 419 et
558 392 582 419 a
612 377 740 419 nivea
768 374 972 436 grandius
1003 390 1105 417 aure
1132 384 1268 418 sonat.

169 446 471 507 Sardonychas
502 463 626 490 veros
657 461 805 490 mensa
833 445 1028 505 quaesivit
1056 446 1099 487 in
1125 446 1268 497 omni,

236 519 293 560 Et
322 517 508 577 pretium
539 517 706 577 magnis
733 516 834 560 fecit
860 514 1109 575 iaspidibus.

168 587 411 630 Undecima
438 586 572 631 lassus
595 603 728 647 quum
748 587 837 645 jam
860 584 1101 628 discederet
1122 585 1251 633 hora,

237 658 342 701 Asse
373 657 481 702 duos
509 656 662 700 calices
690 657 813 709 emit,
843 664 885 697 et
914 655 1005 714 ipse
1036 653 1144 697 tulit.

157 810 212 841 17.
236 795 364 828 Virides
389 808 548 840 gemmas,
576 802 641 828 etc.
676 795 771 827 Sma—

97 849 221 894 ragdos
243 861 348 881 aureo
371 848 468 881 calici
484 848 642 881 insertos.
666 848 769 881 Conf.

98 903 157 935 lib.
180 902 279 940 XIV,
302 901 413 946 epigr.
434 913 503 934 cxx.
516 899 657 933 Virides
676 901 771 933 enim

97 967 248 999 gemmas
276 966 362 988 auro
391 952 593 987 decorando
624 953 771 986 maxime

98 1007 289 1040 convenire
302 1032 312 1048 ,
330 1019 533 1052 persuasum
553 1006 742 1039 Veteribus
761 1018 770 1047 ;

97 1068 312 1106 quapropter
341 1072 396 1093 eas
423 1059 599 1104 praecipue
636 1058 772 1104 poculis

98 1113 208 1146 aureis
227 1111 464 1146 includebant.

157 1178 169 1199 1
179 1167 214 1200 8.
227 1167 317 1199 Aure
326 1174 429 1198 sonat.
437 1165 633 1210 Margaritae
646 1176 772 1210 nempe

97 1226 200 1263 atque
224 1219 371 1251 uniones
392 1217 593 1263 pendebant
619 1230 659 1250 ex
679 1217 773 1250 auri-

100 1271 163 1304 bus
182 1271 380 1305 mulierum.

890 807 902 828 1
912 807 946 839 9.
969 794 1080 827 Veros.
1092 794 1205 827 Habet
1226 794 1283 827 hic
1299 795 1504 829 Beverlandi

830 847 905 880 MS.
926 860 982 893 que
994 849 1077 879 viro.
1096 846 1166 879 Alii
1183 860 1301 879 mensas
1314 850 1456 893 quoesivit
1474 852 1506 882 in

831 913 958 933 omnes:
975 907 1014 933 ut
1036 900 1073 932 in
1097 900 1195 932 Junt.
1229 899 1344 934 Colin.
1371 909 1436 934 etc.
1454 923 1504 928 -—-

831 953 1053 999 Sardonychas
1088 966 1190 986 veros.
1225 953 1314 986 Sunt
1347 954 1442 986 enim
1472 963 1506 988 et

832 1005 1036 1046 adulterini,
1046 1005 1109 1038 lib.
1121 1006 1186 1046 IV,
1197 1005 1308 1051 epigr.
1320 1019 1378 1040 mu
1387 1032 1397 1047 ‚
1406 1020 1455 1040 vs.
1470 1010 1503 1039 6.

889 1072 905 1091 2
917 1072 946 1092 1.
962 1058 1144 1092 Undecima.
1163 1058 1238 1091 Hoc
1254 1067 1304 1092 est
1315 1085 1324 1100 ‚
1339 1059 1425 1092 hora
1435 1059 1506 1092 diei

832 1110 1040 1153 undecima,
1063 1124 1131 1144 una
1155 1120 1233 1145 ante
1253 1121 1417 1154 noctem;
1443 1113 1504 1145 lib.

832 1166 899 1204 IV,
919 1165 1026 1209 epigr.
1048 1176 1129 1197 vut.

889 1230 906 1250 2
915 1230 931 1249 2
940 1243 947 1250 .
961 1218 1008 1249 Et
1021 1220 1085 1262 ipse
1098 1217 1180 1250 tulit.
1190 1217 1284 1258 Quia
1294 1225 1362 1250 tam
1374 1230 1508 1265 pauper

833 1278 905 1302 erat
918 1295 927 1310 ,
945 1278 983 1302 ut
1003 1283 1066 1303 nec
1089 1282 1225 1302 servum
1246 1270 1400 1303 haberet.

718 1408 882 1463 LXI.

296 1567 488 1595 SABINO
527 1566 719 1594 ΜΙΤΤΙΤ
751 1564 1013 1594 CORONAM
1053 1545 1310 1593 ROSEAM.*

173 1693 264 1736 SEU
289 1700 336 1734 tu
357 1690 561 1733 Paestanis
585 1689 729 1750 genita
750 1705 817 1744 es,
841 1705 914 1732 seu
941 1688 1112 1731 Tiburis
1138 1689 1275 1739 arvis,

242 1762 327 1805 Seu
354 1760 501 1804 rubuit
523 1758 649 1803 tellus
670 1757 859 1803 Tuscula
882 1758 988 1802 flore
1012 1767 1110 1813 tuo,
1199 1764 1208 1781 ³

174 1834 260 1876 Seu
286 1831 552 1875 Praenestino
579 1840 620 1873 te
645 1828 785 1873 villica
812 1828 915 1890 legit
940 1830 984 1872 in
1011 1829 1165 1880 horto,

245 1903 329 1945 Seu
360 1901 492 1945 modo
520 1900 734 1961 Campani
762 1898 899 1960 gloria
930 1899 1040 1942 ruris
1068 1915 1185 1952 eras;

172 1971 400 2016 Pulchrior
425 1981 474 2015 ut
503 1981 652 2014 nostro
683 1970 857 2013 videare
883 1985 1045 2013 corona
1070 1970 1256 2021 Sabino,

244 2044 313 2086 De
339 2044 618 2087 Nomentano
645 2050 686 2085 te
716 2050 839 2101 putet
864 2057 955 2084 esse
983 2056 1092 2083 meo.

158 2178 171 2192 '¹
188 2184 237 2215 De
264 2195 377 2215 corona
407 2194 495 2214 rosea
520 2181 555 2214 in
592 2179 673 2214 edd.
696 2188 780 2213 vett.

107 2234 183 2268 Ald.
211 2236 308 2268 Junt.
334 2234 454 2268 Colin.
484 2234 622 2279 Gryph.
651 2233 779 2278 Delph.

108 2289 202 2321 nulla
231 2288 296 2320 alia
316 2287 462 2320 varietas
492 2287 527 2319 in
556 2286 655 2319 libris
683 2286 781 2318 inve-

106 2341 216 2374 nitur.

160 2394 297 2434 —Quo
317 2392 448 2437 gratior
466 2392 510 2425 sit
531 2392 640 2424 Caesio
654 2390 781 2424 Sabino

106 2458 205 2479 rosea
227 2446 302 2479 haec
324 2457 451 2478 corona
471 2457 575 2489 quam
598 2443 647 2476 illi
666 2444 784 2482 mitto,

107 2507 207 2544 putet
233 2499 323 2531 hanc
343 2506 459 2530 natam
486 2497 589 2530 fuisse
617 2496 653 2528 in
681 2496 785 2528 horto

108 2564 187 2585 meo
213 2553 435 2585 Nomentano
458 2561 465 2582 :
489 2549 552 2583 etsi
580 2548 669 2582 forte
701 2549 743 2581 sit
768 2561 786 2581 e

108 2604 222 2638 bifero
242 2604 352 2638 Paesto
362 2629 371 2645 ,
397 2603 533 2636 Tibure
546 2628 555 2645 ‚
567 2602 764 2635 Tusculano
777 2627 785 2642 ‚

219 2702 276 2742 ll.

841 2181 1015 2213 Praeneste
1027 2205 1036 2221 ‚
1058 2193 1118 2213 seu
1136 2181 1337 2226 Campania.
1355 2182 1514 2228 Namque

842 2233 930 2265 rnihi
952 2241 1067 2278 empta
1086 2241 1136 2265 est
1153 2245 1160 2265 :
1183 2233 1230 2266 sic
1248 2234 1351 2266 etlib.
1371 2236 1420 2277 X,
1441 2239 1513 2281 epi-

845 2293 1035 2331 grammate
1055 2298 1147 2318 xCIV.

901 2351 933 2371 1.
958 2338 1021 2371 Seu
1047 2346 1090 2370 lu.
1114 2339 1284 2371 Recenset
1311 2340 1403 2373 varia
1443 2342 1514 2375 loca

845 2404 923 2436 quae
947 2391 1033 2423 rosis
1060 2389 1297 2433 abundarent,
1319 2391 1363 2427 de
1389 2394 1515 2439 quibus

845 2443 968 2489 saepius
987 2442 1131 2476 dictum.

899 2500 931 2529 6.
953 2497 1005 2528 De
1026 2496 1246 2537 Nomentano,
1276 2506 1339 2531 etc.
1363 2500 1403 2532 In
1434 2514 1515 2545 agro

846 2561 909 2581 suo
932 2550 1152 2582 Nomentano
1168 2576 1177 2590 ,
1196 2549 1240 2582 de
1269 2564 1338 2596 quo
1365 2553 1432 2595 jani
1457 2555 1515 2587 lib.

848 2602 900 2641 ΙΙ,
921 2601 1031 2647 epigr.
1053 2615 1200 2637 xxxvur.

1209 2699 1268 2740 228
