1978 3305
408 220 465 248 10

778 203 840 247 M.
871 205 945 248 VA
959 206 1008 249 L.
1042 205 1136 248 MA
1150 206 1434 252 RTIALIS

611 293 705 336 Nec
727 293 971 352 porrexeris
991 295 1096 349 ista,
1120 294 1196 339 sed
1219 304 1390 351 teneto,

612 363 683 406 Sic
713 372 921 423 tanquam
950 362 1058 407 nihil
1089 364 1250 411 offeras
1276 382 1478 427 agasque.

611 433 656 475 Si
682 434 785 476 novi
811 432 1038 477 dominum
1066 450 1226 480 novem
1256 452 1482 490 sororum,

612 501 742 546 Ultro
767 519 1039 564 purpureum
1060 515 1180 566 petet
1201 505 1408 550 libellum.

399 639 453 672 vel
475 651 517 672 ex
537 639 658 679 ebore,
679 652 757 685 quae
783 641 946 676 extremIS
968 642 1077 676 libro·

399 705 478 725 rum
497 692 656 737 partibus
677 691 911 728 addebantur.

458 747 514 779 18.
538 745 577 778 St
594 748 676 779 novi.
699 745 852 780 Videtur
873 747 942 781 hoc
961 746 1079 782 dicere

402 797 592 839 Martialis;
609 811 689 831 nam
706 799 735 832 si
750 800 863 834 Musae
879 801 978 847 loqui
996 814 1079 847 pcr-

399 859 519 894 gerent
531 876 541 892 ,
567 851 760 898 scripsisset
780 853 968 899 pluraliter
984 879 994 895 ,
1012 855 1079 888 nisi

399 904 480 948 quis
497 902 590 938 dicat
607 917 713 938 unam
730 917 795 951 pro
815 908 948 941 caeteris
967 908 1077 954 loqui.

1139 666 1190 671 -—
1209 644 1381 677 Dominum
1397 656 1506 678 novem
1521 655 1672 676 sororum.
1695 643 1817 676 Domi-

1138 697 1273 730 tianum
1290 696 1447 743 intellige
1462 722 1473 739 ,
1490 697 1565 742 qui,
1588 704 1674 730 teste
1694 695 1818 730 Sueto-

1139 749 1201 783 nio
1214 750 1250 783 in
1270 750 1404 783 Domit.
1420 762 1496 796 cap.
1513 763 1545 791 2,
1561 748 1724 795 inprimis
1739 761 1821 794 poe-

1139 802 1216 836 ticae
1228 802 1387 837 studium
1397 802 1588 837 simulavit.
1602 802 1722 836 Musas
1735 814 1818 847 ergo

1140 856 1276 890 colebat
1292 883 1302 898 ,
1338 856 1447 890 immo
1481 856 1565 901 ipsis
1602 855 1795 901 imperabat
1810 880 1819 895 ,

1140 909 1257 955 inquit
1275 909 1381 943 Poeta
1403 908 1573 943 adulator.

1033 1042 1179 1100 VII.

880 1199 949 1226 An
987 1180 1339 1229 VOLcANUM.*

471 1323 719 1379 QUAHTER
745 1324 943 1384 Assyrios
974 1334 1193 1368 renovant
1222 1324 1423 1369 incendia
1451 1324 1603 1375 nidos,

544 1394 646 1437 Una
668 1392 821 1438 decem
844 1395 1015 1454 quoties
1039 1394 1196 1440 saecula
1222 1396 1329 1439 vixit
1353 1396 1471 1450 avis3

475 1523 556 1570 Oiai
581 1545 653 1589 περ
679 1520 880 1588 Aesopi-av
906 1530 1029 1589 πυρὸς
1051 1527 1088 1580 ἲς
1115 1531 1252 1573 ἐνέωσε
1282 1532 1446 1583 καλιὴν,

543 1596 644 1641 Εὗτ’
674 1599 776 1659 ὅρνις
809 1593 983 1647 δεκάτην
1016 1595 1102 1650 ζ·ῆσ’
1131 1603 1328 1650 ἑκατοςὺν
1359 1602 1482 1643 ἐτῶν·

457 1731 470 1746 ⁴¹
494 1736 560 1770 Vel
580 1749 588 1770 :
610 1737 662 1770 De
688 1737 789 1771 Roma
813 1747 889 1784 post
909 1739 1083 1772 incendium

405 1797 594 1822 restaurata.

456 1862 510 1869 —-
534 1843 596 1877 Ad
624 1843 804 1878 Vulcanum
829 1844 868 1878 in
893 1843 976 1878 edd.
999 1853 1083 1879 vett.

406 1895 466 1929 Ad
487 1895 666 1929 Volcanum
687 1910 771 1932 vero
792 1898 831 1931 in
856 1897 957 1932 libris
978 1911 1084 1932 manu

405 1949 555 1995 scriptis.

464 2015 495 2036 1.
515 2002 666 2048 Qualiter
685 2005 848 2050 Assyrios.
873 2005 1008 2038 Urbem
1029 2004 1087 2038 in-

407 2054 542 2090 cendiis
563 2064 598 2090 et
623 2056 734 2091 ruinis
761 2065 953 2100 vastatam,
976 2070 994 2091 a
1012 2059 1085 2091 Do·

408 2109 556 2143 mitiano
573 2122 658 2143 vero
680 2110 906 2145 instauratam
922 2137 931 2153 ‚
949 2111 1086 2145 confert

407 2162 514 2196 Poeta
531 2175 614 2197 cum
634 2164 819 2204 Phoenice,
842 2165 902 2210 qui
923 2173 1085 2198 constru-

408 2222 464 2248 cto
479 2215 515 2249 in
530 2217 670 2263 Assyria
681 2241 691 2257 ‚
709 2217 854 2263 regione
869 2217 958 2252 Asiae
972 2230 1086 2264 prope

408 2267 624 2314 Euphratem
637 2295 646 2311 ,
662 2283 747 2315 rogo
766 2279 954 2313 crematur,
975 2279 1013 2305 ut
1035 2284 1088 2304 re-

410 2332 573 2355 novetur.
590 2322 695 2357 ovid.
715 2323 859 2358 Metam.
873 2325 942 2358 XV
957 2336 966 2358 ε
986 2324 1088 2358 «Una

409 2382 461 2407 est
475 2400 484 2416 ,
505 2387 582 2420 quoe
602 2386 758 2421 reparet,
782 2390 888 2424 seque
908 2377 982 2423 ipsa
1000 2389 1090 2411 rese-

412 2427 522 2461 minet
532 2429 614 2463 ales.
628 2430 761 2476 Assyrii
773 2431 938 2465 Phoenicn
949 2439 1086 2465 vocant.

411 2480 484 2513 Nec
503 2482 622 2527 fruge,
645 2495 709 2516 nec
727 2483 865 2525 herbis,
885 2483 952 2518 Sed
977 2484 1089 2519 thuris

411 2533 573 2579 lacrymis
587 2560 596 2574 ,
631 2544 665 2569 et
692 2549 795 2570 succo
825 2538 913 2570 vivit
948 2538 1088 2572 amomi.

412 2586 476 2620 uic
491 2588 551 2621 ubi
570 2589 725 2635 quinque
742 2603 810 2623 sua:
829 2591 1017 2636 complevit
1034 2605 1092 2625 sa:-

412 2640 486 2673 cula
503 2641 595 2682 vitm,
615 2642 707 2676 llicis
725 2643 759 2676 in
781 2644 902 2684 ramis,
922 2644 1092 2678 tremula:-

1144 1751 1213 1785 que
1225 1738 1406 1774 cacumine
1416 1740 1559 1784 palmae,
1575 1738 1760 1784 Unguibus
1769 1763 1778 1779 ,
1791 1746 1829 1771 etr

1144 1792 1235 1827 duro
1247 1792 1373 1827 nidum
1384 1793 1451 1826 sibi
1463 1792 1638 1827 construit
1651 1803 1730 1833 ore3
1741 1791 1825 1832 Quo

1145 1847 1251 1879 simul
1274 1858 1312 1879 ac
1333 1846 1461 1888 casias,
1480 1854 1514 1879 et
1531 1844 1635 1879 nardi
1650 1844 1739 1878 lenis
1758 1844 1825 1877 ari-

1145 1908 1233 1943 stas,
1245 1900 1452 1945 Quassaque
1466 1912 1547 1933 cum
1562 1898 1657 1932 fulva
1670 1898 1827 1932 substra-

1146 1953 1196 1986 vit
1216 1953 1377 1987 cinnama
1397 1953 1542 1998 myrrha
1557 1978 1567 1994 ,
1587 1951 1631 1986 Se
1651 1950 1826 1997 superim-

1144 2006 1248 2051 ponit
1259 2031 1269 2047 ,
1281 2006 1430 2052 finitque
1443 2006 1480 2039 in
1492 2004 1664 2040 odoribus
1675 2016 1798 2038 aevum.
1807 2020 1821 2032 ν

1145 2060 1198 2093 De
1211 2059 1378 2093 Phoenice
1397 2060 1472 2093 fuse
1492 2058 1562 2105 agit
1575 2058 1737 2099 Tacitus,
1756 2058 1829 2090 An-

1145 2113 1214 2146 nal.
1233 2113 1285 2145 VI
1302 2125 1311 2146 :
1331 2111 1475 2146 Sacrum
1490 2112 1555 2146 soli
1573 2110 1610 2145 id
1628 2110 1778 2152 animal,
1793 2118 1828 2143 et

1145 2177 1206 2199 ore
1219 2177 1258 2199 ac
1272 2164 1441 2199 distinctu
1453 2177 1648 2211 pennarum
1662 2176 1679 2197 a
1693 2163 1829 2197 caeteris

1147 2219 1267 2253 avibus
1288 2218 1468 2253 diversum
1482 2245 1491 2259 ,
1519 2217 1745 2252 consentiunt
1765 2215 1828 2261 qui

1148 2273 1296 2307 formam
1317 2274 1390 2317 ejus
1408 2271 1589 2305 definiere.

1203 2339 1235 2359 2.
1259 2325 1342 2360 Una.
1360 2326 1440 2359 Duo
1457 2332 1574 2358 tamen
1590 2323 1656 2357 visi
1672 2322 1830 2368 aliquan-

1149 2378 1195 2412 do
1208 2405 1217 2420 ,
1242 2387 1361 2424 pater,
1382 2378 1487 2412 filius.
1507 2378 1642 2411 Pierius
1659 2401 1669 2417 ,
1690 2376 1828 2420 Hyeto-

1148 2432 1269 2477 glyph.
1291 2432 1353 2465 lib.
1383 2432 1472 2472 XX;
1491 2430 1743 2469 Philostratus,
1765 2427 1826 2460 lib.

1147 2486 1202 2518 111
1217 2497 1224 2518 :
1251 2503 1264 2515 a
1286 2486 1386 2519 aiunt
1417 2492 1555 2518 tantum
1596 2484 1687 2517 hanc
1725 2491 1828 2515 avem

1151 2539 1289 2572 unicam
1331 2551 1416 2572 esse.
1446 2556 1458 2567 ιι
1496 2537 1586 2570 Hinc
1615 2534 1800 2580 Oppianus
1818 2545 1828 2574 ;

1154 2611 1166 2622 «ι
1180 2593 1260 2625 nes
1298 2592 1385 2625 inira
1432 2591 1508 2623 sine
1553 2589 1686 2623 semine
1708 2614 1716 2628 ‚
1753 2586 1827 2620 solo

1153 2644 1340 2690 splendore
1370 2643 1493 2678 Pha-bi
1515 2643 1604 2676 hanc
1625 2654 1721 2675 avem
1743 2652 1827 2685 pru-
