1978 3305
419 202 517 254 (534

791 204 853 246 M.
882 205 959 247 VA
975 205 1022 247 L.
1062 205 1461 251 MARTIALIS

976 355 1281 410 LXVIII.

910 510 982 539 AD

1022 511 1058 539 M
1072 510 1350 540 ATHONEM.

488 627 648 670 PARVA
669 641 798 686 rogas
817 641 1024 686 magnos:
1044 624 1119 669 sed
1138 641 1227 669 non
1247 624 1354 668 dant
1373 623 1467 668 haec
1483 640 1658 684 quoque
1678 624 1836 683 magni.

558 698 623 740 Ut
643 696 806 757 pudeat
829 694 966 740 levius
993 705 1059 751 te,
1082 695 1259 751 Matho,
1288 711 1446 758 magna
1473 710 1591 756 roga.

489 823 628 883 {ffb-‘p'
654 824 775 874 αἰτεῖς
802 824 1021 885 μεγάλους,
1049 823 1103 867 τὰ
1130 818 1168 866 δ’
1199 821 1260 884 ἄρ’
1288 826 1331 867 οὐ
1360 824 1578 884 παρέχουσι
1605 823 1811 883 μέγιστοι,

559 885 698 937 Ηττον
724 895 772 938 ἵν’
799 889 1003 956 αἰδεσθῇς,
1031 894 1136 938 αἴτεε
1163 890 1324 954 μείζονα
1351 900 1434 936 νῦν.

475 1027 507 1049 1.
526 1016 601 1049 Non
624 1017 690 1049 lxaec
711 1029 844 1063 qnoque.
864 1016 932 1049 Pro
945 1042 954 1057 ,
974 1030 1012 1049 ne
1031 1016 1097 1049 laec

417 1068 552 1115 quidem.

475 1135 507 1156 2.
530 1123 575 1156 Ut
587 1123 711 1168 pudeat
729 1122 982 1156 levius.‘Minor
998 1123 1098 1168 quip-

1157 1028 1202 1062 pe
1224 1015 1418 1061 ignominia
1439 1015 1508 1048 erit
1524 1040 1534 1056 ‚
1557 1015 1585 1048 si
1608 1027 1742 1060 magnae
1765 1013 1843 1056 rei,

1158 1081 1264 1115 quam
1273 1069 1301 1102 si
1312 1081 1428 1115 parvae
1438 1068 1615 1114 repulsam
1624 1067 1779 1114 patiaris.
1792 1068 1844 1101 De

1159 1123 1330 1155 Mathone
1339 1121 1536 1156 caussidico
1551 1121 1678 1167 saepius
1693 1120 1843 1155 dictum.

1010 1263 1250 1319 LXIX.

730 1422 1081 1451 EPITAPHIUM
1120 1422 1284 1451 CANIS
1324 1423 1512 1451 LYDIAE.
1530 1402 1547 1419 ³*

491 1552 959 1593 AMPHlTHEATRALEs
982 1549 1096 1591 inter
1119 1549 1284 1591 nutrita
1308 1548 1540 1609 magistros

562 1621 802 1676 Venatrix,
828 1618 958 1680 sylvis
985 1635 1137 1680 aspera
1154 1654 1165 1672 ‚
1189 1617 1348 1662 blanda
1375 1618 1522 1674 domi,

493 1690 632 1751 Lydia
659 1691 837 1735 dicebar
853 1727 864 1746 ,
888 1690 1068 1736 domino
1090 1689 1300 1735 fidissima
1322 1692 1493 1735 Dextro
1507 1725 1518 1745 ,

494 1820 704 1862 Αὐσονίοιο
731 1818 898 1879 θεάτρου
925 1818 1191 1879 ἐνιθρεφθεῖσα
1212 1823 1419 1880 κυνηγοῖς,

567 1883 694 1951 Ᾱγρίη
723 1891 761 1932 ἐν
791 1883 1001 1949 δρυόχοις,
1026 1889 1123 1937 ἠπίη
1152 1891 1189 1932 ἐν
1219 1889 1425 1951 μεγάροις,

496 1956 626 2008 Λυδίη
654 1960 845 2015 ἐκλήθην,
879 1956 1042 2018 Δέξτρῳ
1072 1966 1129 2016 τῷ
1154 1962 1325 2020 κττῖτορι
1352 1961 1501 2012 πιστὴ,

481 2098 494 2110 ⁴¹
516 2101 642 2134 Nobile
673 2100 886 2147 epigramma
917 2099 953 2132 in
983 2111 1104 2132 canem

427 2156 637 2189 venatricem
667 2154 710 2187 ab
741 2166 827 2199 apro
857 2152 1106 2193 interfectam3

427 2221 531 2256 quam
559 2220 639 2241 cum
668 2208 854 2253 Procyone
883 2214 916 2240 et
949 2205 1041 2239 Sirio
1069 2206 1105 2239 in

426 2263 547 2297 caelum
575 2261 715 2300 relatis,
745 2272 897 2305 cumque
918 2259 1107 2292 Homerico

428 2315 564 2360 Ulyssis
583 2327 667 2348 cane
683 2315 776 2360 Argo
795 2314 943 2347 confert.
966 2313 1108 2346 Percus-

429 2378 519 2403 serat
542 2367 693 2414 Lydiam
717 2380 799 2413 aper
825 2366 958 2413 populo
987 2374 1107 2399 notam

429 2431 461 2455 et
489 2433 632 2463 ca1·a1n;
659 2422 757 2467 cujus
786 2421 843 2453 hic
870 2420 1048 2466 ingenium
1072 2420 1108 2452 in

431 2477 518 2509 feras
538 2487 698 2520 asperum
713 2501 722 2515 ,
743 2473 915 2507 blandum
938 2474 971 2506 in
995 2472 1110 2506 domi·

432 2542 515 2570 nos,
536 2536 758 2573 mortemque
780 2528 961 2560 honestam
980 2526 1111 2560 (leseri-

433 2583 496 2616 bit.
515 2582 629 2615 Huder.

492 2648 502 2668 ῐ
515 2662 519 2669 .
534 2635 832 2679 ,dmplzitlzerzn-ales.
848 2635 884 2667 lu
897 2633 1112 2679 amphithea-

1168 2108 1223 2132 tro
1239 2099 1446 2132 venationes
1461 2110 1552 2144 saepe
1572 2096 1852 2132 exlnibitae.Vide

1167 2153 1229 2185 lib.
1251 2152 1366 2198 Spect.
1385 2151 1634 2195 —ARIagisn-os.
1656 2150 1726 2192 Qui
1747 2163 1851 2184 vena·

1168 2205 1328 2239 tionibus
1349 2214 1534 2251 praeeram.

1224 2259 1256 2292 3.
1282 2260 1409 2292 Dextra
1431 2257 1514 2291 edd.
1539 2265 1623 2290 vett.
1646 2265 1680 2291 et
1702 2258 1852 2290 Farnob.

1170 2313 1294 2345 Dextro
1318 2310 1395 2345 cod.
1417 2312 1556 2345 Thuan.
1587 2319 1625 2343 ut
1653 2311 1697 2344 sit
1724 2323 1853 2344 nomen

1169 2366 1354 2412 proprium
1365 2365 1441 2398 heri
1464 2364 1693 2409 suh—&vlia
1715 2364 1852 2397 dicebar.

1171 2419 1276 2452 Canis
1299 2419 1370 2464 ipsa
1398 2419 1549 2464 loquens
1586 2417 1781 2451 inducitur.
1804 2439 1855 2444 -—-

1172 2473 1345 2505 Fidissima
1381 2473 1505 2504 Dextro
1536 2471 1590 2504 vel
1619 2471 1731 2504 dea-era
1755 2465 1852 2513 (vid.

1172 2539 1277 2572 supra
1292 2539 1364 2559 var.
1376 2526 1454 2559 lect.
1468 2524 1479 2564 )
1491 2525 1559 2558 hoc
1576 2533 1645 2566 est,
1660 2523 1730 2557 fida
1746 2524 1832 2557 hero
1843 2549 1852 2564 ,

1173 2579 1396 2625 simpliciter,
1411 2587 1467 2612 aut
1485 2587 1553 2612 tam
1565 2576 1634 2611 fida
1652 2578 1737 2611 hero
1754 2589 1830 2610 meo
1847 2602 1855 2613 ,

1174 2646 1278 2678 quam
1302 2632 1426 2666 dextra
1451 2631 1605 2677 propria.
