1978 3305
367 256 949 309 EPIGRAMMATUM
986 256 1108 298 LIB.
1148 257 1236 299 IX.

1405 255 1498 319 387

717 405 933 461 XVII.

534 561 600 589 DE
641 559 796 588 COMA
833 539 1084 587 EAR1N1.⁸

178 685 448 728 CONsmmm
471 681 621 724 formae
646 678 869 740 speculum
884 713 895 733 ‚
926 677 1159 739 dulcesque
1186 679 1363 742 capillos
1379 718 1389 734 ‚

246 755 483 814 Pergameo
509 750 653 811 posuit
677 748 791 792 dona
817 757 985 792 sacrata
1004 749 1101 793 Deo
1117 785 1127 804 ,

176 822 253 866 Ille
279 839 388 883 puer
410 830 500 865 tota
525 820 703 864 domino
729 819 998 879 gratissimus
1021 818 1143 873 aula,

244 893 433 936 Nomine
463 892 538 951 qui
563 891 704 951 signat
729 899 929 950 tempora
954 904 1089 932 verna
1115 906 1204 934 suo.

177 961 316 1018 Felix,
343 978 438 1023 quae
470 960 543 1004 tali
571 969 772 1004 censetur
798 975 978 1003 munere
1008 957 1155 1003 tellus!
1500 982 1511 1003 ς

245 1034 339 1076 Nec
371 1031 674 1090 Ganymedeas
701 1029 848 1074 mallet
877 1029 1038 1074 habere
1069 1046 1227 1075 comas.

159 1168 173 1182 *
190 1173 337 1206 comam
363 1184 460 1205 suam
482 1170 663 1204 detonsam
687 1170 782 1202 Eari-

107 1238 196 1267 nus,
223 1223 416 1258 Domitiani
443 1223 646 1263 eunuchus,
675 1222 782 1268 paulo

107 1286 186 1311 ante
198 1290 301 1323 quam
315 1278 371 1310 lex
383 1284 516 1309 vetaret
525 1301 534 1317 ,
549 1284 674 1316 sectus,
688 1275 782 1308 misit

107 1343 186 1365 cum
216 1330 360 1375 speculo
387 1329 595 1374 Pergamum
626 1327 782 1361 AEscula·

106 1384 184 1429 pio,
205 1382 272 1416 deo
299 1381 431 1428 patrio,
462 1393 543 1414 nam
572 1389 606 1414 et
634 1380 781 1414 Earinus

107 1444 184 1469 erat
210 1436 455 1480 Pergamenus.
489 1434 677 1480 Speculum
696 1445 781 1467 vero

108 1488 231 1522 eodem
260 1488 353 1528 ritu,
383 1499 453 1533 quo
484 1486 637 1532 virgines
670 1498 781 1532 pupas

109 1541 259 1582 Veneri,
280 1540 409 1574 milites
429 1540 564 1572 emeriti
584 1551 678 1572 arma
694 1539 781 1572 Her-

108 1595 179 1628 culi
197 1593 387 1626 donabant.
407 1593 506 1625 Hanc
523 1605 658 1626 comam
673 1604 782 1625 venu-

109 1655 163 1680 sto
184 1645 337 1680 carmine
356 1645 440 1679 Stat.
460 1645 558 1691 Sylv.
579 1645 640 1678 lib.
658 1645 734 1685 ΙΙΙ,
748 1652 783 1678 et

108 1699 167 1733 hic
185 1698 354 1732 Martialis
368 1698 602 1731 immortalem
617 1696 782 1730 reddunt.

168 1764 198 1785 1.
225 1751 399 1785 Consilium
418 1753 536 1794 sormoe
563 1751 732 1796 speculum.
756 1751 785 1782 A

110 1818 182 1852 quo
210 1804 396 1838 consilium
421 1812 542 1850 petere
577 1803 710 1837 solebat
741 1801 785 1836 de

110 1859 222 1891 forma
236 1870 308 1891 sua.

167 1923 199 1944 2.
214 1911 402 1955 Pergameo,
417 1917 482 1942 etc.
498 1908 714 1954 AEsculapio,
729 1908 786 1941 cui

110 1963 229 1996 nobile
250 1963 369 1996 fanum
390 1962 564 2007 Pergami,
588 1961 702 2007 patrio
724 1973 786 1994 suo

112 2017 197 2049 Deo.
209 2015 397 2061 Pergamus
407 2023 471 2055 est,
482 2014 668 2048 Ptolemaeo
682 2022 768 2047 teste
777 2039 786 2054 ‚

112 2067 262 2102 Troadis
279 2068 362 2101 urbs
381 2068 418 2100 in
439 2067 518 2101 Asia
537 2067 694 2106 Minore,
717 2067 787 2100 Ga-

111 2121 183 2154 leni
194 2121 322 2167 patria,
337 2129 371 2154 et
381 2121 580 2153 chartarum
590 2146 598 2159 ,
614 2131 689 2165 quae
708 2119 789 2153 Per-

113 2185 266 2218 gamenae
297 2172 464 2206 dicuntur
480 2198 490 2214 ‚
526 2173 712 2206 inventrix.
744 2173 785 2205 In

113 2226 178 2259 hac
198 2225 318 2259 nobile
342 2226 462 2259 fanum
487 2225 673 2271 [Esculapii
700 2225 788 2258 vise-

114 2278 238 2319 batur,
261 2278 323 2323 qui
338 2277 419 2312 inde
438 2279 645 2324 Pergameus
663 2286 713 2311 est
731 2276 787 2310 di-

115 2339 199 2364 ctus.
228 2352 277 2356 ——
297 2331 412 2364 Posuit
440 2331 524 2363 dona
549 2338 675 2363 sacrata
706 2331 789 2363 Deo.

117 2382 208 2416 Vide
238 2383 299 2416 lib.
325 2384 361 2422 I,
389 2383 498 2428 epigr.
530 2395 650 2423 xxxn,
681 2395 730 2415 vs.
759 2395 788 2414 1.

125 2454 136 2465 u
161 2437 279 2469 Vovet
298 2444 388 2469 totos
410 2448 427 2468 a
445 2435 574 2469 vertice
597 2436 722 2468 crines.
747 2452 759 2464 ι

169 2489 204 2522 3.
228 2490 286 2522 Ille
301 2502 382 2534 puer
401 2497 489 2521 lanto
508 2487 588 2520 Ald.
607 2488 705 2520 Junt.
727 2487 791 2520 Co-

116 2541 178 2574 lin.
193 2542 331 2587 Gryph.
348 2541 505 2574 Pulman.
521 2541 632 2573 Plant.
648 2540 790 2573 Junian.

116 2595 224 2639 Lang.
237 2602 269 2627 et
281 2594 407 2639 Delph.
423 2594 482 2627 Ille
490 2607 570 2639 puer
582 2601 656 2625 totoe
669 2593 793 2625 domino

115 2649 312 2690 gratissimus
330 2648 412 2679 auloe
428 2647 464 2679 in
482 2644 689 2691 quibusdam
710 2644 792 2678 edd.

841 1169 1043 1202 Lectionem
1059 1178 1214 1203 nostram
1231 1171 1398 1208 exhibent
1414 1174 1516 1209 Grut.

840 1221 948 1255 Scriv.
969 1222 995 1254 F
998 1223 1116 1255 arnab.
1131 1222 1306 1258 Schrevel.
1323 1233 1357 1259 et
1371 1236 1515 1262 recentt.

839 1275 1030 1307 ——Domino
1038 1278 1246 1319 gratissimas.
1255 1278 1333 1312 Hoc
1341 1288 1402 1320 est,
1413 1292 1517 1325 quem

840 1327 1060 1360 Domitianus
1073 1329 1207 1362 amabat
1221 1342 1292 1374 prae
1304 1333 1434 1366 caeteris
1446 1346 1517 1366 om-

839 1380 943 1413 nibus
965 1381 1084 1425 pueris
1103 1381 1237 1415 Palatii.
1260 1404 1311 1409 —
1331 1385 1392 1417 Ille
1421 1398 1514 1430 puer,

840 1440 905 1466 etc.
935 1433 1084 1466 Earinus
1102 1447 1110 1475 ;
1131 1433 1212 1467 vide
1232 1447 1336 1481 supra
1367 1450 1446 1483 quae
1473 1438 1517 1472 ad

840 1485 948 1531 epigr.
969 1497 1042 1527 111,
1060 1499 1129 1519 xn1
1153 1495 1187 1520 et
1203 1499 1283 1527 nv,
1307 1497 1341 1522 et
1369 1502 1446 1535 quae
1472 1490 1516 1524 ad

840 1539 940 1572 istius
954 1539 1090 1572 lemma.

896 1596 928 1631 4.
949 1591 1083 1624 Nomine
1098 1594 1151 1638 qui
1163 1595 1266 1637 signet
1280 1594 1318 1626 in
1335 1593 1416 1628 edd.
1430 1604 1517 1630 vett.

841 1665 892 1670 -—-
906 1644 1042 1677 Nomine
1054 1648 1117 1691 qui.
1135 1645 1283 1679 Earinus
1298 1647 1392 1680 enim
1406 1660 1424 1680 a
1437 1661 1517 1682 vere

842 1690 939 1742 (ἔαρ)
962 1709 1087 1730 nomen
1106 1696 1216 1731 duxit.

898 1750 931 1783 5.
952 1749 1086 1782 Nomine
1108 1751 1198 1783 tellas
1220 1752 1423 1786 Beverlandi
1442 1753 1516 1787 MS.

843 1822 895 1828 ---
914 1803 1032 1845 Felix,
1057 1816 1126 1849 quae
1147 1804 1224 1843 tali,
1246 1812 1310 1838 etc.
1331 1805 1518 1851 Pergamea

845 1855 945 1888 tellus
962 1855 1062 1889 beata
1083 1864 1179 1889 tanto
1200 1869 1357 1891 munere.

900 1910 933 1940 6.
956 1907 1174 1954 Ganymedeas
1201 1923 1314 1944 comas.
1339 1910 1517 1956 Ganyme-

846 1959 907 1993 des
925 1961 1028 1994 Trois
1046 1961 1138 1995 filius
1152 1988 1161 2003 ‚
1184 1963 1230 1994 ita
1249 1964 1349 1997 vultu
1367 1972 1400 1997 et
1418 1976 1518 1997 caesa-

845 2013 896 2046 rie
923 2013 1066 2059 insignis
1092 2014 1180 2056 fuit,
1207 2023 1245 2048 ut
1273 2016 1413 2061 Jupiter
1436 2029 1514 2049 eum

845 2065 1043 2110 deperiret,
1062 2075 1095 2100 et
1111 2067 1146 2100 in
1166 2067 1249 2101 caelo
1266 2068 1331 2101 sibi
1349 2081 1366 2101 a
1384 2070 1517 2115 poculis

846 2131 936 2160 esse,
958 2119 1057 2153 Hebe
1078 2119 1208 2166 dejecta
1221 2122 1404 2165 ‚jusserit:
1425 2121 1518 2155 unde

846 2171 1023 2206 finxerunt
1050 2173 1175 2206 fabulae
1206 2173 1306 2206 illum
1327 2187 1345 2208 a
1369 2175 1457 2207 Jove
1480 2175 1515 2207 in

847 2225 998 2270 aquilam
1025 2237 1193 2259 converso
1225 2235 1365 2271 raptum
1391 2227 1516 2267 fuisse,

847 2290 955 2322 quum
970 2278 1005 2310 in
1017 2275 1079 2311 Ida
1091 2287 1210 2311 monte
1226 2287 1425 2313 venaretur.
1443 2280 1516 2312 Ho-

848 2341 933 2362 mer.
954 2329 1053 2363 Iliad.
1068 2331 1158 2371 XX;
1174 2331 1319 2364 Pausan.
1334 2333 1388 2374 V;
1407 2332 1519 2367 Cicer.

848 2383 989 2415 Tuscul.
1004 2384 1040 2424 13
1061 2383 1187 2428 Virgil.
1207 2383 1345 2417 AEneid.
1363 2386 1409 2427 V,
1429 2386 1520 2426 252;

849 2435 970 2468 Horat.
986 2436 1044 2468 lib.
1060 2437 1124 2476 IV,
1138 2435 1195 2469 od.
1210 2440 1230 2476 4
1245 2437 1369 2478 ;Ovid.
1381 2438 1519 2471 Metam.

850 2488 894 2520 X.
912 2488 1082 2522 Praeterea
1100 2487 1144 2521 de
1158 2490 1296 2535 Phryge
1308 2503 1420 2536 puero
1433 2499 1466 2524 et
1478 2490 1522 2523 de

850 2540 1084 2585 pulcherrima
1101 2542 1192 2575 illius
1208 2554 1307 2576 coma
1317 2544 1376 2577 fiet
1390 2544 1521 2577 mentio

853 2593 933 2626 infr.
954 2593 1304 2639 Epigramm.xxxvr1
1318 2623 1326 2637 ,
1346 2609 1420 2643 pag.
1441 2599 1523 2637 508.

854 2645 919 2678 En.

1230 2740 1319 2786 25²
