1978 3305
438 227 536 272 618

812 230 875 272 M.
906 231 1042 273 VAL.
1082 230 1474 274 MARTIALIS

1106 391 1167 448 L.

942 548 995 575 IN
1035 547 1329 576 PHYLLIDA.

503 672 669 716 NULLA
691 681 755 716 est
777 672 883 717 hora
904 673 981 717 tibi
1005 690 1089 734 qua
1115 690 1203 717 non
1227 690 1295 717 me
1311 709 1322 728 ‚
1343 673 1505 734 Phylli,
1527 674 1741 718 furentem

573 741 800 803 Despolies
825 760 833 786 :
861 753 981 788 tanta
1007 742 1237 788 calliditate
1262 746 1392 805 rapis.

502 813 631 856 Nunc
661 812 805 874 plorat
829 813 1007 875 speculo
1033 813 1160 858 fallax
1187 813 1341 858 ancilla
1368 814 1544 868 relicto;

570 884 758 927 Gemma
783 883 851 928 vel
877 900 900 927 a
924 884 1082 945 digito,
1103 885 1170 928 vel
1201 884 1316 928 cadit
1340 901 1445 929 aure
1467 885 1588 947 lapis.

500 953 628 997 Nunc
656 953 816 998 furtiva
841 953 950 998 lucri
975 954 1068 998 fieri
1090 955 1352 1015 bombycina
1377 966 1581 1016 possunt3
1828 978 1844 999 ‚s

569 1023 795 1068 Profertur
817 1026 966 1069 Cosmi
990 1042 1107 1069 nunc
1129 1025 1235 1069 mihi
1261 1026 1400 1070 siccus
1426 1043 1554 1086 onyx.

499 1094 724 1154 Amphora
750 1111 867 1139 nunc
896 1096 1060 1155 petitur
1085 1096 1196 1157 nigri
1223 1096 1388 1140 cariosa
1414 1095 1608 1150 Falerni,

567 1165 724 1225 Expiet
749 1174 799 1208 ut
823 1182 999 1209 somnos
1025 1166 1199 1227 garrula
1225 1182 1328 1227 saga
1352 1176 1461 1210 tuos.

496 1236 535 1276 N
541 1251 624 1278 unc
641 1245 689 1278 ut
709 1252 850 1279 emam
874 1236 1141 1296 grandemve
1160 1236 1336 1298 lupum,
1358 1236 1598 1281 mullumve
1621 1236 1842 1287 bilibrem,

481 1378 515 1413 3.
526 1379 658 1424 Speculo
669 1380 788 1413 relicto.
798 1381 874 1414 Hoc
886 1390 954 1422 est,
966 1381 1104 1422 amisso,

427 1432 482 1464 vel
496 1433 617 1466 attrito
630 1446 639 1474 ;
658 1445 712 1466 res
728 1434 823 1466 enim
837 1434 985 1475 relictae,
1003 1441 1042 1467 ut
1057 1433 1105 1466 ait

429 1486 619 1527 Domitius,
636 1495 853 1532 consumptae
869 1485 1049 1520 dicuntur.

483 1543 516 1578 ά.
537 1539 600 1571 Vel
614 1540 704 1585 lapis.
718 1539 896 1573 Pretiosus
910 1552 1050 1586 nempe.

482 1591 514 1625 5.
527 1592 758 1635 Nuncfitrtiva.
771 1592 896 1626 Sericae
907 1601 1018 1627 vestes
1030 1593 1101 1626 fur-

427 1645 526 1686 tivae,
553 1645 601 1679 ait
629 1646 774 1687 ancilla,
800 1654 870 1679 tam
898 1645 959 1679 vili
987 1647 1102 1692 pretio

427 1697 495 1731 emi
518 1707 684 1743 possunt,
703 1707 742 1732 ut
765 1698 935 1732 lucrifieri
957 1698 1103 1733 videan-

425 1760 494 1785 tur.
506 1772 557 1778 —
569 1752 762 1798 Propriene
784 1752 942 1792 furtivae,
964 1761 1003 1786 ut
1021 1753 1102 1798 plu-

425 1804 505 1837 rimi
527 1805 673 1847 volunt,
691 1818 733 1838 an
753 1805 951 1839 clanculum
971 1813 1006 1839 et
1023 1818 1104 1839 con-

426 1866 477 1890 tra
495 1857 585 1904 leges
607 1871 685 1904 quae
707 1867 825 1893 vetant
845 1859 921 1892 sine
941 1860 1102 1905 portorio

424 1912 555 1945 intrare
576 1911 816 1945 introductas?
837 1911 936 1958 quod
958 1925 1022 1946 nos
1044 1925 1103 1945 vo-

424 1977 543 1998 camus
573 1965 803 1998 marclzandises
821 1966 860 1998 de
880 1965 1098 1998 contr-ebande.

424 2017 497 2052 Hoc
518 2017 660 2064 quidem
685 2031 748 2064 ego
770 2018 938 2052 antefero.
959 2019 1025 2052 ΕΙ).

477 2074 511 2105 6.
523 2072 632 2105 Siccus
641 2085 737 2119 onyx.
750 2071 918 2118 Pyxidem
933 2073 1100 2117 intellige.

421 2137 525 2170 quam
537 2125 657 2159 Cosmi
676 2126 864 2171 unguentis
884 2125 1023 2171 impleri
1042 2138 1102 2171 po-

421 2178 526 2212 stulat
550 2179 696 2226 Phyllis.
720 2180 772 2212 De
791 2179 920 2213 Cosmo
946 2179 1100 2225 egimus,

422 2231 481 2264 lib.
503 2232 536 2273 Ι,
556 2233 667 2278 epigr.
688 2244 851 2266 Lxxxvm
864 2259 872 2272 ‚
892 2240 926 2266 et
943 2232 1005 2265 lib.
1024 2233 1078 2265 111
1093 2259 1101 2272 ‚

421 2285 530 2331 epigr.
548 2298 669 2320 Lxxxu
683 2311 692 2326 ‚
710 2288 768 2319 26.

475 2351 507 2382 7.
526 2339 673 2373 Cariosa.
687 2339 822 2372 Vinum
839 2347 939 2372 vetus
952 2339 1098 2384 petitur.

476 2393 508 2425 8.
538 2393 668 2437 Expiet.
687 2391 779 2426 Vide
801 2392 862 2425 lib.
879 2393 966 2432 VII,
989 2392 1098 2437 epigr.

423 2457 481 2477 Liv
507 2458 514 2478 :
541 2446 638 2480 «Jam
663 2447 761 2492 prior
782 2445 825 2479 ad
845 2446 961 2479 faecein
982 2444 1042 2478 sed
1066 2453 1099 2477 et

421 2497 494 2531 liaec
511 2498 687 2533 vindemia
709 2499 819 2539 venit,
835 2499 963 2532 Exorat
982 2507 1099 2532 noctes

421 2549 504 2583 ‹lnin
529 2553 613 2586 mihi
634 2566 709 2597 saga
734 2562 820 2586 mas.
842 2572 853 2581 ..

475 2619 507 2646 ς).
541 2606 658 2651 Lupum
673 2634 679 2644 ‚
713 2607 886 2639 mullumve.
924 2606 974 2638 llli
1005 2606 1095 2638 onim

422 2659 530 2702 pisces
546 2668 580 2693 nt
597 2660 734 2693 rhombi
751 2669 782 2694 et
798 2659 882 2693 scari
897 2668 993 2692 erant
1015 2671 1099 2703 prm-

1165 1381 1267 1426 cipue
1297 1380 1390 1427 apud
1418 1382 1595 1414 Romanos
1627 1381 1664 1414 in
1695 1380 1840 1415 deliciis.

1164 1435 1278 1467 Immo
1299 1446 1420 1467 omnes
1438 1434 1490 1467 illi
1509 1434 1620 1480 pisces
1643 1433 1841 1468 avidissime

1163 1487 1482 1532 conquirebantur,
1498 1495 1532 1520 et
1559 1499 1576 1520 a
1601 1487 1843 1521 remotissimis

1162 1540 1325 1573 litoribus
1346 1540 1578 1574 vehebantur.
1602 1541 1682 1573 Juv.
1700 1540 1744 1577 V,
1770 1544 1839 1585 94:

1166 1611 1178 1622 n
1195 1593 1331 1626 Defecit
1356 1601 1515 1627 nostrum
1539 1605 1645 1627 mare.
1667 1611 1680 1623 ι
1703 1593 1748 1626 Et
1767 1592 1840 1636 ὄψων

1162 1646 1305 1692 proprie
1335 1645 1378 1679 ad
1407 1646 1518 1692 pisces
1545 1646 1708 1680 relatum.
1735 1646 1843 1679 Caete-

1161 1712 1241 1732 rum
1263 1699 1353 1733 tanti
1378 1699 1511 1733 fiebant
1531 1699 1678 1733 obsonia
1698 1699 1781 1740 ista,
1801 1707 1842 1732 ut

1163 1752 1402 1786 tintinnabulo
1430 1762 1659 1787 monerentur
1689 1752 1843 1798 insignes

1162 1806 1228 1839 illae
1247 1806 1352 1850 gulae,
1368 1806 1396 1839 si
1413 1806 1473 1852 qui
1487 1805 1711 1852 pretiosiores
1730 1805 1842 1851 pisces

1161 1859 1328 1905 asportati
1350 1867 1460 1892 erant.
1488 1859 1622 1892 Verum
1645 1860 1842 1902 ἰχθυοπῶλαι

1161 1925 1198 1945 os
1230 1912 1300 1945 illis
1328 1924 1418 1958 saepe
1451 1912 1701 1952 sublinebant‚
1730 1911 1842 1957 pisces

1161 1974 1340 2005 mortu05,
1363 1974 1424 1999 aut
1447 1974 1580 1999 veteres
1602 1977 1667 2011 pro
1689 1964 1841 1998 recenti-

1160 2020 1224 2052 bus
1236 2017 1556 2052 vendentes.Unde
1569 2019 1720 2052 vetitum
1733 2029 1844 2063 quan·

1161 2071 1277 2117 doque
1294 2072 1460 2113 Athenis,
1478 2084 1523 2105 ne
1540 2083 1599 2105 eos
1614 2083 1701 2117 aqua
1718 2070 1841 2116 irriga-

1159 2133 1258 2166 rent3
1280 2124 1377 2170 quod
1394 2126 1507 2158 facere
1523 2124 1656 2165 solent,
1672 2132 1710 2157 ut
1722 2135 1842 2157 recen-

1160 2187 1209 2212 tes
1242 2177 1439 2211 videantur.
1473 2178 1516 2211 Et
1548 2190 1620 2211 non
1654 2177 1769 2210 solum
1803 2178 1839 2210 τὸ

1159 2234 1287 2275 νεαρὲν,
1314 2230 1375 2264 sed
1401 2239 1435 2264 et
1456 2229 1663 2276 magnitudo
1691 2229 1841 2276 piscium

1160 2285 1346 2318 notabatur
1373 2297 1391 2317 a
1416 2283 1573 2318 delicatis
1599 2284 1668 2317 illis
1691 2283 1840 2330 gurgiti·

1160 2338 1234 2371 bus.
1252 2337 1346 2371 Vide
1358 2339 1441 2371 Juv.
1463 2346 1523 2371 sat.
1544 2338 1608 2378 IV,
1632 2339 1698 2378 15;
1716 2337 1840 2369 Horat.

1160 2400 1224 2425 etc.
1245 2391 1336 2424 Gula
1356 2392 1474 2436 itaque
1491 2396 1553 2424 τῶν
1575 2390 1710 2435 φιλόψων
1729 2389 1842 2434 pisces

1159 2454 1228 2477 tam
1265 2457 1363 2478 caros
1401 2444 1624 2477 concinnavit
1638 2469 1646 2481 ,
1683 2451 1720 2475 nt
1750 2442 1838 2476 Cato

1159 2497 1287 2531 dixerit
1316 2509 1323 2530 z
1352 2499 1470 2530 Roniae
1501 2497 1610 2542 pluris
1641 2496 1763 2528 venire
1787 2496 1838 2540 pi·

1160 2564 1250 2585 scem
1261 2577 1268 2590 ,
1282 2564 1385 2596 quani
1403 2552 1540 2583 bovem.
1554 2551 1625 2583 Nec
1640 2549 1752 2582 solum
1769 2549 1837 2581 Ro-

1161 2618 1244 2644 inae,
1265 2603 1322 2638 sed
1347 2613 1378 2637 ct
1402 2605 1436 2637 in
1459 2603 1590 2637 Graecia
1615 2601 1780 2636 carissimi
1806 2609 1837 2632 et

1165 2659 1402 2702 pretiosissimi
1433 2658 1554 2701 pisces.
1583 2655 1687 2689 Unde
1713 2654 1837 2687 Corin-
