1978 3305
438 214 532 260 5¹0

806 217 866 259 M.
892 217 1031 258 VAL.
1066 216 1116 258 M
1132 215 1459 258 ARTIALIS

997 362 1282 418 XXXVI.

939 516 992 544 {N
1044 496 1342 545 MUNNAMf

514 643 727 684 IMPROBA
760 639 961 684 Massiliae
991 639 1199 701 quidquid
1229 640 1411 684 fumaria
1438 651 1626 702 cogunt,

587 711 751 771 Accipit
781 720 949 754 aetatem
978 711 1169 772 quisquis
1199 711 1254 754 ab
1284 711 1384 772 igne
1413 711 1570 768 cadus,

518 784 546 824 Α
581 791 645 835 te,
671 782 997 836 Munna‚venit
1019 799 1027 823 :
1054 782 1218 826 miseris
1245 790 1292 825 tu
1322 782 1453 825 mittis
1483 783 1632 827 amicis

584 853 667 895 Per
692 851 826 907 freta,
850 867 928 912 per
954 851 1104 913 longas
1130 853 1271 896 toxica
1292 867 1404 895 saeva
1425 853 1536 908 vias3

519 922 610 966 Nec
635 921 748 966 facili
768 923 931 983 pretio,
958 921 1032 966 sed
1055 938 1143 982 quo
1166 931 1371 966 contenta
1393 921 1562 966 Falerni

587 994 716 1036 Testa
746 993 824 1046 sit,
854 1002 929 1036 aut
953 991 1072 1036 cellis
1092 993 1207 1036 Setia
1227 1007 1328 1036 cara
1346 992 1445 1035 suis.

518 1064 617 1107 Non
652 1063 798 1106 venias
827 1078 962 1122 quare
993 1071 1080 1105 tam
1114 1061 1245 1123 longo
1274 1071 1473 1122 tempore
1498 1062 1710 1117 Romam,

588 1135 691 1177 Haec
721 1142 829 1193 puto
858 1148 988 1177 causa
1013 1132 1090 1176 tibi
1119 1142 1208 1185 est,
1234 1148 1287 1176 ne
1318 1141 1392 1176 tua
1421 1132 1522 1175 vina
1549 1131 1682 1175 bibas.

504 1261 515 1272 ‘
541 1266 580 1298 In
604 1265 754 1298 Νιιιιηαηι
779 1264 889 1298 codex
917 1265 1127 1307 Pulmanni;

453 1320 532 1351 item
571 1319 690 1351 Nunna
721 1330 771 1352 vs.
803 1318 822 1352 3
844 1344 853 1358 ‚
882 1326 921 1351 ut
945 1317 1001 1352 ed.
1026 1319 1126 1351 Junt.

453 1384 529 1417 quae
557 1379 672 1404 tamen
698 1371 839 1404 exhibet
859 1371 899 1404 In
917 1371 1071 1404 Mannum
1091 1371 1128 1404 in

453 1424 765 1458 titulo.——-Munnae
782 1424 904 1457 vinum
918 1423 1130 1458 Massiliense

456 1479 600 1510 Romam
627 1476 769 1510 missum
798 1476 979 1522 vituperat.
1009 1476 1131 1510 Massi·

457 1531 564 1564 liense
592 1530 713 1562 vinum
740 1529 911 1562 fumatum
938 1530 997 1562 lib.
1022 1530 1130 1569 XIII,

457 1595 588 1623 cxx111‚
607 1582 806 1628 exponitur.

516 1649 545 1669 1.
577 1636 695 1670 Colunt
721 1635 795 1669 MS.
825 1636 958 1668 Beverl.
991 1635 1051 1680 qui
1085 1635 1133 1668 sic

459 1701 530 1722 esse
550 1688 687 1734 legend.
709 1697 838 1722 monet.
862 1688 991 1733 Cogunt
1006 1688 1134 1734 impro-

460 1743 518 1775 bat
541 1742 580 1774 de
596 1743 695 1788 Rooy,
717 1750 750 1774 et
772 1741 930 1787 impense
956 1741 1033 1774 vult
1062 1754 1136 1773 con-

461 1795 549 1827 dunt.
565 1813 616 1820 -—
627 1794 771 1839 Improba
795 1795 961 1827 Mas-silice.
977 1794 1138 1828 Fumaria

464 1849 539 1881 loca
561 1856 678 1888 eraut,
699 1847 757 1880 ubi
785 1847 883 1880 suino
908 1848 985 1880 vina
1007 1859 1139 1893 coque-

464 1902 602 1933 bantur.
631 1901 776 1945 Improba
810 1899 920 1939 dixit,
955 1901 1034 1945 quia
1063 1912 1140 1933 cor—

463 1954 674 1998 rumpebant
699 1953 820 1986 vinum
830 1980 835 1986 .
847 1953 976 1986 Forsan
988 1954 1139 1995 sullacta.

466 2005 558 2039 Vide
579 2006 639 2039 lib.
664 2007 739 2046 Ill,
771 2005 880 2052 epigr.
909 2018 1027 2039 mxxr.
1051 2006 1140 2039 «Vel

464 2068 562 2093 cocta
595 2059 699 2092 fumis
731 2067 843 2092 musta
876 2059 1096 2091 Massilianis-
1125 2076 1137 2087 ι»

1243 1270 1276 1306 4.
1307 1266 1427 1298 Toaeica
1454 1279 1548 1298 sceva.
1578 1265 1655 1300 Hoc
1684 1273 1754 1306 est,
1780 1265 1861 1298 vina

1188 1318 1335 1364 pessima
1355 1329 1363 1351 τ
1382 1318 1444 1351 lib.
1464 1319 1501 1357 I,
1524 1319 1637 1363 epigr.
1658 1330 1731 1351 κη.

1244 1373 1277 1405 6.
1298 1372 1393 1404 Tecta
1412 1374 1521 1403 carina
1545 1371 1620 1404 MS.
1645 1369 1863 1404 Beverlandi.

1196 1425 1315 1457 Toxica
1345 1426 1423 1456 vina
1453 1424 1527 1457 MS.
1559 1424 1745 1457 Pulmann.
1783 1424 1814 1456 T
1812 1435 1863 1455 ατ.

1193 1485 1278 1509 texta
1291 1503 1300 1517 ‚
1317 1476 1353 1509 ni
1371 1489 1435 1510 nos
1448 1477 1538 1510 male
1556 1475 1660 1511 ducat
1674 1477 1845 1522 scriptura
1856 1501 1865 1515 ,

1192 1530 1227 1562 in
1238 1542 1345 1574 marg.
1361 1537 1487 1563 nostrae
1501 1530 1600 1563 Junt.
1613 1551 1664 1556 —-
1677 1529 1766 1563 Seria
1778 1542 1865 1561 caru.

1192 1583 1268 1616 Hoc
1287 1590 1354 1625 est,
1372 1582 1454 1616 vina
1475 1583 1592 1616 setina
1614 1593 1804 1628 generosa;
1824 1580 1868 1614 de

1192 1636 1320 1681 quibus
1336 1636 1460 1681 saepius
1478 1635 1626 1669 dictum.
1649 1634 1727 1669 Vid.
1742 1635 1868 1668 Juven.

1193 1697 1253 1722 sat.
1276 1701 1314 1729 x,
1334 1701 1384 1722 vs.
1402 1700 1462 1732 ²7·

1251 1742 1284 1775 8.
1302 1741 1384 1774 Hoec
1410 1749 1455 1773 est
1474 1754 1568 1774 causa
1583 1767 1591 1781 ‚
1612 1749 1690 1786 puto
1709 1739 1783 1774 MS.
1806 1739 1870 1773 Be·

1198 1793 1366 1827 verlandi.
1387 1794 1426 1826 In
1446 1807 1552 1840 marg.
1569 1802 1696 1828 nostrae
1714 1793 1812 1826 Junt.
1830 1793 1872 1825 li-

1199 1859 1262 1880 nea
1293 1846 1433 1880 ducitur
1464 1848 1530 1880 sub
1559 1859 1596 1879 ne
1615 1855 1689 1885 tua,
1714 1855 1747 1879 et
1767 1845 1870 1889 send,

1201 1902 1222 1933 i.
1256 1914 1285 1933 e.
1311 1900 1334 1933 f.
1350 1900 1478 1943 fetida,
1502 1900 1536 1933 in
1563 1911 1671 1944 marg.
1697 1898 1874 1932 scribitur.

1202 1975 1252 1979 -—
1269 1953 1319 1985 Ne
1336 1961 1390 1986 tua
1416 1955 1498 1986 vina.
1521 1952 1597 1986 Hoc
1619 1960 1668 1986 est
1693 1964 1701 1984 ;
1722 1952 1775 1984 Ne
1796 1951 1874 1984 vina

1203 2014 1270 2039 tam
1292 2018 1411 2051 aspera
1429 2004 1473 2039 ad
1493 2018 1556 2039 uos
1572 2005 1672 2038 inissa
1691 2005 1875 2039 nobiscum

1202 2059 1323 2091 bibere
1341 2067 1377 2091 tu
1400 2071 1543 2104 quoquc
1560 2058 1705 2103 cogaris.

1005 2195 1345 2250 XXXVII.

922 2342 948 2369 A
968 2341 994 2368 1)

1057 2319 1428 2368 MATERNUM.⁸

542 2459 699 2509 Jiiiiffi,
724 2465 761 2497 et
797 2471 1018 2515 aequaruni
1050 2453 1193 2497 cultor
1224 2454 1490 2497 sanctissime
1519 2452 1684 2513 legum,

528 2580 540 2589 ”
565 2583 667 2614 poem
700 2583 847 2627 patriani
878 2582 1028 2615 revisere
1057 2582 1149 2626 cogi-

475 2643 668 2679 tzuis5rngat
681 2635 878 2668 Maternum
895 2635 1150 2680 jurisperitum,

1212 2580 1425 2626 municipem
1445 2592 1545 2613 suum
1559 2603 1569 2618 ‚
1589 2592 1629 2612 au
1651 2577 1780 2625 aliquid
1805 2579 1886 2612 velit

1211 2632 1362 2667 mandati
1385 2632 1467 2665 dare
1486 2631 1527 2665 ad
1549 2645 1636 2666 suos.
