1978 3305
397 202 459 254 42

770 200 833 242 M.
858 201 999 244 VAL.
1033 200 1428 246 MARTIALIS

536 288 598 331 Te
620 303 780 348 nuper,
800 286 943 349 aliqua
967 304 1102 349 quum
1123 288 1297 348 jocarer
1321 290 1366 333 in
1389 289 1564 345 charta;

536 358 580 401 Si
609 357 722 402 forte
751 356 882 401 bilem
911 359 1050 402 movit
1079 358 1150 403 hic
1178 359 1256 403 tibi
1284 375 1455 415 versus,

535 427 668 471 Dicas
693 426 838 472 licebit
860 430 964 471 Beta
988 444 1059 472 me
1080 438 1344 490 togatorum.

396 564 457 599 sed
476 577 543 610 pro
562 577 634 599 uno
657 577 704 598 ex
724 564 830 610 vulgo
847 572 1046 611 togatorum
1061 591 1071 608 ,

397 627 501 663 atque
541 617 628 651 adeo
663 625 856 662 postremo.
900 618 1072 653 Postremi

396 671 492 703 enim
515 668 665 703 divitum
696 677 732 704 et
757 669 865 716 primi
891 670 1073 706 mendico·

394 735 474 756 rum
494 721 686 756 admodum
707 722 830 757 affines
850 732 933 758 sunt
952 731 986 758 et
1013 737 1073 758 co-

395 775 506 820 gnati,
517 775 605 809 sicut
615 783 769 809 extrema
785 784 880 810 aestas
891 785 926 810 et
935 777 1073 823 primus

397 836 585 862 autumnus
606 853 616 870 ‚
647 827 765 862 adulta
794 829 907 863 hiems
934 838 970 864 et
999 830 1074 876 pri-

396 892 496 913 mum
518 893 592 914 ver.
613 881 731 915 Rader.
755 882 819 915 His
836 894 910 915 non
929 894 1073 928 prorsus

396 931 664 979 adstipulamur.
678 935 745 968 ED-

451 985 485 1019 3.
514 987 546 1019 T
544 1000 560 1018 e
579 999 698 1032 nuper,
723 987 831 1033 aliqua
849 987 922 1021 dum
944 988 1073 1022 Bever-

394 1037 491 1072 laudi
510 1038 585 1073 MS.

452 1095 486 1133 4.
519 1092 622 1125 Dicas
651 1092 756 1126 licebit
785 1095 856 1126 vita
886 1093 922 1126 in
951 1094 1075 1128 eodem

397 1143 526 1179 MS.—-
533 1145 635 1178 Dicas
648 1145 762 1180 licebit.
774 1146 825 1180 Ut
836 1158 936 1192 pares
950 1146 1057 1181 simus
1065 1172 1076 1188 ‚

394 1198 464 1242 jam
481 1210 536 1232 me
551 1210 636 1232 voca
654 1199 738 1233 Beta
760 1207 963 1245 togatorum
976 1225 987 1242 .,
1007 1200 1077 1234 hoc

1129 574 1181 600 est
1193 591 1203 608 ,
1219 565 1414 601 secundum
1428 564 1522 599 inter
1537 576 1662 611 egenos
1678 564 1738 611 qui
1756 573 1811 600 to-

1130 631 1210 665 gam
1234 619 1405 653 ferebant.
1427 640 1479 645 --
1494 618 1516 652 J
1519 631 1602 652 ocus
1620 626 1672 652 est
1687 618 1812 664 quaesi-

1131 680 1186 706 tus
1197 685 1216 706 a
1228 672 1366 706 ratione
1378 670 1589 705 numerandi
1605 683 1670 717 per
1681 671 1810 705 literas.

1131 725 1201 758 Alii
1219 725 1326 759 alium
1347 724 1433 759 dant
1453 737 1592 758 sensum
1609 738 1616 757 :
1635 724 1688 757 Te
1700 724 1813 768 Alpha

1131 777 1255 812 vocavi
1270 776 1577 824 penulatorum‚id
1593 785 1662 819 est,
1674 775 1814 810 mendi·

1132 843 1274 873 corum,
1294 831 1354 877 qui
1377 831 1542 877 penulam
1561 828 1810 863 induebantur.

1132 884 1178 917 At
1190 896 1300 929 quum
1317 892 1397 929 toga
1414 891 1503 917 esset
1521 882 1645 929 populi
1658 881 1813 915 universi

1133 936 1236 970 vestis
1251 961 1261 977 ,
1287 936 1378 982 petit
1403 936 1512 969 Poeta
1537 943 1577 969 ut
1603 935 1687 968 Beta
1700 961 1710 976 ‚
1741 934 1813 968 sive

1133 987 1307 1023 secundus
1341 989 1445 1034 hujus
1476 996 1580 1022 tantae
1611 985 1813 1021 multitudi-

1134 1041 1212 1084 nis,
1234 1042 1272 1075 in
1296 1054 1364 1087 qua
1381 1041 1526 1087 plurimi
1548 1049 1640 1074 certe
1660 1040 1813 1085 insignes

1133 1094 1221 1136 viri,
1244 1102 1493 1141 nuncupetur,
1510 1106 1575 1127 nec
1606 1093 1673 1127 sibi
1697 1093 1814 1126 locum

1136 1146 1326 1193 indignum
1356 1148 1492 1193 quaerit.
1520 1146 1625 1180 Hunc
1649 1153 1814 1192 putamus

1138 1212 1211 1234 esse
1226 1212 1434 1247 germanum
1457 1212 1612 1234 sensum.
1632 1199 1700 1232 En.

968 1341 1248 1397 XXVII.

788 1504 842 1532 IN
881 1503 1091 1533 FICTUM
1131 1484 1427 1542 EQUITEM.*

467 1633 736 1689 INGENIUM‚
757 1632 1036 1694 studiumque
1060 1633 1163 1689 tibi,
1184 1649 1438 1695 moresque,
1464 1650 1686 1695 genusque

537 1704 648 1748 Sunt
671 1704 851 1764 equitis,
877 1703 1016 1749 fateor
1035 1722 1042 1748 :
1062 1715 1217 1750 caetera
1240 1703 1377 1766 plebis
1399 1704 1547 1749 habes.

450 1836 463 1850 '
485 1839 674 1887 Inscriptio
693 1840 797 1888 hujus
817 1841 1073 1887 epigrammatis

397 1893 433 1927 in
453 1892 573 1928 codice
594 1894 816 1928 bibliothecae
831 1893 1074 1939 Lugdunensis

397 1954 463 1986 est,
488 1959 560 1980 non
588 1947 628 1980 ln
644 1946 759 1992 fictum
784 1948 932 1993 Equitem
950 1974 959 1989 ‚
988 1946 1049 1981 sed
1064 1973 1074 1989 ,

398 2000 450 2032 De
480 2012 542 2032 non
571 2000 770 2045 respondenti
799 2001 958 2033 natalibus
987 2003 1074 2034 suu.-

397 2053 511 2086 multo
545 2053 671 2087 melior
695 2054 843 2099 vulgata.
878 2053 952 2087 Nec
980 2054 1075 2087 enim

397 2104 486 2145 iste,
513 2105 724 2152 quicumque
747 2114 813 2145 est,
841 2106 1015 2140 inserebat
1041 2119 1076 2140 se

397 2159 550 2204 equestri
564 2158 701 2201 ordini,
713 2158 807 2192 unde
817 2171 891 2192 non
907 2168 998 2199 erat,
1016 2158 1077 2193 sed

398 2223 508 2257 quum
526 2213 676 2257 equestri
696 2212 774 2246 loco
790 2221 892 2246 natus
906 2221 1012 2254 esset,
1028 2213 1076 2246 vi-

398 2265 493 2298 tabat
513 2273 627 2298 tamen
646 2264 912 2311 quatuordecim
934 2264 1076 2299 ordines

398 2325 543 2363 propter
561 2317 784 2352 deficientem
802 2330 947 2353 censum
963 2332 969 2351 :
989 2327 1023 2353 et
1039 2317 1074 2352 id

399 2382 499 2416 aequo
521 2371 637 2404 animo
657 2372 801 2405 ferebat.
829 2371 969 2406 Gronov.

456 2436 489 2455 2.
513 2423 595 2457 Sunt
612 2426 744 2470 equitis,
762 2425 883 2467 fateor.
908 2424 985 2458 Hoc
1011 2437 1074 2470 por

398 2475 546 2509 ironiam
575 2475 735 2511 concedit
756 2477 936 2511 Martialis.
962 2478 1072 2511 Hora-

400 2528 468 2562 tius
504 2528 626 2563 eodem
656 2530 757 2575 plane
785 2544 887 2564 seusu
907 2555 914 2567 ,
945 2531 1003 2564 lib.
1033 2532 1072 2572 l,

399 2583 497 2625 epist.
519 2595 550 2624 ι,
569 2583 635 2627 57:
657 2601 669 2611 ιι
684 2583 718 2616 Si
733 2582 995 2628 quadringentis
1015 2598 1072 2618 sex

399 2643 528 2681 septem
555 2636 661 2670 millia
691 2635 835 2678 desunt,
855 2638 917 2671 Est
939 2637 1071 2671 :mimus

1134 1841 1218 1883 tibi,
1231 1850 1313 1876 sunt
1327 1854 1440 1876 mores
1455 1850 1487 1875 et
1503 1841 1621 1887 lingua
1641 1840 1816 1887 fidesque,

1133 1895 1236 1929 Plebs
1265 1895 1359 1929 eris:
1381 1912 1394 1924 n
1422 1898 1526 1940 Δῆμος
1554 1897 1641 1939 ἕσῃε
1672 1893 1709 1928 id
1735 1902 1815 1934 est;

1135 1948 1360 1993 quantumvis
1378 1948 1484 1982 animi
1501 1946 1662 1989 dotibus,
1673 1960 1814 1981 morum

1135 2001 1355 2047 integritate,
1382 2001 1584 2047 eloquentia
1602 2009 1638 2034 et
1661 1999 1732 2034 fide
1758 2013 1815 2033 ex·

1135 2054 1255 2096 cellas,
1272 2062 1387 2087 tamen
1404 2054 1431 2087 si
1448 2066 1505 2087 sex
1524 2054 1577 2087 vel
1592 2062 1729 2099 septem
1740 2053 1816 2086 mil-

1136 2107 1181 2141 lia
1210 2107 1454 2141 sestertiorum
1486 2106 1530 2141 de
1552 2105 1816 2152 quadringentis

1138 2160 1294 2193 millibus
1324 2159 1388 2194 tibi
1419 2159 1570 2201 desunt;
1590 2160 1618 2193 si
1640 2171 1813 2193 summam

1137 2225 1260 2247 census
1279 2213 1448 2259 equestris
1474 2213 1643 2257 integram
1661 2225 1734 2245 non
1752 2211 1815 2245 ha-

1135 2266 1214 2307 bes,
1232 2267 1414 2300 Prfflmtus
1436 2266 1523 2307 eris3
1545 2265 1582 2298 in
1605 2266 1691 2298 XIV
1719 2263 1816 2298 ordi-

1134 2319 1242 2352 nibus
1274 2331 1346 2352 non
1371 2317 1507 2353 sedebis
1529 2331 1536 2351 :
1560 2318 1610 2353 sic
1639 2318 1750 2351 voluit
1779 2326 1815 2350 et

1135 2372 1248 2406 sanxit
1278 2372 1333 2405 lex
1367 2372 1502 2405 Roscia.
1522 2372 1588 2404 En.
1610 2393 1662 2398 —-
1690 2370 1816 2405 Caetera

1131 2425 1231 2470 plebis
1265 2425 1369 2458 habes.
1401 2425 1477 2458 Hoc
1508 2433 1581 2465 est,
1610 2436 1681 2457 non
1709 2423 1816 2456 habes

1135 2490 1277 2512 censum
1293 2486 1498 2524 equestrem.
1512 2478 1740 2522 Quapropter
1752 2477 1814 2509 etsi

1134 2532 1204 2564 vim
1219 2531 1350 2576 ingenii
1363 2532 1489 2564 habeas
1504 2556 1514 2571 ‚
1533 2538 1700 2575 quantum
1720 2529 1816 2562 sufli-

1134 2585 1181 2619 cit
1203 2585 1334 2631 equiti,
1352 2583 1506 2617 studium
1528 2596 1645 2616 rerum
1671 2595 1740 2615 non
1761 2582 1816 2615 fu·

1134 2638 1248 2672 tilium
1267 2665 1275 2678 ‚
1307 2651 1418 2671 mores
1448 2639 1638 2681 ingenuos,
1660 2644 1691 2669 ct
1717 2636 1814 2669 insu-
