1978 3305
356 223 943 267 EPIGRAMMATUM
979 223 1104 267 LIB.
1127 225 1241 267 VII.

1403 227 1488 281 241

168 313 269 355 Non
295 309 392 354 tulit
416 310 622 354 invidiam
647 311 764 354 taciti
789 320 995 371 regnator
1020 312 1207 366 Averni,

236 384 292 425 Et
319 391 464 442 raptas
490 381 588 424 fatis
619 380 805 425 reddidit
830 382 922 441 ipse
947 379 1079 425 colos.

167 453 259 496 Scis
286 452 436 512 igitur,
457 461 640 511 quantas
664 451 892 495 hominum
918 468 1036 495 mors
1062 451 1167 496 falsa
1193 453 1389 513 querelas

235 522 451 576 Moverit3
477 531 521 566 et
546 521 701 565 frueris
726 523 980 582 posteritate
1007 531 1092 566 tua.

165 593 277 636 Vive
307 591 427 636 velut
456 601 581 653 rapto
597 627 608 647 ‚
630 591 900 652 fugitivaque
923 591 1079 652 gaudia
1104 608 1260 653 carpe3

234 661 477 707 Perdiderit
501 660 668 705 nullum
693 662 781 705 vita
808 677 981 706 reversa
1009 662 1134 706 diem.

94 804 154 830 tur
183 796 324 830 Persius
354 808 443 837 uno,
467 795 581 836 Quam
616 795 702 828 levis
732 795 767 828 in

94 857 166 882 tota
194 849 328 882 Marsus
347 847 572 881 Amazonide.
594 865 606 876 u
633 847 766 893 Sulpic.

93 902 210 935 sever.
229 902 305 935 Vit.
321 901 463 935 Martin.
480 912 556 946 cap.
579 914 596 933 2
613 912 620 933 :
644 916 656 927 α
673 901 768 934 Vere

91 967 227 988 memor
246 954 416 988 Dominus
431 980 439 987 .
455 980 462 987 .
477 980 485 987 .
503 965 539 987 se
555 954 592 986 in
612 965 768 999 paupere

94 1007 270 1052 professus
282 1015 333 1041 est
347 1007 451 1040 fuisse
466 1006 643 1040 vestitum.
653 1023 666 1036 n
682 1007 765 1040 Ant.

90 1060 129 1092 de
139 1061 424 1105 Rodia—Tristia
433 1073 501 1092 cum
512 1060 658 1104 lacrymis
669 1058 768 1092 dedit

91 1112 285 1147 Scriverius
319 1125 338 1146 e
370 1112 582 1146 membranis
609 1119 643 1145 et
667 1112 767 1145 Junii

91 1166 257 1211 margine.
289 1164 442 1199 Videtur
472 1164 661 1211 legendum
683 1177 691 1198 :
718 1178 767 1197 se-

90 1231 225 1265 curaque
233 1219 361 1264 flebant
386 1219 506 1251 Tristia
516 1220 586 1262 jam
605 1218 765 1264 lacrymae.

89 1271 169 1304 Jam
186 1272 381 1317 lugentium
399 1271 561 1316 lacrymae
574 1295 582 1307 ‚
605 1271 673 1303 hoc
692 1278 742 1304 est
756 1298 765 1310 ‚

88 1324 245 1370 lugentes
261 1324 424 1370 lacrymis
439 1350 448 1365 ,
471 1323 601 1356 flebant
625 1323 766 1356 tristitia

89 1389 209 1410 secura
226 1403 235 1417 ‚
248 1376 285 1410 id
304 1385 368 1416 est,
388 1385 522 1410 certum
540 1385 574 1410 et
592 1374 766 1409 creditum

90 1442 153 1463 nec
170 1429 316 1475 amplius
331 1442 396 1475 pro
414 1428 523 1462 dubio
535 1429 695 1462 habitum
710 1440 766 1462 ca·

93 1494 170 1516 sum
189 1491 300 1516 tuum.
325 1482 515 1516 Gronovius.

144 1548 178 1580 7.
195 1536 272 1569 Non
289 1536 380 1575 tulit,
405 1543 469 1569 etc.
486 1533 589 1568 Vidit
609 1546 646 1567 ac
660 1534 767 1568 sensit

88 1587 196 1621 Pluto
209 1613 218 1628 ‚
244 1600 278 1622 se
297 1601 369 1621 non
386 1588 461 1621 fore
482 1600 601 1633 parem
618 1586 765 1620 ferendo

90 1640 261 1674 invidiam
285 1649 320 1674 et
346 1640 504 1687 querelas
523 1640 706 1674 hominum
730 1648 765 1674 te

88 1694 282 1739 lugentium
322 1694 500 1739 ipsiusque
542 1693 767 1739 rapacitatem

88 1745 334 1780 detestantium
346 1759 355 1788 ;
366 1747 484 1791 itaque
502 1746 632 1792 eripuit
649 1746 766 1780 Parcis

88 1800 184 1833 colos
203 1800 366 1845 fusosque
390 1808 424 1833 et
448 1808 481 1833 te
503 1800 583 1832 vitae
600 1799 763 1833 restituit.

142 1854 176 1887 8.
192 1853 225 1885 E
228 1861 241 1885 t
249 1855 370 1898 raptum
377 1853 461 1895 fatis
473 1852 611 1884 reddidit
625 1854 688 1896 ipse
697 1853 764 1884 solo

88 1904 196 1938 codex
211 1906 409 1939 Pulmanni.
425 1907 473 1938 Et
485 1914 593 1950 ruptas
601 1906 684 1948 satis
697 1905 766 1937 red·

87 1958 171 1991 didit
186 1960 250 2003 ipse
267 1959 350 1991 colos
369 1961 462 2004 conj.
483 1958 686 1992 Gronovius
700 1983 708 1999 ‚
726 1966 764 1992 ut

88 2011 240 2045 Seneca:
262 2028 276 2041 α
294 2012 445 2058 Abrupit
472 2010 606 2045 stolidae
633 2011 762 2056 regalia

88 2072 245 2109 tempora
267 2065 358 2097 vitae.
376 2083 388 2093 ι»

886 792 1096 829 Ιο.Ἑι-ιιενὶς
1118 799 1303 841 posteritate
1335 807 1401 831 tua.
1425 801 1504 846 Ipse

827 847 924 881 velut
953 848 1130 882 redivivus
1159 850 1224 883 scis
1260 863 1364 896 quam
1395 852 1502 887 fueris

827 912 925 934 carus
957 901 1078 943 nobis,
1101 902 1169 935 tuis
1193 903 1359 937 nimirum
1385 915 1502 950 poste-

826 954 895 996 ris,
916 966 1024 1000 quum
1050 963 1229 988 mortuum
1257 965 1290 990 te
1313 956 1503 992 credideri-

828 1019 915 1040 mus.
933 1007 1023 1040 Plin.
1044 1008 1079 1040 II
1093 1034 1101 1050 ‚
1118 1009 1218 1053 epist.
1242 1022 1272 1042 1.

884 1072 897 1093 1
912 1072 941 1092 1.
966 1061 1043 1093 Vive
1066 1061 1155 1093 velut
1185 1069 1284 1106 rapto.
1312 1062 1390 1096 Hoc
1423 1072 1473 1097 est
1494 1091 1503 1101 ,

824 1112 966 1158 percipe
986 1113 1182 1159 voluptates
1197 1114 1345 1159 perinde
1362 1128 1399 1149 ac
1418 1116 1446 1149 si
1461 1129 1502 1150 ex

825 1173 926 1210 rapto
941 1165 1087 1199 viveres.
1106 1165 1190 1200 Vid.
1213 1167 1273 1201 lib.
1290 1169 1307 1200 I
1323 1194 1333 1209 ,
1355 1181 1410 1213 ep.
1430 1182 1501 1203 ΧΠ.

886 1230 943 1252 12.
964 1218 1146 1252 Perdiderit
1174 1220 1292 1252 nullum
1321 1221 1413 1255 diem.
1434 1223 1506 1263 Qui

824 1271 1027 1304 metuebant
1047 1279 1081 1305 et
1102 1273 1271 1306 cavebant
1290 1286 1335 1306 ne
1357 1273 1431 1307 dies
1452 1276 1500 1308 ita

823 1322 1015 1368 perderent
1027 1350 1036 1365 ‚
1062 1327 1163 1357 vitam
1203 1338 1237 1359 se
1268 1339 1375 1371 rapere
1408 1326 1504 1361 dice-

824 1376 920 1409 bant.
941 1375 1048 1410 Unde
1062 1377 1204 1411 Flaccus
1219 1377 1263 1411 ad
1274 1379 1504 1414 Leuconoen:

1169 1439 1202 1463 et
1229 1431 1264 1464 in
1294 1432 1355 1465 lib.
1385 1433 1503 1479 Epod.

829 1499 843 1510 α
856 1482 1029 1526 Rapiamus
1043 1509 1051 1522 ‚
1073 1483 1190 1522 amici,
1211 1483 1440 1519 Occasionem
1458 1486 1503 1520 de

823 1533 881 1567 die
903 1552 934 1567 n.
951 1535 1135 1581 Eleganter
1157 1536 1291 1570 Plinius
1316 1537 1378 1572 lib.
1401 1539 1503 1582 XIV,

825 1599 899 1633 cap.
914 1603 931 1620 ε
941 1601 956 1620 2
970 1613 979 1628 ‚
993 1587 1037 1621 de
1053 1589 1093 1622 iis
1110 1589 1172 1635 qui
1182 1589 1343 1624 hesterna
1358 1593 1501 1637 crapula

824 1648 977 1673 mentem
1012 1642 1261 1687 opprimebant
1287 1653 1294 1675 τ
1333 1661 1347 1673 α
1365 1645 1503 1690 Rapere

823 1705 858 1726 se
878 1693 924 1726 ita
940 1693 1048 1727 vitam
1065 1693 1257 1740 praedicant
1275 1708 1386 1741 quum
1405 1698 1502 1742 prio-

822 1758 897 1779 rem
915 1745 1009 1779 diem
1029 1747 1186 1792 quotidie
1204 1747 1372 1793 perdant,
1391 1749 1499 1784 immo

826 1811 907 1832 vero
926 1807 960 1832 et
979 1801 1211 1834 venientem.»
1229 1801 1286 1835 Sic
1303 1802 1416 1835 lethum
1438 1817 1500 1836 non

818 1852 949 1896 perdere
967 1851 1090 1886 dicunt
1111 1866 1169 1887 eos
1182 1879 1191 1894 ,
1215 1854 1279 1900 qui
1300 1867 1371 1888 non
1394 1856 1500 1890 inulti

825 1905 1035 1939 moriuntur.
1054 1907 1236 1947 Lucanus,
1252 1907 1314 1941 lih.
1331 1909 1405 1942 III:
1423 1910 1499 1943 Non

816 1958 949 2003 perdere
959 1959 1074 1992 lethum
1087 1959 1233 1993 Maxima
1246 1973 1320 1993 cura
1326 1962 1406 2003 suit.
1419 1962 1501 1995 Per-

823 2009 906 2044 dere
921 2023 956 2044 se
970 2010 1062 2045 diem
1081 2012 1181 2045 illum
1198 2014 1384 2059 putabant,
1396 2027 1497 2059 quein

823 2076 895 2097 non
915 2063 1144 2109 indulgebant
1167 2066 1290 2110 genio,
1313 2067 1498 2112 voluptati.

830 1446 842 1457 κ
864 1429 968 1474 Carpe
992 1427 1086 1462 diem
1104 1443 1140 1472 »3

638 2199 943 2254 XLVIII.

606 2349 672 2377 An
714 2330 976 2377 ANMUM*

295 2471 447 2527 QUUM
474 2483 643 2511 mensas
667 2467 826 2510 habeat
850 2467 938 2511 fere
964 2467 1172 2511 ducentas
1188 2504 1198 2517 ,

138 2600 213 2638 *De
239 2604 347 2638 Armio
378 2602 581 2635 inscribitur
610 2602 643 2633 in
681 2599 760 2634 odd.

87 2665 169 2691 vett.
190 2657 363 2690 omnihus.

163 2732 222 2773 ΙΙ.

880 2614 892 2634 1
904 2627 910 2633 .
942 2601 1069 2634 Habeat
1099 2605 1166 2645 sere
1199 2612 1348 2639 trecentas
1384 2609 1492 2643 codex

824 2654 1019 2688 Pulmanni.
1037 2671 1087 2677 -
1099 2657 1179 2690 Feri·
1194 2658 1352 2693 ducentas.
1368 2662 1495 2695 Nume-

1231 2732 1284 2773 16
