1978 3305
464 234 564 291 486

839 234 901 276 Μ.
927 232 1068 276 VAL.
1107 230 1494 275 MARTIALIS

603 324 660 366 Et
689 321 821 381 Libys
851 321 896 363 in
924 319 1056 380 longo
1086 317 1266 380 pulvere
1294 316 1420 361 sudet
1449 333 1602 377 eques3

535 394 766 450 Strataque
795 407 884 436 non
909 406 1018 433 unas
1044 390 1222 450 cingant
1246 386 1430 431 triclinia
1454 388 1577 431 Baias
1592 422 1603 441 ,

603 463 660 504 Et
684 461 834 504 Thetis
859 469 1083 521 unguento
1106 458 1266 520 palleat
1289 467 1421 501 uncta
1446 466 1546 512 tuo;

535 531 734 576 Candida
756 531 891 575 Setini
915 539 1124 590 rumpant
1144 527 1346 589 crystalla
1368 529 1569 583 trientes,
1867 541 1882 562 s

606 603 809 645 Dormiat
835 602 879 644 in
904 600 1054 661 pluma
1081 616 1162 643 nec
1191 598 1368 643 meliore
1390 599 1565 648 Venus;

535 671 602 715 Ad
629 681 845 716 nocturna
866 671 985 731 jaces
1013 670 1180 715 fastosae
1211 669 1358 713 limina
1386 667 1590 721 moechae,

605 744 663 785 Et
686 742 833 786 madet
853 737 975 799 (heu)
995 740 1196 801 lacrymis
1215 741 1348 801 janua
1373 739 1505 782 surda
1528 738 1634 786 tuis:

537 814 677 856 Urere
703 829 783 856 nec
809 813 1014 856 miserum
1040 821 1210 855 cessant
1236 810 1418 871 suspiria
1444 818 1611 869 pectus.

609 884 686 927 Vis
710 882 878 936 dicam,
900 881 1012 925 male
1034 883 1088 925 sit
1112 898 1190 925 cur
1212 881 1318 935 tibi,
1340 876 1510 923 Tucca!
1534 881 1650 922 Bene
1677 886 1752 921 est.

467 1015 578 1059 Cujus
596 1012 693 1060 apud
713 1013 836 1046 molles
857 1012 1005 1045 minima
1027 1019 1079 1044 est
1094 1012 1146 1056 ja-

467 1077 565 1102 ctura
580 1065 775 1100 cathedras.
796 1083 809 1095 ο
821 1086 874 1092 -
892 1065 937 1097 Et
956 1064 1122 1097 Horatius
1138 1089 1147 1104 ‚

466 1121 527 1154 lib.
554 1121 589 1161 I,
608 1119 676 1153 Sat.
697 1132 719 1152 x
734 1145 743 1160 ‚
765 1127 927 1163 antepen.
952 1125 988 1150 et
1009 1117 1145 1162 penult.

466 1185 555 1206 vers.
578 1184 586 1205 :
612 1190 626 1203 a
645 1172 799 1205 Demetri
820 1196 830 1211 ‚
852 1179 956 1216 teque
985 1169 1111 1215 Tigelli
1136 1194 1146 1209 ,

467 1225 729 1271 Discipularum
756 1223 850 1257 inter
877 1223 982 1267 jubeo
1006 1223 1147 1268 plorare

470 1277 664 1313 cathedras.
676 1295 688 1306 n
704 1278 771 1310 Eo.

525 1344 557 1364 2.
572 1330 668 1364 Sedet
681 1329 818 1363 Beverl.
828 1350 880 1355 —
891 1329 939 1361 Et
953 1328 1062 1375 Libys,
1079 1337 1146 1362 etc.

467 1385 512 1417 Et
526 1384 609 1425 tibi,
628 1395 694 1429 pro
711 1395 808 1416 more
825 1381 1018 1415 lautiorum
1029 1406 1037 1419 ‚
1058 1394 1147 1427 prae-

466 1445 612 1470 currant
651 1436 784 1482 equites
825 1434 999 1469 Numidae.
1037 1436 1148 1480 Reges

467 1490 564 1523 enim
597 1497 633 1523 et
664 1489 883 1534 potentiores
917 1499 1150 1532 praecursores

467 1543 546 1576 illos
565 1543 761 1582 habebant,
784 1553 894 1587 quum
920 1541 987 1574 iter
1007 1539 1150 1586 aliquod

469 1594 737 1640 ingrederentur
755 1606 762 1627 :
780 1595 930 1628 cursores
943 1594 1151 1638 simpliciter

470 1647 650 1689 dicuntur,
661 1660 773 1694 quum
787 1659 1018 1693 praecursores
1030 1659 1152 1680 revera

470 1701 550 1736 sint.
565 1701 688 1735 Senec.
703 1701 802 1746 epist.
817 1712 920 1734 cxlv:
938 1699 1091 1733 «Omnes
1103 1700 1152 1733 sic

469 1756 539 1799 jam
563 1754 852 1800 peregrinantur,
869 1762 909 1787 ut
929 1753 1008 1786 illos
1027 1753 1152 1787 Numi-

471 1806 598 1840 darum
617 1815 808 1852 praecurrat
825 1806 1018 1852 equitatuS‚
1038 1814 1077 1839 ut
1093 1819 1152 1851 ag-

470 1872 552 1893 men
570 1872 753 1893 cursorum
770 1858 962 1893 antecedat.
973 1860 1150 1892 ==Turneb.

470 1913 534 1946 lib.
557 1913 696 1953 XXIV,
718 1925 795 1957 cap.
822 1915 856 1945 6.

527 1966 561 1999 3.
589 1966 733 2000 Nolanus
754 1967 872 2009 pingat
900 1963 978 1998 rod.
1015 1965 1150 1998 Beverl.

477 2017 713 2063 Tangantcod.
727 2017 1150 2064 Pulmann.—Slrataque.

472 2072 524 2105 De
540 2071 630 2104 Baiis
643 2070 776 2104 dictum
787 2071 849 2103 lib.
862 2071 890 2111 Ι,
901 2070 1010 2115 epigr.
1025 2083 1077 2108 Lx,
1090 2070 1152 2103 ubi

472 2132 572 2158 erant
588 2124 814 2157 nobilissima:
830 2123 991 2164 thermoe,
1008 2122 1102 2156 unde
1119 2132 1152 2156 et

472 2177 529 2210 hic
555 2177 646 2210 Baiae
674 2185 862 2210 sumuntur
886 2189 952 2221 pro
983 2176 1128 2209 thermis
1146 2203 1154 2219 ‚

469 2232 565 2273 juxta
590 2243 674 2276 quas
697 2230 966 2263 exstruebantur
989 2229 1150 2263 triclinia.

471 2305 524 2311 —
538 2283 613 2316 Non
631 2297 720 2316 unas.
741 2281 782 2316 Id
802 2291 875 2323 est,
898 2282 1034 2315 multas.

527 2341 561 2376 4.
590 2337 637 2369 Et
671 2337 788 2370 Thetis.
816 2335 977 2369 Sumitur
1004 2335 1061 2368 hic
1085 2347 1151 2380 pro

472 2389 604 2422 balneis
618 2389 722 2422 maris
733 2390 840 2422 instar
855 2389 994 2434 amplis,
1009 2402 1085 2434 quae
1102 2401 1152 2421 re-

471 2440 637 2476 dolebant
650 2451 870 2487 unguentum
884 2441 1043 2486 undique
1058 2454 1153 2486 spar-

472 2507 558 2527 sum.
578 2494 669 2528 Vide
687 2496 746 2528 lib.
763 2495 835 2535 111,
852 2495 960 2540 epigr.
978 2507 1040 2527 κη.
1056 2497 1151 2532 Θέτις

475 2547 543 2581 Dea
565 2557 598 2581 et
616 2549 771 2593 nympha
794 2550 918 2587 maris,
936 2548 1004 2581 lilia
1025 2548 1151 2587 Nerei,

472 2609 536 2633 etc.
565 2602 665 2638 Τηθὺς
679 2627 687 2637 ,
713 2602 846 2645 Tethys
859 2628 866 2640 ,
889 2614 977 2634 uxor
999 2601 1126 2634 Oceani
1143 2601 1148 2636 ’,

475 2662 512 2686 ut
532 2654 743 2698 Amphitrite
762 2667 824 2699 pro
844 2655 929 2688 mari
948 2655 1070 2699 saepius
1094 2668 1148 2686 .i‹·-

1207 1009 1358 1055 cipitur,
1376 1009 1439 1042 lib.
1457 1008 1573 1054 Spect.
1596 1009 1799 1054 epigramm.
1823 1019 1881 1040 ιιι,

1262 1062 1295 1096 5.
1312 1062 1379 1096 Sed
1388 1064 1460 1095 vini
1471 1062 1551 1095 Vat.
1562 1062 1773 1094 —T1·ientes.
1791 1059 1886 1095 Cali-

1205 1127 1261 1150 ces
1280 1123 1430 1161 quatuor
1446 1114 1666 1161 cyathorum.
1681 1113 1759 1147 Lib.
1770 1114 1789 1147 I
1800 1140 1809 1153 ,
1827 1125 1885 1160 ep.

1204 1181 1339 1210 xxvnr,
1352 1181 1402 1202 vs.
1417 1181 1448 1201 2.
1460 1189 1514 1194 —-
1525 1167 1674 1201 Candida
1687 1166 1798 1200 Setini.
1810 1166 1886 1200 Hoc

1205 1230 1268 1263 est,
1276 1234 1386 1267 quum
1393 1220 1541 1255 trientes
1548 1220 1622 1254 vini
1633 1219 1753 1260 Setini,
1764 1218 1808 1252 de
1816 1231 1885 1265 quo

1206 1274 1333 1321 saepius
1349 1273 1482 1307 dictum
1492 1301 1500 1313 ‚
1517 1274 1633 1307 calore
1643 1285 1709 1307 suo
1721 1280 1887 1318 rumpant

1205 1328 1331 1372 pocula
1360 1326 1560 1373 crystallina
1575 1352 1585 1368 ‚
1614 1327 1671 1359 vel
1700 1324 1888 1372 splendore

1206 1393 1268 1414 suo
1299 1380 1504 1426 crystallum
1529 1377 1792 1425 quodammodo
1818 1377 1885 1412 fin-

1207 1433 1290 1467 dere
1308 1433 1505 1473 videantur.

1263 1490 1297 1520 6.
1316 1488 1354 1520 In
1366 1486 1476 1531 pluma
1492 1498 1547 1518 nec
1560 1485 1694 1517 meliore.
1714 1484 1755 1517 In
1769 1483 1885 1529 pluma

1208 1548 1324 1573 autem
1341 1540 1476 1572 olorina
1494 1538 1627 1572 dormit
1639 1538 1775 1571 Venus.
1797 1536 1887 1569 Nam

1208 1593 1322 1626 olores
1335 1592 1387 1625 illi
1402 1591 1501 1626 sacri.

1265 1645 1367 1691 7.Ad
1381 1653 1546 1678 nocturna.
1564 1644 1598 1677 Is
1614 1644 1709 1677 enim
1724 1655 1800 1676 mos
1818 1642 1888 1676 usi·-

1210 1698 1398 1732 tatissimus
1412 1697 1612 1733 Veteribus.
1624 1696 1762 1731 Persius
1776 1704 1840 1729 sat.
1853 1707 1886 1728 v.

1211 1754 1296 1792 164:
1319 1769 1333 1781 α
1351 1752 1406 1784 An
1422 1764 1496 1784 rem
1517 1750 1664 1796 patriam
1683 1761 1825 1783 rumore
1842 1748 1891 1781 si-,

1211 1805 1324 1838 nistro
1342 1805 1467 1837 Limen
1498 1802 1541 1837 ad
1569 1804 1773 1836 obscoenum
1799 1801 1888 1834 fran-

1209 1871 1308 1903 gam,
1330 1856 1415 1890 dum
1439 1856 1623 1902 Chrysidis
1646 1854 1732 1889 udas
1761 1854 1890 1888 Ebrius

1211 1919 1292 1944 ante
1314 1911 1406 1943 fores
1429 1910 1598 1943 exstincta
1614 1921 1696 1943 cum
1714 1908 1788 1941 face
1808 1919 1889 1941 can-

1212 1964 1270 1997 to?
1286 1982 1298 1993 »
1311 1984 1363 1990 ——
1383 1962 1488 1996 Unde
1506 1963 1668 1996 Horatius
1686 1961 1748 1994 lib.
1770 1961 1808 2001 I,
1829 1958 1888 1992 od.

1213 2030 1292 2058 xxv,
1305 2016 1347 2049 ad
1359 2023 1593 2049 senescentem
1612 2015 1763 2060 puellam
1773 2025 1780 2045 ε
1789 2031 1802 2043 ι
1811 2013 1891 2047 Par-

1213 2070 1285 2103 cius
1305 2071 1443 2113 junctas
1463 2068 1626 2113 quatiunt
1648 2068 1824 2100 fenestras.
1839 2091 1846 2099 .
1861 2092 1888 2098 ..

1210 2124 1354 2167 juvenes
1373 2121 1529 2166 protervi
1548 2133 1555 2153 z
1575 2120 1647 2154 Nec
1665 2120 1729 2152 tibi
1750 2130 1890 2152 somnos

1213 2175 1391 2215 adimunt;
1450 2173 1549 2207 audis
1570 2173 1687 2206 minus
1698 2199 1706 2213 ‚
1726 2180 1760 2205 et
1775 2171 1890 2204 minus

1209 2229 1279 2273 jam
1290 2240 1296 2261 ε
1307 2229 1364 2261 Me
1376 2235 1436 2260 tuo
1450 2227 1567 2272 longas
1580 2234 1749 2271 pereunte
1759 2233 1890 2264 noctes,

1212 2281 1324 2328 Lydia
1339 2307 1348 2323 ,
1367 2279 1533 2314 dormis.»
1549 2279 1638 2313 Satis
1655 2278 1778 2312 similis
1793 2277 1830 2311 in
1848 2277 1892 2311 le-

1211 2335 1368 2367 vioribus
1384 2333 1602 2379 poematibus
1622 2332 1745 2365 [An-m:
1759 2344 1770 2364 .-

1213 2400 1308 2423 nevers
1316 2398 1407 2421 minuit
1417 2397 1514 2422 ,tundis
1525 2403 1574 2429 que
1582 2404 1640 2419 snus
1647 2394 1748 2418 vouloir
1756 2393 1891 2427 rependi-e.

1266 2444 1286 2468 ll
1301 2454 1365 2468 vous
1378 2443 1477 2477 pli-istit
1489 2444 1519 2467 de
1539 2451 1580 2466 mc
1595 2441 1685 2466 itiner
1700 2439 1848 2465 morfonflr‘

1268 2494 1285 2516 Α
1301 2497 1373 2515 voti-r
1385 2497 1473 2524 porte.
1489 2489 1522 2514 uu
1538 2490 1560 2520 jc
1576 2491 1678 2513 sonnais
1695 2497 1726 2512 en
1741 2489 1828 2512 vain...
1841 2486 1889 2511 En.

1270 2558 1322 2578 ro.
1344 2545 1430 2577 Bene
1450 2556 1516 2588 pro
1538 2542 1618 2574 male
1640 2540 1719 2575 cod.
1740 2542 1818 2574 Vax.
1840 2562 1888 2566 .--

1213 2600 1297 2633 Bem-
1319 2607 1372 2630 me.
1392 2598 1504 2643 Atque
1527 2597 1570 2628 ita
1592 2595 1754 2628 cruciaris
1786 2593 1891 2626 nimia

1212 2651 1413 2685 ‹lix-iliarum
1434 2648 1657 2683 abnndantia.
