1978 3305
458 223 511 275 ¹1¹1
520 220 549 264 6

821 219 882 260 Μ.
906 218 1044 259 VAL.
1085 216 1470 259 MARTIALIS

659 306 755 349 Non
781 304 932 348 Phoebi
959 302 1096 354 vada,
1121 303 1424 363 principesque
1446 305 1570 348 Baiae.

654 377 878 434 Nusquam
911 383 1000 416 tam
1032 372 1218 416 nitidum
1248 373 1378 417 micat
1408 389 1629 427 serenu1u3

655 448 753 488 Lux
777 445 868 504 ipsa
891 453 956 487 est
981 443 1039 487 ibi
1064 442 1254 503 longior,
1275 442 1451 504 diesque

654 513 787 558 Nullo
810 513 974 557 tardius
997 529 1021 556 a
1048 512 1143 557 loco
1167 512 1340 557 recedit.

655 583 751 628 Illic
775 585 949 644 Taygeti
975 584 1117 627 virent
1140 581 1335 639 metalla,

654 656 712 698 Et
734 663 902 698 certant
929 655 1050 698 vario
1078 653 1235 698 decore
1264 669 1391 709 saxa,

659 727 769 782 Quae
794 725 965 785 Phryx,
993 734 1035 768 et
1066 724 1197 784 Libys
1227 723 1354 768 altius
1385 723 1562 777 cecidit,

657 797 803 839 Siccos
832 795 1003 856 pinguis
1026 795 1154 855 Onyx
1181 793 1357 838 anhelat
1378 803 1530 850 aestus,

447 953 500 987 his
516 953 603 987 nihil
623 952 752 998 reperi.
769 972 820 978 —·
836 951 963 985 Anxur.
983 950 1099 984 Hodie
1110 976 1120 992 ‚

457 1008 646 1047 Terracina,
663 1004 726 1038 lib.
750 1005 797 1045 V,
819 1004 928 1050 epigr.
950 1015 982 1045 1,
1003 1017 1052 1037 vs.
1075 1005 1122 1045 63

450 1068 484 1093 et
502 1060 623 1092 Horat.
638 1058 701 1092 lib.
718 1059 735 1090 I
747 1079 756 1096 ‚
775 1066 836 1091 sat.
857 1069 893 1099 v,
914 1058 973 1089 26.

503 1125 536 1157 7.
556 1110 678 1146 Codex
695 1110 885 1144 Vaticanus
896 1134 905 1150 ,
920 1111 1122 1154 principisve,

452 1166 474 1199 i.
492 1178 521 1198 e.
541 1163 744 1198 Domitiani.
757 1185 807 1190 ——
818 1162 931 1196 Phoebi
944 1162 1043 1195 vada.
1058 1162 1127 1196 Cu-

451 1231 597 1251 manum
624 1217 707 1250 litus
731 1216 933 1261 intelligunt
955 1215 1126 1260 interpre-

453 1280 520 1311 tes,
541 1270 602 1303 ubi
619 1281 746 1315 nempe
759 1269 895 1302 celebre
909 1268 974 1301 fuit
991 1267 1127 1314 Apolli-

453 1325 505 1358 nis
520 1323 691 1369 templum
705 1347 713 1361 ,
729 1323 856 1367 Virgil.
873 1324 951 1355 lEn.
970 1322 1034 1354 VI.
1049 1321 1130 1354 Clu-

453 1377 586 1415 verius,
608 1375 714 1409 Italiae
724 1375 785 1408 lib.
806 1375 859 1416 II,
878 1387 952 1420 cap.
971 1387 988 1407 2
1001 1400 1009 1415 ‚
1028 1373 1129 1407 intel-

456 1429 532 1475 ligit
554 1441 659 1475 aquas
686 1428 902 1474 Apollinares
923 1426 1049 1460 calidas
1065 1452 1075 1468 ,
1097 1435 1131 1460 et

454 1483 699 1522 nobilissimas,
713 1481 797 1514 olim
814 1481 997 1514 Coeretanas
1010 1479 1130 1521 dictas,

453 1537 551 1581 juxta
575 1535 671 1569 Ca‘re
695 1533 845 1567 Etruriae
874 1532 1058 1579 oppidum.
1079 1554 1131 1559 —

459 1590 678 1634 principesque
706 1588 822 1627 Baiae;
854 1586 945 1620 inter
979 1587 1133 1620 salubres

462 1649 580 1675 tenent
601 1641 837 1686 principatum
854 1652 950 1685 aquae
969 1640 1116 1672 Baianae.

515 1696 548 1729 8.
563 1694 724 1740 Nusquam
739 1701 802 1725 tam
817 1693 948 1725 nitidum
962 1700 1060 1725 vacat
1073 1693 1135 1725 Be·

461 1745 617 1781 verlandi
647 1746 720 1779 MS.
745 1758 824 1779 cuin
850 1746 1028 1779 nonnullis
1052 1744 1132 1778 edd.

462 1808 545 1834 vett.
561 1802 802 1832 micutservant
814 1797 894 1832 Ald.
909 1799 1006 1831 Junt.
1019 1798 1134 1832 Colin.

463 1852 601 1898 Gryph.
633 1852 744 1885 Plant.
777 1851 919 1884 Junian.
950 1851 1134 1885 Pulmanu.

466 1907 572 1952 Lang.
590 1905 716 1951 Delph.
735 1913 798 1938 etc.
817 1925 868 1931 —
882 1904 1026 1937 Nitidum
1044 1907 1138 1937 micat

465 1972 614 1992 serenum.
641 1958 789 1997 Statius,
814 1958 848 1998 I,
873 1956 955 1990 Silv.
986 1957 1024 1997 5,
1056 1958 1102 1997 45
1128 1970 1136 1990 :

470 2030 482 2041 ιι
500 2012 634 2045 Multus
660 2011 790 2056 ubique
821 2009 916 2050 dies,
944 2009 1050 2043 radiis
1077 2011 1136 2043 ubi

465 2065 619 2099 culmina
639 2064 723 2097 totis
748 2063 922 2103 Perierat,
941 2071 1049 2108 utque
1070 2063 1138 2096 alio

465 2119 514 2152 sol
532 2118 713 2164 improbus
729 2117 846 2150 uritur
868 2124 961 2150 aestu.
981 2133 994 2146 n
1020 2117 1137 2149 Rader.

520 2185 554 2215 9.
581 2172 729 2216 Diesque.
752 2170 796 2203 Et
819 2169 936 2203 nullus
960 2176 1009 2202 est
1032 2169 1138 2202 Italiae

467 2225 561 2257 locus
579 2224 640 2256 ubi
653 2222 727 2256 dies
743 2221 875 2255 tardius
891 2221 1044 2261 desinat,
1058 2223 1137 2267 quia

468 2289 604 2323 semper
624 2276 682 2309 hic
711 2285 760 2309 est
784 2287 915 2321 purum
946 2282 981 2308 et
1006 2275 1138 2308 innube

467 2331 601 2364 caelnm.
618 2330 686 2362 En.

526 2396 538 2416 1
549 2395 581 2415 o.
597 2382 677 2415 Post
689 2381 784 2415 hunc
797 2393 933 2415 versum
946 2381 1062 2415 locum
1076 2381 1137 2414 ha·

466 2437 525 2469 bet
539 2435 694 2468 decimus
709 2443 852 2480 quartus
866 2459 876 2474 ,
893 2434 998 2468 Siccos
1009 2436 1138 2479 pinguis

468 2489 578 2534 Onyx,
598 2496 665 2521 etc.
683 2489 715 2520 in
732 2487 786 2520 ed.
802 2488 910 2533 antiq.
930 2487 1064 2521 Ferrar.
1081 2500 1136 2521 an.

471 2545 578 2586 1471.
611 2540 688 2574 Ald.
720 2541 819 2574 Junt.
849 2540 963 2574 Colin-
997 2540 1134 2586 Grypli.

464 2594 574 2626 Plani.
602 2594 749 2626 Junian.
773 2593 949 2627 Calderin.
972 2594 1131 2627 Pulnian.

461 2647 566 2691 Lang.
585 2655 617 2679 et.
636 2647 761 2691 Delph.
784 2647 951 2679 Nostrum
971 2646 1130 2680 ordinem

1182 958 1320 984 servant
1348 950 1490 984 Gruter.
1526 950 1676 985 Scriver.
1708 952 1856 987 Farnab.

1183 1003 1358 1037 Schrevel.
1376 1003 1508 1036 Bm-hou
1523 1031 1533 1044 ,
1555 1011 1620 1038 etc.

1243 1069 1257 1090 1
1271 1068 1283 1088 1
1293 1081 1301 1089 .
1318 1057 1350 1089 T
1348 1057 1426 1100 ajeti
1437 1059 1549 1100 vigent
1563 1057 1769 1090 Beverlandi
1783 1058 1855 1091 MS.

1183 1129 1236 1136 --
1260 1110 1397 1153 Taygeti
1413 1109 1552 1142 metalla.
1570 1109 1729 1143 Marmor
1745 1111 1859 1144 viride

1185 1174 1227 1196 ex
1243 1162 1399 1207 Taygeto
1415 1170 1538 1195 monte
1558 1163 1721 1197 Laconiae
1733 1189 1743 1207 ,
1763 1177 1860 1198 nunc

1185 1214 1302 1256 dicto,
1326 1215 1452 1255 Portes,
1481 1228 1595 1261 prope
1629 1215 1791 1262 Spartam
1826 1225 1860 1250 et

1187 1268 1359 1313 Amyclas.
1380 1268 1616 1310 catachresis,
1635 1270 1776 1310 metalla,
1794 1282 1860 1316 pro

1188 1319 1316 1367 lapide.

1246 1386 1303 1408 12.
1321 1373 1464 1407 Certant.
1482 1374 1640 1408 Marmor
1657 1374 1863 1410 Sinadicum

1189 1439 1207 1460 e
1231 1427 1381 1472 Phrygia
1409 1427 1578 1473 purpurei
1600 1428 1727 1462 coloris
1753 1437 1863 1462 certat

1188 1480 1354 1513 marmori
1374 1479 1568 1514 Nomadico
1589 1493 1608 1514 e
1626 1481 1737 1527 Libya
1759 1481 1861 1515 ssave.

1189 1554 1241 1559 —
1257 1533 1358 1566 Vario
1372 1533 1492 1567 decore.
1512 1533 1681 1568 Colorum
1699 1535 1864 1569 varietate

1191 1593 1325 1619 certant
1342 1598 1527 1620 marmora.

1249 1652 1262 1673 1
1274 1638 1306 1672 3.
1326 1639 1408 1683 Quoe
1423 1640 1554 1685 Phryx,
1571 1647 1634 1673 etc.
1653 1640 1728 1674 Hoc
1746 1648 1812 1682 est,
1824 1653 1865 1674 ex

1192 1692 1343 1737 Phrygia
1365 1700 1468 1738 atque
1490 1705 1530 1726 ex
1548 1693 1672 1738 Libya.
1688 1714 1740 1720 -—
1755 1694 1866 1727 Altius

1193 1746 1313 1778 cecidit.
1336 1745 1366 1778 E
1383 1753 1490 1787 terra,
1506 1757 1568 1779 seu
1583 1745 1780 1791 lapicidina.
1799 1747 1865 1781 Vel

1193 1806 1338 1844 propter
1352 1799 1460 1832 moles
1476 1811 1690 1832 marmorum
1706 1801 1863 1845 majores.

1252 1855 1310 1891 14.
1335 1851 1441 1885 Hunc
1459 1864 1601 1886 versum
1613 1877 1623 1893 ,
1643 1861 1682 1886 ut
1700 1861 1809 1886 exstat
1831 1853 1866 1886 in

1195 1902 1274 1937 edd.
1299 1913 1382 1938 vett.
1407 1905 1654 1951 transpositum
1674 1917 1746 1939 esse
1766 1914 1867 1940 nota-

1196 1957 1247 1990 vit
1271 1957 1481 2003 Cagnerius‚
1503 1958 1563 2004 qui
1584 1958 1618 1991 in
1639 1959 1783 2004 antiquo
1807 1971 1866 1992 co-

1196 2009 1273 2043 dice
1291 2023 1371 2043 eum
1389 2020 1466 2056 post
1479 2009 1727 2044 duodecimum
1741 2012 1868 2057 legerat

1196 2063 1376 2097 insertum.
1405 2084 1457 2090 —
1482 2064 1580 2110 Ori—vac
1609 2065 1738 2097 anhelat
1762 2074 1867 2098 (ιω-ΜΠ.

1197 2116 1400 2162 Οιι)·εὶιίιιηι
1422 2129 1575 2150 marmor
1595 2110 1665 2160 (de.
1683 2129 1753 2163 qno
1777 2118 1867 2152 Plin.

1196 2168 1258 2202 lib.
1280 2170 1454 2205 XXXVI.
1476 2182 1548 2215 cap.
1574 2168 1652 2210 vn)
1675 2180 1758 2204 aestu
1776 2171 1870 2205 sicco

1198 2222 1352 2262 anhelat,
1375 2221 1475 2255 sudat
1497 2231 1624 2256 tamen.
1645 2223 1774 2257 Sensus
1797 2233 1868 2264 est,

1199 2283 1236 2308 ut
1261 2275 1359 2314 vult,
1386 2275 1541 2309 Raderus
1566 2288 1573 2309 :
1600 2276 1704 2322 Onyx
1729 2277 1870 2322 pinguis

1196 2340 1258 2361 seu
1280 2327 1430 2369 sudans,
1454 2329 1590 2362 anhelat
1614 2337 1715 2362 aestus
1737 2329 1845 2364 siccos
1859 2357 1867 2367 ,

1198 2380 1233 2414 id
1253 2390 1323 2422 est,
1342 2382 1448 2415 solem
1464 2396 1472 2424 ;
1491 2381 1638 2428 perinde
1656 2394 1695 2416 ac
1713 2383 1739 2415 si
1760 2383 1871 2416 homi-

1198 2435 1253 2467 nis
1269 2446 1365 2468 more
1385 2443 1467 2468 aestu
1489 2435 1691 2468 balnearum
1712 2435 1870 2469 laboret?

1197 2499 1262 2520 nec
1284 2487 1379 2521 aliud
1404 2487 1507 2529 dicit,
1535 2501 1638 2534 quam
1664 2488 1698 2521 in
1725 2489 1870 2523 thermis

1197 2541 1350 2581 Etrusci,
1373 2541 1474 2575 etiam
1499 2541 1588 2574 iuter
1609 2541 1673 2574 alia
1696 2554 1869 2575 marmora

1195 2594 1340 2640 reperiri
1354 2594 1548 2638 Onychom.
1563 2594 1654 2627 Alias
1667 2607 1802 2639 gemma
1812 2621 1820 2632 ,
1834 2603 1869 2629 et

1191 2660 1248 2681 vas
1255 2647 1358 2680 etiam
1368 2647 1609 2692 ungentarium
1620 2646 1761 2682 dicitur.
1772 2649 1850 2692 On)¹
1859 2669 1870 2674 -
