1978 3305
400 237 979 283 EPIGRAMMATUM
1018 237 1140 279 LIR.
1181 238 1233 278 X.

1428 233 1524 295 50¹.)

338 326 511 370 Nullam
537 326 692 370 dixerit
715 342 805 369 esse
830 325 1102 384 nequiorem,

336 396 511 440 Nullam
539 396 693 440 dixerit
722 412 813 439 esse
843 395 1115 438 sanctiorem.

333 466 458 511 Tales
485 467 665 526 AEgeriae
686 466 807 525 jocos
834 465 963 507 fuisse

337 537 437 580 Udo
460 535 714 580 crediderim
738 536 893 579 Numae
918 533 997 576 sub
1025 543 1164 576 antro.

338 609 430 650 Hac
456 605 772 665 condiscipula,
794 603 861 647 vel
893 604 974 646 hac
1002 604 1204 662 magistra

336 679 463 721 Esses
487 676 657 720 doctior
682 684 725 718 et
749 674 931 734 pudica,
955 672 1145 733 Sappho.

333 747 415 790 Sed
448 755 592 790 tecum
620 745 782 805 pariter
806 741 1018 803 simulque
1047 744 1180 786 visam

335 818 484 859 Durus
508 814 742 875 Sulpiciam
770 814 918 858 Phaon
942 822 1118 856 amaret.

337 888 507 929 Frustra
530 902 539 928 :
561 900 748 945 namque
774 900 824 928 ea
848 899 929 927 nec
952 884 1161 926 Tonantis
1183 898 1315 933 uxor,

334 956 428 999 Nec
453 955 635 1009 Bacchi,
658 971 738 999 nec
767 953 976 1015 Apollinis
1008 952 1149 1014 puella

332 1027 495 1086 Erepto
521 1025 602 1068 sibi
627 1027 793 1069 viveret
816 1024 994 1068 Caleno.

128 1165 281 1207 φαῖσι-εγω
297 1161 394 1207 quod
408 1171 501 1196 recte
511 1161 670 1196 additum
686 1170 802 1195 censet

130 1214 382 1254 Beverlandus,
411 1223 445 1247 et
469 1214 702 1248 consulendos
728 1216 803 1247 vult

128 1268 342 1313 Scaligerum
360 1267 395 1299 in
413 1268 478 1312 Ep.
496 1276 530 1300 et
553 1267 745 1301 Heraldum
767 1268 802 1300 in

129 1321 275 1365 Apolog.
300 1320 521 1353 Tertulliani.
544 1320 683 1353 Etenim
707 1321 803 1354 lusus

127 1381 160 1406 et
173 1371 314 1406 delicias
327 1374 518 1417 conjugum
532 1373 718 1418 scripserat
729 1372 806 1405 Sul·

128 1425 239 1474 picia,
272 1438 313 1458 ex
344 1426 474 1470 quibus
504 1426 653 1471 nequior
682 1425 804 1458 haberi

128 1486 280 1523 poterat3
301 1486 336 1511 at
357 1477 583 1512 consideratis
603 1479 675 1523 ejus
697 1478 804 1511 mori-

127 1531 209 1566 bus,
233 1530 420 1564 castissima
436 1530 587 1575 judicari
606 1530 806 1564 debuit.—

129 1584 272 1629 Nequam
290 1591 405 1617 autem
426 1592 460 1617 et
479 1584 633 1629 improbus
649 1582 805 1617 indicant

128 1648 264 1682 semper
278 1636 349 1669 fere
361 1637 537 1670 lasciviam
553 1637 657 1670 simul
677 1644 711 1669 et
725 1649 806 1670 acu-

129 1689 235 1722 minis
266 1688 444 1734 quiddam.
472 1689 528 1722 Sic
554 1698 587 1722 et
620 1688 714 1735 apud
743 1702 806 1722 nos

129 1742 271 1774 me'clzant
280 1750 314 1774 et
324 1743 517 1787 praesertim
528 1742 636 1781 malin,
650 1742 806 1787 quamvis

84 1793 87 1798 ”
129 1795 242 1828 multo
261 1795 377 1827 minus
397 1794 604 1840 significent.

187 1847 245 1880 13.
281 1848 442 1892 sEgeriae.
473 1848 560 1889 Quae
588 1847 654 1880 fuit
684 1848 807 1881 Numae

130 1900 280 1945 conjux,
303 1899 347 1933 de
369 1913 437 1946 qua
457 1900 595 1939 lib.VI‚
620 1913 674 1946 ep.
691 1913 807 1940 vair,

129 1964 147 1983 a
169 1964 236 1997 qua
258 1951 428 1986 divinitus
449 1952 569 1986 doceri
590 1965 626 1985 se
649 1954 684 1985 in
709 1962 807 1986 antro

130 2005 275 2038 Aricino
300 2006 454 2051 fingebat
487 2006 613 2039 Numa.
637 2005 806 2039 Ov.Fast.

130 2057 190 2090 lib.
206 2058 260 2090 ΠΙ
271 2083 280 2097 ,
298 2071 314 2091 2
323 2059 368 2103 75
385 2071 414 2091 :u
423 2059 559 2104 AEgeria
570 2068 620 2092 est
632 2071 709 2104 quae
719 2072 808 2104 prae-

130 2111 188 2142 bet
202 2123 325 2156 aquaS,
343 2113 413 2144 Dea
429 2120 523 2156 grata
540 2112 712 2145 Camoenis
727 2112 807 2145 :Illa

131 2162 255 2196 Numae
272 2165 403 2209 conjux
419 2165 677 2211 consiliumque
696 2165 773 2198 fuit.
793 2182 805 2194 n

188 2227 201 2248 1
214 2219 246 2255 ά.
269 2216 430 2249 Credimus
444 2217 516 2249 MS.
537 2218 669 2250 Beverl.
689 2218 748 2263 qui
760 2230 807 2250 vs,

138 2280 149 2299 1
163 2268 180 2300 5
199 2281 266 2299 cum
283 2269 451 2314 discipula,
471 2278 504 2302 et
519 2283 569 2302 vs.
594 2272 636 2304 18
654 2271 809 2303 Peon.—

138 2319 208 2352 L'do
223 2328 337 2354 autem.
354 2322 498 2354 Aricino
509 2347 518 2361 ‚
535 2322 691 2355 fontibus
707 2332 809 2368 atque

132 2371 395 2417 aquaeductibus
431 2372 604 2411 madenti,
635 2374 717 2408 vide
743 2376 809 2408 Ju-

133 2426 244 2458 venal.
267 2425 336 2458 Sat.
354 2427 426 2466 Ill,
443 2439 492 2459 vs.
517 2438 571 2459 11.

193 2490 205 2510 ῐ
217 2478 249 2511 5.
286 2479 357 2510 Hac
391 2479 604 2523 condiscipula
623 2506 631 2518 ,
673 2487 736 2512 etc.
774 2480 811 2512 Si

134 2530 286 2575 Sulpicia
314 2543 375 2564 usa
409 2531 530 2563 fuisses
564 2531 724 2575 magistra
758 2533 812 2566 vel

135 2582 377 2629 condiscipula
390 2610 398 2624 ‚
416 2597 437 2615 o
456 2584 611 2629 Sappho.

195 2638 248 2668 16.
268 2636 404 2681 Sappho.
423 2637 559 2670 Poetria
581 2636 747 2673 celebris.
772 2636 814 2670 de

860 1174 929 1206 qua
957 1161 1015 1194 lib.
1050 1161 1144 1202 VII,
1171 1161 1282 1206 epigr.
1317 1172 1396 1193 inx
1415 1186 1423 1200 ‚
1459 1173 1534 1205 qua·

860 1214 1039 1247 Phaonem
1072 1212 1210 1259 perdite
1243 1213 1370 1247 amavit
1383 1239 1393 1254 ‚
1414 1225 1431 1245 a
1461 1225 1533 1258 quo

861 1267 927 1299 fuit
946 1274 1164 1311 contempta3
1188 1275 1242 1306 at,
1268 1266 1383 1311 inquit
1404 1266 1509 1299 Poeta
1525 1291 1532 1298 .

861 1319 1051 1365 Sulpiciam
1072 1320 1220 1353 arsisset.

919 1374 976 1406 18.
996 1372 1118 1405 Durus.
1138 1372 1208 1413 Qui
1228 1371 1435 1417 contempsit
1454 1371 1535 1403 alias

861 1425 1038 1465 mulieres,
1048 1423 1091 1457 ad
1101 1437 1237 1458 amores
1249 1423 1535 1463 durus.——Male;

862 1477 922 1511 sed
935 1478 994 1523 qui
1012 1486 1045 1510 te
1055 1502 1065 1517 ,
1079 1477 1239 1523 Sappho,
1256 1477 1389 1522 sprevit
1399 1502 1408 1517 ‚
1421 1489 1535 1522 neque

862 1543 981 1564 amore
999 1542 1062 1563 suo
1077 1529 1238 1575 dignatus
1256 1538 1318 1563 est.
1329 1529 1395 1562 Et).

917 1595 968 1627 19.
986 1584 1133 1616 Frustra.
1145 1582 1317 1617 Heraldus
1327 1583 1535 1628 postfruslra

864 1644 1033 1682 punctum
1055 1636 1176 1680 ponit,
1198 1637 1267 1669 hoc
1297 1647 1398 1668 sensu
1421 1647 1429 1668 :
1449 1635 1534 1667 Fru-

863 1697 933 1722 stra
958 1701 1033 1722 eam
1052 1697 1182 1722 amaret
1201 1689 1321 1722 Phaon
1347 1687 1455 1721 durus
1469 1713 1478 1728 ‚
1502 1695 1535 1720 et

864 1754 966 1787 quem
995 1742 1137 1787 Sappho
1163 1742 1229 1775 sibi
1257 1741 1444 1774 conciliare
1465 1752 1535 1772 non

864 1795 991 1840 potuit.
1012 1795 1174 1835 Frustra,
1194 1795 1356 1840 inquam,
1372 1793 1452 1839 quia
1472 1793 1535 1826 Ca-

864 1848 983 1880 lenum
1019 1847 1132 1880 virum
1171 1860 1296 1887 suum,
1325 1858 1391 1880 nec
1416 1847 1536 1884 Jovis,

865 1913 930 1933 nec
950 1899 1095 1940 Bacchi,
1120 1912 1184 1934 nec
1202 1900 1375 1945 Apollinis
1403 1911 1537 1931 connu-

864 1953 924 1986 bio
936 1961 999 1986 aut
1013 1953 1177 1986 societate
1194 1961 1410 1987 commutare
1422 1952 1536 1984 vellet.

866 2027 917 2031 ——
931 2006 1094 2051 Namque,
1115 2014 1180 2040 etc.
1200 2007 1322 2052 Neque
1343 2005 1436 2038 enim
1456 2005 1537 2038 Bac-

866 2058 942 2098 chi,
960 2059 1150 2104 Apollinis,
1172 2059 1324 2105 ipsiusve
1343 2058 1440 2091 Jovis
1462 2058 1537 2090 tha-

866 2112 973 2144 lamos
1000 2112 1179 2156 praeferret
1207 2112 1358 2145 thalamo
1384 2111 1539 2155 conjugis

867 2165 920 2197 sui
955 2164 1094 2204 Caleni,
1120 2163 1162 2197 ad
1189 2177 1293 2210 quem
1316 2176 1396 2196 mox
1429 2163 1539 2207 epigr.

867 2228 1022 2250 xxxvn1.

925 2282 982 2303 20.
995 2269 1062 2302 Nec
1080 2269 1212 2302 Bacchi.
1231 2268 1384 2302 Ariadne
1402 2280 1542 2313 nempe.

870 2322 1017 2367 Daphne
1033 2334 1116 2354 vero
1135 2323 1178 2354 ab
1191 2322 1354 2366 Apolline
1370 2320 1538 2354 adamata.

870 2374 1004 2407 Horum
1029 2375 1187 2407 omniurn
1212 2383 1294 2408 nota
1317 2373 1473 2407 historia.
1491 2394 1541 2398 —

871 2427 994 2465 Puella,
1010 2427 1078 2459 hoc
1093 2435 1161 2467 est,
1177 2426 1319 2460 domina
1329 2452 1338 2467 ,
1350 2428 1480 2459 amasia.
1499 2426 1541 2458 Et

872 2480 1066 2524 apponitur
1081 2485 1127 2525 τῷ
1143 2493 1231 2518 αῖον,
1252 2479 1346 2525 quod
1365 2479 1401 2512 in
1424 2479 1541 2523 proxi-

873 2544 931 2564 mo
943 2533 1128 2566 versiculo.

930 2598 946 2617 π
959 2596 987 2617 1.
1010 2585 1139 2618 Caleno.
1163 2586 1213 2618 De
1239 2597 1311 2631 quo
1337 2584 1409 2618 vid.
1433 2584 1542 2629 epigr.

878 2650 1013 2670 xxxvni
1024 2665 1032 2675 ,
1054 2638 1154 2671 infra.
