1978 3305
381 213 961 258 EPIGRAMMATUM
1001 218 1123 260 LIB.
1163 220 1249 261 XI.

1416 221 1505 276 641

187 298 251 340 No
279 309 485 351 noceant,
510 316 610 351 oro,
634 301 737 343 mihi
763 317 848 343 non
876 319 970 346 mea
997 305 1179 348 crimina
1200 322 1208 347 ε
1233 314 1278 348 tu
1308 307 1379 366 qui

254 370 324 411 Bis
350 378 531 411 centena
556 379 677 429 potes
703 371 882 430 perdere
898 407 908 426 ‚
934 373 1066 432 perde
1087 373 1251 418 decem.

117 513 165 518 --
180 493 368 526 Perdiderit.
393 493 468 526 Hoc
490 502 559 533 est,
580 506 696 526 caussa
723 494 785 526 tihi

116 545 286 579 exstiterit
330 558 392 578 cur
433 545 555 590 perdas
602 545 785 586 ludendo,

114 598 273 642 quamvis
307 598 386 630 aleae
420 598 518 631 furor
552 598 668 630 minus
702 607 785 631 tunc

114 650 276 695 frequens
309 663 411 695 quain
448 649 630 683 hodiernis
660 651 786 684 nostris

847 503 915 527 tem
921 497 1256 540 poribus—Decem,
1269 499 1412 535 ducenta.
1422 502 1517 542 Quid

845 549 1001 591 pecuniae
1013 558 1140 583 nostrae
1154 550 1188 582 id
1205 551 1349 593 efficiat,
1363 563 1517 588 moneta-

846 612 922 631 rum
947 601 1061 633 tabula
1082 601 1213 635 indicat
1234 616 1309 648 quae
1329 604 1371 638 ad
1391 607 1515 640 calcem

846 652 1034 685 voluminis
1057 655 1160 698 primi
1178 656 1373 701 subjicitur.
1394 659 1459 692 En.

656 741 977 837 LXXvH.

619 920 671 947 IN
711 919 1017 948 VACERRAM.

324 1016 377 1058 ΙΝ
410 1014 611 1058 omnibus
631 1016 824 1057 Vacerra
855 1015 972 1074 quod
1003 1014 1282 1060 conclavibus

325 1085 555 1128 Consumit
583 1085 740 1136 horas,
772 1094 814 1127 et
841 1084 909 1127 die
941 1094 1032 1128 tota
1065 1085 1207 1137 sedet,

325 1155 570 1198 Coenaturit
588 1156 804 1207 Vacerra,
838 1171 924 1198 non
953 1157 1173 1199 cacaturit.

172 1281 201 1302 1.
231 1269 267 1301 In
295 1268 444 1301 omnibus.
471 1269 522 1300 De
542 1269 693 1301 Vacerra
714 1270 784 1312 jam

115 1333 219 1366 supra
251 1321 359 1367 epigr.
396 1333 489 1354 va1.
515 1320 786 1365 Compescendae

115 1381 229 1407 autem
238 1374 306 1406 alvi
318 1373 427 1419 gratia
447 1372 566 1406 sedere
584 1382 618 1406 et
630 1384 784 1407 remane-

115 1439 152 1459 re
172 1439 209 1460 se
226 1426 395 1471 fingebat,
416 1425 477 1459 sed
496 1438 615 1460 revera
638 1434 676 1458 ut
696 1426 787 1458 invi-

115 1487 245 1512 taretur
262 1492 368 1524 quum
390 1491 485 1511 coena
508 1487 594 1511 esset
608 1479 786 1512 instructa.

115 1553 165 1558 —
189 1531 406 1565 conclavibus.
429 1532 507 1564 Vox
529 1531 735 1576 multiplicis
756 1539 790 1563 et

115 1585 200 1617 varii
230 1597 348 1618 sensus
365 1609 375 1625 ,
396 1584 538 1629 proprie
569 1584 720 1616 sumitur
746 1582 789 1617 de

115 1645 213 1682 parte
231 1635 356 1670 domus
385 1649 462 1681 quae
482 1649 551 1669 una
575 1636 670 1669 clave
693 1644 788 1669 tene-

116 1698 182 1725 tur.
213 1690 297 1723 Mox
328 1688 372 1722 de
407 1689 560 1722 triclinio
585 1688 677 1722 dicta
710 1689 787 1721 fuit.

114 1743 205 1776 Tum
228 1741 271 1775 de
295 1742 465 1776 cubiculis
491 1741 688 1775 minoribus
713 1753 790 1786 quae

846 1267 999 1300 triclinio
1027 1267 1265 1310 adhaerebant,
1305 1278 1339 1302 et
1372 1271 1432 1303 ubi
1467 1273 1520 1305 vel

844 1321 1034 1353 vomebant
1078 1322 1274 1361 coenaturi‚
1312 1323 1366 1355 vel
1404 1324 1520 1357 alvum

846 1373 1094 1406 exonerabant.
1129 1373 1232 1406 Haud
1261 1375 1426 1408 absimilis
1455 1389 1521 1409 vox

846 1425 969 1470 gallica
989 1426 1122 1458 cabinet.
1141 1427 1206 1459 En.

902 1478 936 1511 3.
957 1478 1144 1511 Coenaturit.
1174 1479 1310 1512 Fictitia
1337 1491 1422 1520 vox,
1442 1492 1520 1514 meo

845 1529 1000 1575 judicio,
1028 1543 1092 1564 nec
1121 1531 1243 1563 Latina
1271 1540 1349 1565 ante
1377 1532 1520 1566 Martia-

848 1583 938 1624 lem,
955 1583 998 1616 ad
1020 1583 1248 1616 imitationem
1275 1588 1330 1617 τοῦ
1355 1590 1519 1618 cacatum‘t.

849 1636 953 1668 Istius
985 1635 1082 1668 modi
1114 1644 1229 1669 autem
1261 1637 1521 1671 terminationes

849 1687 1120 1722 desiclerativum
1165 1689 1309 1721 verbum
1350 1689 1519 1724 indicant.

849 1740 904 1774 Sic
925 1743 1098 1781 micturire,
1121 1743 1249 1781 esurire,
1271 1749 1336 1775 etc.
1358 1743 1425 1774 En.

634 1870 995 1926 LXXVIII.

448 2006 517 2033 An
557 2003 846 2033 wc‘roREM
884 2002 1156 2031 SPONSUM.
1176 1982 1192 1999 ⁴*

186 2103 349 2145 UTERE
376 2100 570 2143 femineis
596 2098 891 2160 complexibus
907 2134 918 2150 ,
942 2107 1088 2151 utere,
1103 2097 1255 2141 Victor
1271 2133 1281 2148 ‚

258 2173 546 2230 Ignotumque
571 2170 648 2214 sibi
677 2168 868 2212 mentula
891 2168 1027 2212 discat
1048 2184 1170 2228 opus.

189 2239 406 2283 Flammea
434 2250 641 2283 texuntur
667 2255 859 2299 sponsae,
880 2239 967 2298 jam
993 2238 1118 2297 virgo
1144 2245 1345 2297 paratur,

172 2349 247 2386 'Ad
257 2354 415 2386 Vectorem
426 2352 505 2386 edd.
527 2361 608 2386 vett.
630 2352 690 2385 Ad
705 2352 790 2384 Vict.

120 2419 262 2451 sponsum
280 2405 334 2439 ed.
351 2406 451 2439 Bar-l).

179 2470 206 2490 1.
222 2459 388 2497 Femineis‚
405 2467 471 2491 etc.
485 2457 556 2498 Qui
572 2457 730 2503 pathicus
743 2456 794 2488 vi-

124 2511 202 2544 riles
225 2519 361 2544 tantum
384 2511 493 2544 novit.

179 2577 210 2596 2.
247 2564 393 2607 Ignotum
422 2563 484 2595 siba*
515 2576 602 2608 opus.
633 2561 796 2594 Militiam

126 2628 250 2660 nempe
273 2628 351 2649 cum
362 2616 557 2661 virginibus
571 2641 578 2655 ‚
597 2627 672 2660 quae
686 2630 696 2637 ’·
712 2627 798 2646 nun-

200 2689 262 2729 II.

852 2362 955 2395 quam
974 2349 1097 2395 puellis
1117 2349 1199 2382 vixit
1220 2348 1346 2382 idonea
1358 2374 1366 2390 ‚
1381 2358 1439 2384 »ut
1454 2352 1524 2384 fere

854 2403 974 2436 Horat.
987 2402 1113 2434 lih.111
1129 2428 1138 2443 ‚
1155 2401 1212 2434 od.
1228 2414 1329 2442 xxm,
1344 2415 1390 2435 vs.
1407 2415 1434 2436 1.
1454 2405 1508 2436 En

913 2455 945 2488 3.
974 2455 1136 2487 Tea-antur
1164 2453 1236 2487 MS.
1268 2455 1303 2486 in
1335 2467 1442 2500 marg.
1470 2455 1524 2489 ed.

856 2508 962 2540 Paris.
983 2519 994 2540 1
1005 2511 1025 2541 6
1037 2519 1047 2539 1
1057 2519 1091 2551 7.
1104 2528 1153 2533 -—
1165 2508 1307 2539 Paratur
1321 2507 1491 2541 Gruterus
1510 2521 1527 2540 e

856 2560 956 2594 MSS.
973 2561 1094 2592 Parata
1108 2568 1153 2592 est
1164 2559 1242 2593 edd.
1256 2568 1337 2593 vett.
1353 2569 1384 2593 et
1400 2561 1523 2606 Delph.

858 2621 891 2646 et
921 2613 1068 2645 Farnab.
1096 2634 1145 2638 —
1170 2613 1330 2645 Flammea
1359 2621 1504 2645 texuntur
1517 2640 1527 2652 ,

1258 2687 1282 2738 [ἰ
1301 2700 1311 2726 1
