1978 3305
500 210 590 270 178

868 210 927 252 M.
954 210 1093 252 VAL.
1134 210 1523 253 MARTIALIS

630 296 806 340 Credita
830 298 897 340 cui
920 297 1076 340 summi
1099 306 1240 341 castra
1262 296 1382 341 fuere
1402 297 1548 353 ducis3

559 368 640 409 Hic
664 367 769 409 situs
791 376 856 410 est
875 367 1039 410 Fuscus
1057 383 1065 409 τ
1088 365 1187 411 licet
1210 367 1318 421 hoc,
1339 369 1532 411 Fortuna
1546 402 1558 421 ,
1579 367 1727 423 fateri3

629 438 729 480 Non
751 437 874 479 timet
902 435 1078 480 hostiles
1096 436 1185 497 jam
1213 435 1320 498 lapis
1344 437 1423 481 iste
1448 438 1597 481 minas.

558 505 735 550 Grande
759 506 911 566 jugum
939 506 1103 550 domita
1127 509 1275 551 Dacus
1301 507 1470 551 cervice
1500 508 1687 568 recepit,

624 577 681 619 Et
706 574 917 619 famulum
945 577 1097 621 victrix
1129 577 1318 639 possidet
1344 577 1500 621 umbra
1528 593 1693 622 nemus.

540 730 572 750 2.
606 715 737 749 Credita
765 719 816 750 cm‘
844 719 968 758 summi,
995 725 1061 752 etc.
1092 718 1159 752 Cui

486 769 707 803 Domitianus
739 770 960 804 commiserat
986 771 1071 804 belli
1091 771 1160 805 Da-

483 822 547 856 cici
566 835 747 856 summam.
762 822 859 856 Suet.
878 823 1011 857 Domit.
1028 836 1102 869 cap.
1125 826 1159 858 6.

485 875 596 908 Tacit.
612 875 703 909 Hist.
724 875 785 909 lib.
808 876 845 909 II
866 882 900 908 et
916 876 982 909 ΙΙΙ.

536 928 570 962 3.
605 928 737 961 Fuscus.
766 929 808 961 In
841 928 947 962 Dacia
974 928 1067 962 bello
1096 941 1159 974 op-

485 992 624 1026 pressus
644 981 788 1015 interiit.
813 981 962 1027 Eutrop.
981 981 1042 1014 lib.
1066 981 1159 1023 V11;

481 1033 563 1066 Juv.
582 1042 643 1067 sat.
658 1046 762 1075 1v‚vs.
776 1045 823 1066 111
835 1058 844 1075 ,
857 1050 871 1063 α
883 1034 1081 1067 vulturibus
1096 1035 1161 1067 Da-

482 1085 531 1119 cis
549 1086 709 1120 servabat
724 1086 870 1120 viscera.
887 1103 900 1116 »
915 1107 955 1112 -—
984 1087 1074 1118 Licet
1088 1087 1158 1127 hoc,

483 1147 549 1172 etc.
567 1139 641 1172 Etsi
659 1139 732 1185 ipse
752 1139 866 1172 victus
884 1137 1069 1180 ceciderit,
1089 1140 1160 1184 jam

483 1201 597 1226 tamen
627 1204 770 1225 securus
801 1199 852 1225 est
880 1192 1038 1225 tumulus
1062 1193 1156 1238 ejus,

480 1245 583 1278 Dacis
606 1253 727 1290 postea
749 1244 849 1278 victis
869 1257 889 1278 a
906 1244 927 1277 J
931 1244 1062 1278 uliano.

534 1298 552 1330 5
558 1323 565 1329 .
572 1291 821 1342 Gmndejugum
832 1297 959 1330 domina
966 1296 1047 1331 Ald.
1057 1297 1079 1330 J
1082 1305 1155 1330 unt.

480 1358 514 1383 et
526 1350 644 1384 Colin.
661 1349 795 1385 Grande
800 1351 915 1395 jugum
923 1350 1052 1393 famula
1066 1350 1087 1383 J
1090 1363 1156 1384 un·

481 1403 552 1436 tina
571 1411 688 1437 nostra
710 1403 746 1436 in
766 1403 932 1448 margine.
954 1402 1011 1437 Sic
1027 1403 1088 1436 lib.
1110 1403 1156 1444 V,

1221 719 1331 764 epigr.
1352 729 1399 751 111
1414 730 1422 751 :
1443 718 1587 751 «Accola
1599 718 1671 762 jam
1687 726 1814 751 nostrae
1829 719 1898 752 De-

1219 771 1292 816 gis,
1320 770 1550 812 Germanice,
1578 770 1682 816 ripae,
1703 771 1734 804 A
1757 771 1897 804 famulis

1219 823 1302 860 Istri
1318 823 1381 869 qui
1401 823 1466 857 tihi
1485 823 1582 857 venit
1602 823 1711 869 aquis.
1728 840 1742 854 ι
1760 822 1828 856 Sed
1839 825 1899 867 sa-

1220 877 1336 909 mulum
1357 877 1514 910 occurrit
1530 888 1633 910 versu
1652 876 1828 922 sequenti.
1847 898 1899 902 —

1223 928 1355 963 Grande
1369 930 1498 974 jugum,
1523 937 1587 963 etc.
1609 928 1704 962 Victi
1721 929 1792 975 jam
1813 929 1896 963 Daci

1220 981 1417 1015 retulerunt
1442 981 1584 1015 inferias
1612 982 1746 1015 umbrae
1772 981 1900 1021 Fusci,

1221 1034 1278 1067 cui
1297 1032 1395 1079 quasi
1414 1033 1551 1068 victrici
1568 1041 1723 1068 sacratur
1743 1034 1899 1068 tumulus

1221 1099 1302 1120 cum
1329 1086 1440 1132 agello
1463 1094 1497 1120 et
1522 1087 1605 1120 luco
1632 1086 1668 1119 in
1696 1086 1769 1132 ipsa
1794 1087 1899 1121 Dacia

1219 1138 1360 1173 redacta
1378 1139 1415 1172 in
1435 1137 1668 1179 deditionem,
1688 1138 1770 1173 vide
1784 1139 1846 1172 lib.
1863 1140 1880 1172 I
1891 1166 1900 1181 ,

1218 1192 1329 1238 epigr.
1341 1204 1406 1225 cxv
1419 1200 1454 1225 et
1473 1204 1584 1225 cxvn.
1604 1192 1688 1225 Pars
1706 1204 1829 1238 magna
1850 1192 1900 1225 vi·

1218 1245 1359 1287 ctoriae,
1380 1244 1434 1278 vel
1466 1244 1574 1278 cladis
1595 1244 1758 1278 solatium
1780 1257 1899 1278 cense-

1216 1298 1342 1339 batur,
1373 1297 1402 1331 si
1423 1296 1590 1331 cadavera
1612 1305 1718 1343 atque
1741 1298 1898 1344 sepulcra

1217 1363 1386 1385 caesorum
1395 1362 1467 1384 non
1482 1358 1595 1384 essent
1610 1350 1646 1383 in
1663 1351 1818 1384 hostium
1838 1363 1899 1396 po-

1218 1411 1340 1438 testate
1359 1415 1367 1436 :
1391 1402 1428 1436 id
1447 1415 1543 1438 nunc
1562 1412 1656 1438 vates
1671 1403 1880 1449 gratulatur.

1015 1549 1357 1605 LXXVII.

1342 1684 1362 1700 ᾖ

1012 1707 1069 1734 IN
1111 1705 1324 1735 AERUM-

553 1833 704 1888 QUUM
736 1831 791 1875 sis
823 1840 911 1874 tam
942 1847 1128 1892 pauper,
1153 1846 1283 1892 quam
1313 1847 1393 1875 nec
1424 1829 1676 1875 miserabilis
1707 1831 1828 1887 Irus;

621 1903 731 1945 Tam
758 1901 932 1961 juvenis
949 1938 960 1956 ‚
986 1917 1116 1962 quam
1143 1918 1224 1946 nec
1250 1901 1593 1962 Parthenopaeus
1624 1910 1743 1956 erat3

550 1973 658 2014 Tam
691 1971 838 2026 fortis,
861 1988 990 2032 quam
1024 1988 1128 2027 nec,
1153 1989 1288 2033 quum
1319 1972 1543 2025 vinceret,
1571 1971 1897 2026 Artemidorus3

532 2108 608 2145 'Ad
620 2112 738 2154 Afrum
750 2112 925 2144 mendacem
935 2111 1070 2144 Beverl.
1083 2110 1156 2143 MS.

532 2164 661 2198 -Afri
684 2163 944 2198 mendicitatem
964 2176 1045 2198 cum
1068 2175 1158 2196 sum·

479 2229 532 2249 ma
548 2218 745 2263 arrogantia
758 2226 792 2251 et
810 2217 898 2251 fastu
913 2218 1157 2262 conjunctam,

478 2270 636 2303 omnium
656 2269 810 2304 ludibrio
827 2270 984 2316 exponit.
1001 2269 1156 2315 Pauper-

478 2323 586 2356 rimus
605 2323 698 2356 enim
725 2332 760 2357 et
782 2322 1026 2357 valentissimis
1051 2321 1158 2355 hexa-

477 2375 598 2420 phoris
638 2377 832 2417 ferebatur,
867 2375 1017 2422 perinde
1058 2375 1157 2421 quasi

477 2427 667 2463 ditissimus
683 2437 791 2469 esset,
817 2438 877 2463 aut
896 2440 998 2475 aeger.
1018 2429 1102 2462 Rad.

537 2492 567 2513 1.
592 2482 695 2525 Quam
717 2495 771 2515 nec
793 2482 977 2515 miserabilis
995 2483 1091 2515 Eros.
1114 2481 1155 2514 In

480 2534 614 2566 Beverl.
632 2556 682 2562 —
698 2536 777 2568 Irus.
796 2537 941 2569 Arnaeus
957 2534 1137 2569 mendicus
1148 2561 1157 2574 ,

479 2586 623 2620 Homer.
644 2587 771 2634 Odyss.
790 2588 908 2627 ζΝἰά.
934 2601 1009 2634 sup.
1036 2588 1154 2629 lib.V‚

481 2639 588 2683 epigr.
616 2653 801 2682 xxx1x‚vs.
823 2656 856 2684 ῃ.
886 2642 952 2676 En.

1276 2123 1307 2143 2.
1329 2110 1578 2155 Par-thenopoeus
1594 2117 1673 2142 erat.
1696 2108 1897 2143 Pulcherri-

1219 2175 1296 2196 mus
1304 2162 1441 2208 juvenis
1450 2188 1459 2203 ,
1470 2174 1562 2195 unus
1571 2175 1590 2195 e
1602 2170 1734 2207 septem
1749 2161 1898 2196 ducibus

1219 2214 1263 2249 ad
1276 2215 1416 2249 Thebas
1425 2215 1775 2261 profectis.Antiopae
1788 2215 1893 2248 filius.

1219 2269 1403 2316 [Eschylus
1432 2268 1468 2301 in
1495 2269 1582 2301 ἑπτὰ
1607 2268 1660 2302 ἐπὶ
1684 2267 1824 2307 erigam.
1853 2268 1896 2301 Et

1218 2321 1342 2367 Papin.
1365 2321 1477 2354 Theb.
1496 2321 1559 2353 IV.

1273 2374 1306 2406 3.
1335 2374 1566 2407 Artemidorm.
1595 2372 1770 2407 Artemid.
1797 2373 1896 2406 Tral-

1218 2427 1329 2460 lianus
1366 2427 1599 2472 pancratiasta
1636 2426 1787 2459 nobilis.
1829 2426 1896 2460 sub

1218 2481 1335 2526 Impp.
1353 2480 1462 2514 Galba
1482 2488 1516 2513 et
1534 2478 1691 2513 Vitellio.
1710 2477 1803 2511 Vide
1819 2490 1897 2524 quae

1216 2533 1366 2567 Scriver.
1394 2546 1413 2567 e
1439 2532 1617 2566 Pausania
1641 2532 1749 2565 Eliac.
1778 2540 1895 2577 poste·

1214 2586 1322 2619 Τίσι-ο.
1348 2607 1400 2614 —
1419 2587 1523 2630 Quum
1551 2589 1693 2617 vincent.
1715 2585 1835 2626 Quum
1859 2585 1893 2618 in

1217 2639 1471 2673 certaminibus
1490 2638 1686 2683 Olympicis
1704 2636 1893 2672 admodum
