1978 3305
492 218 581 272 134

858 220 918 262 M.
950 220 1090 263 VAL.
1128 221 1511 266 MARTIALIS

1083 383 1289 441 XXX.

1015 538 1072 567 IN
1124 538 1341 567 PAETUM.

689 667 780 709 SEX
811 664 1004 708 sestertia
1030 664 1064 707 si
1090 664 1233 708 statim
1258 663 1472 720 dedisses,

687 735 836 793 Quum
863 734 971 778 dixti
997 734 1127 790 mihi,
1150 735 1307 790 Sume,
1333 733 1460 790 tolle,
1486 733 1627 788 don03

684 805 903 850 Deberem
933 805 1032 860 tibi,
1056 807 1193 860 Paete,
1219 821 1300 866 pro
1323 804 1534 849 ducentis.

686 877 744 919 At
770 892 888 919 nunc
915 892 1051 936 quum
1077 874 1246 919 dederis
1272 875 1347 919 diu
1373 885 1593 931 moratus,

684 947 788 990 Post
813 955 978 1007 septem
994 981 1006 1000 ,
1031 955 1161 1006 puto,
1184 945 1251 989 vel
1276 962 1436 989 novem
1463 944 1709 1000 Kalendas,

684 1017 765 1060 Vis
794 1016 938 1060 dicam
963 1016 1042 1059 tibi
1071 1016 1241 1059 veriora
1265 1015 1406 1060 veris?

685 1087 767 1131 Sex
795 1087 1014 1139 sestertia,
1040 1087 1178 1142 Paete,
1200 1086 1434 1147 perdidisti.

533 1244 564 1266 1.
593 1223 658 1266 Sei:
684 1232 838 1264 sestertia.
868 1229 995 1263 Sensus
1017 1238 1090 1263 est:
1112 1229 1150 1263 Si

476 1284 563 1318 mihi
577 1292 714 1318 tantum
728 1280 890 1316 donasses
905 1295 964 1315 sex
978 1283 1149 1325 sestertia,

476 1350 586 1384 quum
610 1336 788 1383 pollicitus
809 1348 866 1377 es,
895 1334 1060 1368 deberem
1085 1336 1149 1370 tibi

475 1398 588 1424 tantas
614 1389 760 1436 gratias,
786 1397 931 1434 quantas
953 1389 1124 1422 solverem
1139 1415 1148 1430 ,

477 1443 506 1477 si
538 1442 701 1476 donasses
737 1441 900 1475 ducenta.
936 1442 1038 1475 Nunc
1068 1442 1149 1487 quia

476 1509 553 1530 sero
567 1493 756 1529 admodum
767 1503 800 1528 et
809 1495 868 1528 vix
878 1493 1019 1528 tandem
1030 1520 1039 1534 ‚
1053 1494 1149 1540 quod

482 1548 668 1593 promisisti
681 1548 824 1593 largitus
841 1560 876 1580 es
891 1573 900 1590 ‚
919 1547 1062 1581 amisisti
1077 1561 1149 1581 om-

481 1614 555 1637 :1em
573 1601 740 1647 gratiam:
757 1612 834 1647 quae
849 1600 944 1633 enim
962 1598 1059 1633 tarda
1078 1608 1148 1642 est,

478 1654 659 1688 minimum
677 1654 834 1700 pretium
852 1653 969 1686 hahet.
985 1653 1053 1686 En.

528 1707 563 1740 3.
585 1707 737 1740 Deberem
757 1706 822 1739 tibi.
840 1706 997 1739 Gratiam
1013 1714 1073 1739 aut
1089 1705 1145 1738 foe-

478 1772 538 1794 nus
556 1772 622 1805 pro
639 1758 800 1793 ducentis
821 1759 984 1793 sestertiis
996 1785 1005 1800 ‚
1022 1757 1059 1792 id
1077 1767 1144 1800 est,

473 1825 537 1858 pro
564 1811 724 1846 ducentis
751 1811 908 1845 millibus
933 1812 1141 1845 sestertium.

472 1865 588 1899 [tader.
616 1886 667 1893 -—
689 1865 756 1898 Pro
777 1864 928 1898 ducentis.
951 1865 1001 1898 Ac
1027 1865 1055 1898 si
1078 1863 1141 1898 do-

1209 1242 1324 1264 nasses
1337 1230 1423 1263 mihi
1440 1228 1592 1263 ducenta
1607 1229 1782 1271 sestertia3
1801 1241 1882 1263 nam

1209 1282 1303 1328 quod
1325 1292 1503 1329 exponunt
1519 1309 1527 1324 ,
1546 1296 1600 1315 sex
1614 1284 1736 1315 ratione
1747 1282 1881 1325 soenoris

1209 1336 1409 1369 ducentorum
1423 1363 1431 1376 ,
1454 1349 1525 1369 non
1547 1335 1671 1381 placet.

1264 1393 1298 1429 4.
1321 1389 1372 1422 At
1394 1402 1474 1422 nunc
1498 1401 1589 1435 quum
1609 1388 1729 1421 dederis
1753 1388 1808 1421 diu
1827 1401 1879 1420 ro-

1206 1449 1303 1486 gatus
1316 1441 1426 1475 codex
1447 1442 1680 1475 Florentinus.

1265 1495 1298 1528 5.
1319 1494 1497 1528 Kalendas.
1517 1495 1669 1528 Menses.
1691 1537 1694 1542 Ι

1263 1560 1298 1593 7.
1327 1548 1512 1580 Perdidisti.
1544 1547 1632 1580 Fere
1660 1546 1753 1579 enim
1784 1546 1880 1579 nulla

1207 1608 1258 1634 est
1281 1600 1391 1646 gratia
1413 1599 1511 1634 tarde
1532 1612 1693 1633 concessa
1710 1611 1718 1632 :
1739 1607 1773 1632 at
1795 1611 1880 1633 vero

1205 1653 1258 1686 his
1275 1652 1335 1687 dat
1347 1679 1356 1694 ,
1375 1654 1436 1699 qui
1455 1654 1526 1687 cito
1541 1651 1611 1686 dat.
1625 1652 1748 1686 Alciat.
1765 1652 1879 1685 Embl.

1209 1709 1276 1740 162
1293 1731 1303 1744 ..
1327 1705 1371 1739 de
1403 1706 1543 1740 Gratiis.
1573 1705 1718 1739 Lucian.
1749 1705 1880 1738 Mimus

1203 1759 1365 1793 Publius.
1384 1759 1464 1793 Sen.
1481 1758 1524 1793 de
1540 1759 1661 1792 Benef.
1681 1759 1735 1799 11,
1755 1770 1767 1791 1
1793 1767 1826 1791 et
1845 1758 1877 1791 5.

1203 1811 1287 1846 Vid.
1309 1812 1420 1858 epigr.
1446 1825 1489 1846 xx
1511 1824 1633 1858 supra,
1655 1819 1688 1845 et
1705 1811 1766 1845 lib.
1786 1811 1854 1843 VII
1870 1837 1879 1852 ‚

1203 1865 1311 1911 epigr.
1334 1878 1427 1907 nu,
1446 1866 1482 1899 iu
1503 1865 1664 1900 Cinnam.

1060 2015 1287 2073 XXXL

899 2170 955 2198 IN
1005 2150 1443 2200 CHARIDEMUMf

534 2277 771 2331 UXOREM,
800 2275 1087 2333 Charideme‚
1113 2286 1230 2320 tuam
1259 2278 1340 2321 scis
1364 2278 1478 2338 ipsc,
1501 2278 1691 2339 sinisque

610 2348 645 2390 A
672 2345 843 2391 medico
865 2346 978 2391 futui
1002 2363 1011 2389 ε
1035 2347 1099 2392 vis
1121 2348 1213 2392 sine
1236 2347 1357 2392 febre
1381 2349 1504 2392 mori.

513 2486 528 2500 '
551 2491 592 2523 In
610 2490 678 2523 hoc
699 2490 947 2537 epigrammate
968 2491 1134 2525 exhiben-

1194 2492 1248 2526 nis
1267 2493 1356 2526 forte
1375 2493 1484 2539 gratia
1504 2493 1661 2538 vigilanti
1678 2493 1795 2527 stertis
1811 2506 1871 2527 na-

462 2543 508 2576 tlo
528 2543 624 2576 nullo
646 2542 753 2576 modo
772 2544 907 2578 variant
926 2553 983 2577 ant
1000 2545 1133 2578 calamo
1194 2559 1231 2579 so
1247 2571 1256 2585 ‚
1279 2554 1311 2579 et
1331 2546 1379 2579 sic
1401 2545 1572 2579 medicum
1599 2546 1717 2592 palpas
1734 2573 1742 2585 ,
1769 2555 1805 2580 ut
1836 2547 1869 2580 in

464 2596 581 2641 scripti
600 2596 702 2638 libri,
724 2605 782 2630 aut
804 2597 897 2643 typis
919 2598 1091 2643 impressi.

516 2663 546 2683 2.
568 2650 625 2681 Vis
646 2652 711 2682 sinc
731 2649 818 2689 febre
838 2652 922 2683 mori.
949 2650 1130 2685 Valetudi-

1193 2599 1320 2632 Juvcn.
1340 2608 1402 2633 sal.
1424 2612 1453 2640 ¹,
1479 2600 1524 2632 56
1540 2625 1549 2639 ‚
1567 2599 1625 2644 qui
1642 2612 1776 2632 sursum
1795 2613 1870 2645 spe-

1193 2661 1308 2691 ctans,
1324 2651 1366 2685 ad
1386 2665 1422 2685 oa
1443 2665 1518 2697 quae
1537 2652 1634 2686 humi
1655 2660 1868 2698 peraguntur
