1978 3305
370 237 956 281 EPIGRAMMATUM
993 237 1114 279 LIB.
1140 237 1253 279 VII.

1416 254 1509 299 227

250 328 496 387 Praeparat,
518 334 592 368 aut
624 325 729 368 nudi
758 325 913 385 stipitis
943 326 1052 369 ictus
1078 325 1211 369 hebes
1235 343 1242 367 :

181 398 296 440 Vara
317 412 398 440 nec
428 396 587 456 injecto
618 404 836 439 ceromate
865 395 1043 440 brachia
1073 395 1234 451 tendis;

249 468 352 511 Non
380 467 586 527 harpasta
613 481 749 526 vagus
779 464 1077 527 pulverulenta
1108 468 1245 527 rapis:

181 537 266 582 Sed
293 538 431 581 curris
460 538 605 580 niveas
633 545 801 579 tantum
826 553 963 597 prope
987 538 1181 597 Virginis
1211 538 1372 594 undas,

250 611 338 652 Aut
367 608 442 651 ubi
471 605 648 652 Sidonio
680 616 827 650 taurus
857 623 1004 650 amore
1033 606 1157 651 calet.

180 681 262 723 Per
291 679 431 722 varias
462 688 574 721 artes
590 712 601 731 ,
624 677 764 720 omnis
789 676 945 736 quibus
971 693 1071 721 area
1101 679 1254 733 servit,

251 748 446 803 Ludere,
468 765 601 808 quum
634 746 761 790 liceat
787 763 962 792 currere
978 783 988 803 ‚
1014 749 1186 808 pigritia
1212 759 1288 793 est.

111 899 177 938 IV,
193 898 300 944 epigr.
315 898 601 931 xxx.—Thermis.
617 898 707 929 Ante
723 908 786 929 coe-

109 964 191 985 nam
212 951 374 984 lavabant
394 950 519 996 prisci,
540 957 619 982 ante
640 950 785 983 lavatio--

109 1017 189 1038 nem
208 1016 335 1050 corpus
353 1003 569 1037 exercebant.

165 1059 200 1092 8.
225 1059 298 1091 Aut
323 1057 401 1090 nudi
427 1058 554 1101 stt'pitis.
585 1056 626 1088 Iu
658 1063 785 1088 terram

110 1111 282 1156 figebatur
299 1110 418 1155 palus,
439 1118 558 1143 contra
581 1120 686 1153 quem
712 1116 785 1140 tan-

111 1176 214 1211 quam
249 1162 483 1197 adversarium
514 1175 549 1195 se
581 1161 787 1195 exercebant

113 1218 254 1251 tirones.
277 1216 455 1249 Juvenalis
468 1242 477 1256 ,
500 1216 570 1248 Sat.
586 1215 639 1247 VI
657 1240 665 1254 ‚
695 1219 783 1259 247,

117 1289 130 1301 α
149 1278 210 1303 aut
231 1269 309 1315 quis
329 1282 399 1302 non
422 1268 510 1301 vidit
525 1268 669 1301 vulnera
692 1268 785 1312 pali,

112 1325 229 1366 Quem
252 1331 349 1356 cavat
375 1321 519 1355 assiduis
544 1320 687 1354 sudibus
710 1333 786 1354 scu·

111 1386 218 1422 toque
232 1374 415 1409 lacessit?»
425 1373 519 1408 Vide
536 1382 570 1408 et
582 1373 766 1419 Vegetium
777 1400 786 1415 ,

112 1429 360 1470 Stewechium‚
385 1427 649 1467 Mercurialem,
671 1434 705 1460 et
727 1428 786 1460 Li-

111 1483 239 1529 psium.
253 1482 401 1515 -Ictus
417 1481 514 1514 hebes.
534 1480 682 1513 Hebetes
703 1493 786 1526 ergo

113 1537 220 1577 ictus,
243 1547 316 1568 non
339 1534 452 1574 acuti,
478 1534 558 1580 quia
583 1533 690 1578 lignei
715 1533 787 1579 gla-

112 1589 186 1631 dii;
203 1589 288 1621 Ictus
309 1600 391 1633 ergo
411 1600 428 1621 a
448 1586 594 1620 sudibus
615 1586 669 1619 vel
688 1585 786 1619 rudi-

112 1644 197 1683 bus,
213 1641 338 1687 ligneis
357 1639 480 1686 gladiis
501 1648 535 1673 et
556 1639 671 1673 clavis.

169 1708 203 1739 9.
223 1695 331 1727 Varra
348 1706 402 1726 nec
419 1696 449 1726 in
467 1694 550 1726 lento
569 1692 711 1726 exhibet
730 1705 788 1726 co-

113 1747 179 1782 dex
186 1747 389 1781 Vaticanus.
403 1747 494 1778 Vara
509 1760 564 1779 nec
579 1747 704 1790 injecto,
720 1745 742 1778 i.
758 1758 786 1778 e.

113 1814 178 1835 nec
196 1802 288 1834 lucta
312 1800 500 1845 obtorques
520 1799 662 1832 brachia
684 1806 719 1831 et
739 1798 788 1831 la·

114 1863 226 1888 certos
247 1853 345 1900 quasi
367 1866 491 1894 varos;
516 1852 564 1886 sic
586 1850 790 1885 Ludovicus

117 1907 258 1941 Carion.
279 1905 477 1940 emendavit
495 1905 557 1939 lib.
577 1906 633 1946 II,
653 1917 729 1950 cap.
754 1917 790 1949 9,

115 1960 211 2007 quod
243 1960 347 1993 etiam
382 1959 548 1993 exhibent
583 1957 663 1991 Ald.
690 1958 788 1991 Junt.

115 2014 229 2049 Colin.
267 2012 404 2059 Gryph.
442 2020 507 2045 etc.
549 2023 629 2044 cum
668 2009 790 2044 codice

115 2067 314 2100 Pulmanni.
335 2067 424 2098 Rara
445 2078 499 2097 nec
521 2065 633 2109 injecto
655 2064 691 2097 in
714 2063 789 2097 aliis

116 2119 218 2153 codd.
245 2118 337 2152 Vide
364 2118 522 2151 Turneb.
558 2117 620 2150 lib.
653 2117 790 2158 XXIV,

116 2185 189 2218 cap.
210 2175 268 2207 28.
282 2194 333 2198 -——
346 2171 438 2204 Vara
459 2184 523 2205 nec.
545 2170 623 2203 Hoc
641 2178 708 2213 est,
726 2183 790 2204 nec

117 2226 258 2259 luctaris
281 2237 289 2258 ε
311 2225 357 2258 ita
378 2237 462 2258 vero
484 2224 520 2257 in
541 2224 634 2257 lucta
653 2223 791 2257 athletae

118 2279 343 2323 implicabant
360 2277 520 2318 brachia,
536 2285 575 2309 ut
593 2289 674 2310 vara
693 2276 790 2310 vide·

845 903 978 928 rentur.
996 896 1128 930 Ceroma
1145 906 1261 931 autem
1278 907 1350 932 erat
1365 912 1521 946 unguen-

846 956 921 981 tum
952 962 992 982 ex
1023 949 1100 983 oleo
1132 959 1166 983 et
1194 951 1272 984 luto
1303 953 1518 996 confectum,

846 1014 916 1047 quo
936 1003 1159 1048 ungebantur
1180 1004 1328 1038 athletae.
1343 1005 1436 1039 Vide
1458 1007 1519 1042 lib.

846 1055 898 1087 III
912 1081 920 1096 ‚
940 1057 1048 1101 epigr.
1069 1069 1162 1090 Lvnl
1175 1083 1183 1097 ‚
1202 1070 1251 1091 vs.
1273 1058 1331 1091 25.

903 1120 917 1140 1
930 1120 961 1141 1.
981 1110 1085 1154 Prope
1103 1110 1248 1154 Virginis
1267 1111 1377 1144 undas.
1395 1111 1521 1146 Sensus

846 1169 897 1194 est
910 1173 918 1194 :
933 1160 999 1194 Sed
1014 1175 1152 1196 exerces
1168 1172 1201 1197 te
1216 1176 1321 1197 cursu
1335 1163 1380 1198 ad
1395 1177 1520 1211 aquam

846 1214 1031 1259 Virginem
1042 1241 1050 1257 ‚
1067 1215 1110 1249 de
1126 1229 1192 1261 qua
1208 1217 1324 1259 lib.V‚
1339 1218 1449 1264 epigr.
1461 1233 1519 1262 xx,

847 1279 895 1299 vs.
922 1280 956 1311 9.
978 1268 1045 1301 Vel
1073 1268 1115 1301 ad
1143 1271 1319 1314 porticum
1345 1271 1522 1317 Europes,

846 1320 907 1353 ubi
933 1320 1094 1366 depictus
1121 1332 1194 1356 erat
1220 1323 1360 1369 Jupiter
1384 1324 1421 1357 in
1446 1334 1521 1358 tau-

845 1386 924 1406 rum
941 1386 1143 1416 conversus,
1160 1376 1271 1421 qualis
1290 1390 1353 1423 per
1372 1390 1466 1411 mare
1485 1379 1521 1411 in

847 1427 986 1460 Cretam
1007 1428 1100 1461 vexit
1118 1429 1284 1475 Europen
1304 1430 1413 1463 filiam
1432 1432 1522 1477 Age-

845 1480 941 1513 noris
954 1505 962 1520 ,
997 1481 1056 1526 qui
1096 1480 1262 1515 Sidonem
1302 1482 1521 1518 condiderat.

847 1531 940 1566 Vide
957 1533 1017 1567 lib.
1037 1535 1090 1575 ΙΙ,
1111 1535 1220 1580 epigr.
1235 1548 1317 1578 nv,
1335 1549 1386 1570 vs.
1409 1537 1442 1570 3.

905 1586 963 1619 13.
983 1587 1146 1632 Legitur,
1168 1597 1201 1621 et
1226 1602 1299 1621 area
1318 1591 1433 1633 fervet.
1458 1591 1524 1624 Pe-

848 1648 922 1672 trus
937 1639 1048 1673 Scriv.
1069 1658 1082 1671 α
1095 1653 1188 1674 areas
1201 1659 1214 1670 »
1234 1642 1397 1688 intelligit
1418 1661 1432 1672 α
1444 1644 1522 1677 vitae

848 1693 976 1737 spatia,
990 1710 1002 1722 n
1026 1701 1064 1726 ut
1080 1693 1142 1727 lib.
1157 1694 1191 1727 X
1204 1720 1212 1735 ‚
1229 1695 1338 1740 epigr.
1359 1708 1455 1737 xxw,
1477 1709 1498 1741 9
1512 1723 1521 1737 ‚

848 1744 909 1778 sed
925 1745 1004 1779 vide
1021 1746 1101 1779 Sen.
1125 1747 1226 1792 epist.
1249 1749 1305 1781 15.
1326 1750 1451 1782 —Per
1461 1763 1522 1782 va-

848 1801 932 1839 rim,
951 1806 1015 1832 etc.
1037 1799 1192 1833 Literato
1212 1801 1289 1833 viro
1311 1803 1525 1836 conveniunt

849 1852 955 1897 magis
972 1852 1234 1887 exercitationes
1254 1854 1368 1888 faciles
1390 1863 1425 1888 et
1443 1856 1522 1888 bre-

848 1917 906 1938 ves
926 1930 936 1945 ‚
975 1918 1052 1950 quae
1086 1918 1214 1952 corpus
1248 1915 1281 1940 et
1317 1907 1391 1941 sine
1426 1921 1525 1941 mora

847 1958 964 1991 laxent
980 1967 1013 1992 et
1028 1960 1179 2004 tempori
1194 1968 1354 2003 parcant,
1369 1973 1524 2006 quarum

849 2023 1026 2057 praecipua
1052 2020 1103 2045 est
1129 2025 1272 2051 cursus,
1304 2026 1408 2059 quam
1435 2014 1524 2059 pigri

849 2065 905 2098 isti
929 2063 1007 2097 ludi
1033 2066 1160 2110 quibus
1186 2065 1340 2112 Campus
1364 2075 1398 2100 et
1424 2079 1524 2112 gym-

848 2130 985 2151 naszum
1004 2127 1122 2152 servu.

909 2174 965 2210 14.
983 2171 1118 2213 Ludere,
1139 2185 1230 2218 quum
1251 2173 1352 2205 liceat.
1368 2172 1428 2205 His
1446 2185 1524 2205 ver-

850 2224 903 2257 bis
929 2225 1092 2258 omnihus
1118 2225 1194 2258 aliis
1220 2225 1526 2259 exercitationibus

852 2289 991 2310 cursum
1011 2278 1207 2323 anteponit.
