1978 3305
434 204 526 260 334

801 208 862 249 M.
885 207 1025 250 VAL.
1065 208 1458 254 MARTIALIS

1101 345 1163 400 L.

712 490 782 518 AD
821 489 964 518 CAESA
981 489 1096 517 REM
1134 470 1555 519 nolum-mmmm*

504 606 708 661 QUANTA
740 603 943 663 Gigantei
971 611 1239 647 memoratur
1262 619 1412 648 mensa
1437 605 1670 666 triumphi,

575 674 836 734 Quantaque
865 690 951 717 nox
973 673 1149 735 Superis
1175 673 1379 718 omnibus
1404 673 1475 718 illa
1500 674 1604 731 suit,

506 745 607 801 Qua
636 743 776 788 bonus
805 743 1008 788 accubuit
1033 744 1204 804 genitor
1234 761 1335 789 cum
1366 743 1494 806 plebe
1519 747 1738 798 Deorum,

578 815 634 858 Et
661 813 782 858 licuit
811 814 968 857 Faunis
999 830 1181 875 poscere
1211 815 1312 858 vina
1337 817 1518 859 Jovem:

506 885 646 928 Tanta
669 893 789 938 tuas,
816 885 981 939 Caesar,
1007 883 1230 928 celebrant
1252 885 1453 929 convivia
1477 884 1648 941 laurus3
1829 905 1841 927 ς

577 953 834 998 Exhilarant
854 955 970 1015 ipsos
993 954 1151 1015 gaudia
1175 964 1325 999 nostra
1346 957 1478 1000 Deos.

508 1025 713 1069 Vescitur
735 1025 876 1069 omnis
897 1040 1026 1085 eques
1048 1034 1216 1081 tecum,
1238 1023 1536 1086 populusque,
1558 1034 1810 1086 patresque,

578 1097 635 1138 Et
659 1096 775 1156 capit
805 1094 1044 1139 ambrosias
1072 1111 1172 1139 cuin
1198 1095 1309 1140 duce
1331 1097 1475 1139 Roma
1504 1095 1650 1156 dapes.

511 1165 706 1210 Grandia
731 1164 949 1226 pollicitus
968 1200 980 1220 ,
1001 1175 1166 1225 quanto
1191 1166 1356 1226 majora
1379 1163 1552 1210 dedisti*

580 1236 796 1280 Promissa
825 1244 889 1279 est
913 1235 1039 1279 nobis
1069 1234 1287 1297 sportula3
1317 1245 1435 1280 recta
1460 1235 1567 1280 data
1597 1245 1671 1280 est.

493 1362 509 1376 *
531 1364 688 1410 Epulum
710 1362 811 1398 dedit
834 1364 967 1410 populo
994 1363 1116 1397 Domi-

442 1418 566 1457 tianus,
578 1426 657 1463 post
667 1416 821 1451 lauream
833 1429 851 1449 a
865 1416 1028 1450 Sarmatis
1037 1417 1058 1449 J
1061 1417 1116 1450 ovi

443 1471 570 1504 illatam
584 1495 593 1510 ‚
609 1469 706 1515 quod
719 1470 786 1503 hoc
801 1470 954 1503 carmine
967 1469 1122 1503 celebrat

443 1522 632 1564 Martialis,
661 1531 697 1556 et
731 1523 867 1556 confert
899 1534 981 1556 cum
1017 1523 1120 1568 epulo

446 1576 544 1609 Jovis
559 1575 679 1621 ipsius.

501 1641 532 1662 1.
553 1629 696 1672 Quanta,
719 1636 784 1662 etc.
801 1628 982 1669 Quantum
999 1627 1121 1661 convi-

447 1681 542 1715 vium
551 1681 691 1727 Jupiter
698 1680 849 1727 praebuit
860 1680 949 1721 Diis,
960 1680 1067 1714 relata
1079 1679 1123 1714 de

448 1734 656 1779 Gigantibus
672 1733 816 1768 victoria
828 1758 836 1770 ‚
856 1741 921 1768 etc.

503 1788 522 1820 3
530 1813 536 1820 .
550 1786 686 1821 Genitor·
694 1800 761 1820 cum
772 1786 889 1820 Plzoebe
895 1787 1035 1820 Deorum
1043 1785 1121 1820 Ald.

448 1841 548 1874 Junt.
562 1840 676 1874 Colin.
688 1839 826 1885 Gryph.
835 1840 943 1884 Lang.
953 1848 1020 1874 etc.
1033 1839 1125 1873 etsie

450 1901 547 1927 vetus
569 1891 679 1926 codex
703 1892 812 1925 Junii.
836 1893 1039 1926 Lectionein
1062 1905 1125 1925 no·

451 1954 556 1979 stram
575 1946 715 1979 exhibet
733 1943 843 1978 codex
863 1945 1062 1978 Pulmanni.
1075 1966 1128 1971 —

452 1999 749 2043 Accubuitgem'tor.
758 1997 900 2043 Jupiter
909 2011 1036 2044 nempe
1049 2009 1128 2031 cum

452 2051 518 2085 diis
528 2051 887 2085 minoribus.—Plebs
896 2051 1030 2084 deorum.
1038 2051 1129 2083 “Vos

453 2117 596 2150 quoque
609 2130 617 2146 ‚
648 2104 746 2150 plebs
777 2103 948 2148 Superum
962 2129 971 2145 ‚
997 2103 1107 2137 Fauni
1121 2129 1130 2144 ,

453 2159 636 2204 Satyrique
649 2182 658 2198 ‚
670 2158 845 2202 Laresque
855 2183 862 2196 ‚
883 2157 1113 2201 Fluminaque
1123 2182 1131 2197 ,

455 2219 488 2244 et
500 2210 687 2256 Nymphae,
699 2208 974 2255 Semideunique
983 2222 1103 2255 genus.
1113 2226 1126 2238 n

457 2263 562 2297 Ovid.
581 2264 617 2297 in
641 2263 729 2296 Ibin.
745 2263 786 2296 81
807 2275 858 2308 sq.

511 2321 544 2358 4.
569 2317 616 2349 Et
641 2317 729 2348 licuit
755 2315 876 2348 Faunis
889 2342 897 2355 ,
919 2324 986 2350 etc.
1013 2313 1134 2348 Innuit

457 2369 514 2402 hie
532 2369 767 2404 Saturnalium
783 2368 993 2410 libertatem,
1009 2380 1080 2413 quo
1098 2367 1133 2400 in

458 2431 614 2468 tempore
638 2434 763 2455 mensae
786 2422 1037 2455 accumbebant
1063 2433 1135 2454 ser-

456 2476 527 2508 vuli
541 2500 550 2515 ,
570 2475 850 2509 ministrantibus
868 2473 1033 2508 dominis.
1051 2474 1118 2507 En.

513 2528 546 2562 5.
576 2530 678 2561 Tama
706 2536 774 2560 tuas
797 2528 954 2560 celebrant
968 2554 975 2566 ,
1004 2527 1133 2565 Coesar,

457 2584 596 2613 convivia
611 2581 646 2614 in
663 2580 739 2614 ΑΜ.
753 2582 851 2614 Junt.
867 2581 982 2614 Colin.
998 2578 1136 2626 Gryph.

461 2633 638 2667 Caldorin.
659 2634 769 2667 Plant.
787 2634 929 2667 Juninu.
952 2634 1135 2667 Pulmanu.

1176 1365 1284 1410 Lang.
1307 1371 1341 1398 et
1359 1364 1485 1410 Delph.
1504 1364 1672 1398 Nostrum
1693 1363 1854 1398 ordinem

1176 1425 1298 1451 tenent
1327 1417 1430 1451 Grut.
1462 1417 1610 1451 Scriver.
1642 1417 1790 1451 Farnab.
1820 1424 1855 1450 et

1178 1470 1355 1504 Schrevel.
1367 1471 1531 1502 —Tam'a
1546 1478 1630 1510 tuas,
1650 1470 1772 1510 Caesar·‚
1789 1477 1856 1503 etc.

1178 1524 1290 1556 Tanta
1299 1531 1349 1556 est
1358 1522 1491 1556 lautitia
1503 1524 1576 1567 ejus
1586 1522 1751 1564 convivii,
1761 1520 1857 1568 quod

1179 1583 1238 1616 tu,
1263 1588 1285 1607 o
1310 1575 1529 1618 Domitiane‚
1552 1574 1679 1609 dedisti
1706 1574 1861 1616 senatui,

1179 1628 1374 1674 equitibus,
1409 1628 1524 1675 plebi,
1551 1635 1631 1675 post
1660 1628 1810 1662 lauream
1841 1640 1860 1660 a

1180 1681 1344 1714 Sarmatis
1358 1681 1440 1715 Jovi
1456 1680 1598 1715 illatam.
1618 1681 1732 1727 Supra
1750 1681 1859 1727 epigr.

1181 1747 1239 1777 xv,
1259 1747 1310 1768 VS.
1333 1738 1366 1774 4.

1238 1790 1273 1821 6.
1288 1787 1482 1820 Exhalat-ent
1492 1786 1573 1821 Ald.
1586 1787 1684 1820 Junt.
1699 1796 1734 1820 et
1745 1786 1861 1821 Colin.

1184 1841 1439 1873 —Exltila'rant
1449 1842 1542 1885 ipsos.
1557 1840 1668 1873 Tanta
1683 1847 1731 1873 est
1746 1847 1864 1873 nostra

1184 1893 1298 1927 laetitia
1312 1918 1322 1932 ,
1346 1901 1386 1926 ut
1408 1892 1492 1927 deos
1513 1893 1608 1938 ipsos
1629 1893 1778 1933 afficiat,
1803 1891 1865 1938 qui

1184 1946 1369 1980 nobiscum
1387 1945 1593 1980 accumbere
1607 1946 1749 1979 vellent.

1239 1999 1273 2032 8.
1292 1998 1493 2043 Ambrosias.
1521 1999 1597 2031 Hoc
1628 2007 1696 2038 est,
1718 1997 1865 2031 divinas.

1188 2052 1281 2084 Deus
1296 2052 1387 2084 enini
1405 2051 1525 2084 haberi
1542 2051 1680 2084 volebat
1696 2051 1867 2084 Domitia-

1188 2116 1264 2137 nus.
1285 2104 1364 2137 Lib.
1383 2105 1427 2145 V,
1445 2104 1555 2149 epigr.
1574 2116 1656 2137 vm.

1243 2170 1278 2201 9.
1293 2156 1441 2191 Grandia
1450 2157 1602 2202 pollicitis
1613 2157 1646 2189 in
1659 2154 1869 2201 quibusdam

1189 2217 1273 2242 vett.
1291 2231 1342 2235 ——
1358 2209 1506 2244 Grandia
1518 2210 1692 2254 pollicitus.
1714 2209 1870 2255 Epipho-

1191 2274 1290 2296 nema
1318 2271 1389 2300 est.
1411 2273 1485 2307 quo
1507 2261 1700 2296 Domitiani
1721 2261 1872 2296 liberali-

1193 2323 1299 2349 tatem
1317 2316 1451 2349 extollit
1472 2316 1589 2349 Poeta.

1252 2381 1304 2401 10.
1337 2368 1433 2401 Coena
1453 2368 1530 2400 duta
1552 2376 1615 2408 est,
1640 2368 1774 2401 Beverl.
1798 2366 1870 2400 MS.

1193 2420 1286 2455 hand
1303 2421 1410 2455 dubie
1428 2433 1468 2454 ex
1486 2421 1806 2467 interpretamenm.
1821 2441 1873 2446 —-

1194 2475 1356 2519 Sportula.
1369 2475 1482 2516 Quam
1495 2474 1631 2508 sustulit
1641 2473 1872 2511 Domitianus,

1195 2535 1354 2561 revocata
1381 2537 1476 2561 coena
1502 2536 1605 2561 recta.
1631 2525 1816 2559 Suetonius
1838 2526 1874 2558 iu

1197 2580 1417 2620 Domitiano,
1438 2591 1512 2626 cap.
1536 2593 1568 2624 7.
1582 2578 1673 2613 Vide
1689 2579 1791 2612 etiam
1813 2578 1873 2611 ΙὶΙι.

1200 2635 1270 2671 111,
1295 2634 1403 2678 epigr.
1427 2645 1492 2666 vn.
