1978 3305
475 241 569 302 392
826 241 887 283 M.
925 241 1065 283 VAL.
1105 241 1489 284 MARTIALIS

610 327 807 371 Semiviri
834 336 1037 387 poterant
1061 326 1203 387 qualia
1231 327 1345 370 ferre
1369 327 1573 388 Phryges.

542 403 598 441 At
627 407 668 441 te
697 397 883 458 protexit
909 398 1124 458 Superum
1150 406 1293 458 pater,
1322 406 1365 441 et
1393 397 1495 453 tibi,
1522 399 1686 452 Caesar,

611 469 696 511 Pro
722 465 867 527 jaculo
897 476 940 510 et
969 482 1148 528 parma,
1174 465 1340 511 fulmen
1367 476 1411 510 et
1438 468 1538 528 aegis
1569 480 1671 511 erat.

611 591 700 632 Τῶν
727 585 990 638 εὐὸαςοίκτων
1016 583 1267 650 θηλυδρίῃσιν
1298 590 1445 631 ὅπλων.

544 659 642 719 Χεὶρ
673 653 718 701 δὲ
745 659 857 712 Διὸς,
882 658 1063 719 Καῖσάρ,
1090 661 1126 701 σ’
1148 660 1360 719 ἐρῤύσατο·
1387 660 1519 718 τόφρα
1542 659 1610 701 καὶ
1636 657 1736 718 αἰγὶς

612 722 714 772 Ᾰντὶ
738 728 800 772 σοὶ
822 727 869 776 ἦν
891 730 1068 783 πέλτης,
1094 730 1257 789 ἀςραπὴ
1289 728 1378 772 ἀντὶ
1406 729 1556 782 βέλους.

474 855 574 900 pueri
592 854 723 888 circum
740 867 889 901 puerum
904 856 1046 900 pernice
1065 855 1148 889 cho·
1207 854 1281 887 MS.
1310 875 1362 880 —
1386 854 1436 887 At
1464 862 1492 886 te
1516 855 1666 899 protexit.
1692 853 1880 887 Vitelliano

474 919 544 947 rea,
559 907 706 950 Armati,
719 907 756 941 in
770 919 955 941 numerum
971 908 1150 953 pulsarent
1207 907 1318 948 bello,
1336 904 1595 940 delitescentem
1629 906 1666 939 in
1694 905 1879 952 Capitolio.

475 960 601 994 aeribus
616 973 691 994 aera.
710 977 724 990 n
1211 959 1399 993 Suetonius
1411 958 1447 992 in
1461 959 1674 992 Domitiano.
1687 959 1732 992 Et
1741 958 1881 991 Tacitus

531 1014 566 1046 8.
585 1013 738 1047 Semiviri.
758 1012 978 1057 Corybantes
995 1024 1056 1045 seu
1079 1012 1149 1045 Cu-
1210 1011 1443 1046 Historiarum
1462 1011 1522 1044 lib.
1545 1012 1619 1053 III,
1637 1023 1711 1056 cap.
1733 1023 1758 1044 1.

477 1066 750 1111 retes,Cybeles
763 1064 1089 1106 comites‚castrati‚
1110 1077 1150 1097 ex
1267 1075 1320 1097 10.
1344 1063 1473 1103 Jaculo‚
1502 1071 1566 1097 etc.
1592 1064 1682 1097 Ense
1706 1071 1739 1096 et
1764 1071 1879 1104 scuto,

478 1119 629 1164 Phrygia
656 1118 742 1159 orti,
763 1117 825 1150 lib.
848 1118 885 1160 I,
908 1117 1017 1163 epigr.
1046 1129 1149 1158 Lxxx,
1210 1129 1286 1162 quae
1320 1117 1563 1162 Corybantum
1591 1129 1686 1149 arma
1716 1125 1809 1149 sunt.
1831 1136 1882 1142 —

478 1184 526 1204 vs.
551 1183 611 1212 10,
632 1179 666 1204 et
683 1171 744 1205 lib.
765 1170 836 1211 III,
859 1170 967 1216 epigr.
988 1182 1057 1203 xc1.
1211 1169 1312 1214 AEgis
1329 1178 1408 1201 erat.
1430 1167 1513 1203 Vid.
1532 1169 1689 1208 lib.VII,
1715 1169 1826 1215 epigr.
1848 1180 1884 1208 1,

532 1237 565 1268 9.
595 1225 745 1257 Por-rexit
772 1235 914 1268 superum
945 1221 1152 1256 Beverlandi
1211 1234 1262 1256 vs.
1287 1234 1300 1255 1
1324 1230 1358 1256 et
1379 1226 1414 1262 4.

1069 1358 1288 1414 XXII.

980 1509 1052 1537 AD
1101 1508 1352 1538 AUCTUM.
1371 1488 1390 1506 *

550 1630 891 1672 ARTEMIDORUS
911 1627 1045 1671 habet
1063 1645 1275 1689 puerum;
1296 1628 1371 1672 sed
1393 1627 1588 1671 vendidit
1612 1644 1765 1689 agrum
1786 1646 1793 1671 :

622 1699 787 1759 Agrum
812 1715 893 1759 pro
919 1714 1056 1759 puero
1079 1697 1352 1743 Calliodorus
1378 1698 1522 1742 habet.

550 1769 660 1825 Dic,
690 1778 788 1812 uter
818 1785 870 1812 ex
899 1769 990 1813 istis
1017 1768 1169 1813 melius
1198 1786 1289 1813 rem
1322 1770 1522 1830 gesserit,
1548 1767 1714 1812 Aucte?

621 1839 921 1883 Artemidorus
951 1849 1095 1895 amat,
1120 1839 1392 1884 Calliodorus
1421 1849 1527 1883 arat.

536 1968 549 1981 ⁶
569 1973 710 2006 Nullam
728 1972 887 2006 lectionis
902 1973 1101 2007 varietatem
1119 1973 1154 2006 in
1269 1995 1319 2000 -——
1336 1972 1445 2006 Ludit
1462 1973 1498 2006 in
1515 1972 1757 2006 paronomasia
1774 1984 1893 2006 versus

482 2026 561 2059 hoc.
578 2026 823 2071 epigrammate
850 2025 1016 2059 exhibent
1041 2038 1155 2060 exem·
1217 2026 1331 2059 ultimi
1346 2053 1354 2067 ‚
1370 2035 1403 2060 et
1422 2025 1602 2060 antithetis
1615 2037 1740 2059 vocum
1757 2033 1843 2058 amat
1859 2033 1893 2058 et

482 2079 590 2123 plaria
611 2079 756 2124 scripta,
777 2087 835 2112 aut
853 2090 986 2112 excusa.
1219 2087 1303 2112 arat.

1070 2209 1318 2264 XXIII.

957 2360 1031 2388 An
1080 2338 1427 2388 PASTOREM.⁸

560 2481 738 2522 ssnnms
767 2476 823 2519 ob
850 2476 933 2519 hoc
961 2492 1055 2527 me,
1082 2478 1252 2531 Pastor,
1278 2493 1382 2537 opes
1410 2477 1590 2520 fortasse
1616 2491 1769 2536 rogare
1786 2509 1795 2527 ‚

541 2605 555 2618 '
573 2609 766 2642 Liberalem
790 2609 852 2642 sibi
874 2609 982 2643 inesse
1005 2610 1157 2643 animum
1276 2623 1284 2642 ι
1314 2609 1471 2642 (walt-‹11›
1483 2609 1779 2641 luchruternsex
1794 2606 1894 2641 codd.

490 2661 686 2706 profitetur.
1222 2677 1271 2684 —
1291 2663 1407 2696 Pastor
1440 2675 1480 2695 an
1507 2661 1563 2694 hie
1590 2661 1705 2694 Julius
1723 2688 1730 2701 ‚
1756 2660 1799 2694 de
1827 2673 1896 2706 quo
