<?xml version="1.0" encoding="UTF-8"?>
<!DOCTYPE html PUBLIC "-//W3C//DTD XHTML 1.0 Transitional//EN"
    "http://www.w3.org/TR/xhtml1/DTD/xhtml1-transitional.dtd">
<html xmlns="http://www.w3.org/1999/xhtml" xml:lang="en" lang="en">
 <head>
  <title>
</title>
<meta http-equiv="Content-Type" content="text/html;charset=utf-8" />
  <meta name='ocr-system' content='tesseract 3.04.00' />
  <meta name='ocr-capabilities' content='ocr_page ocr_carea ocr_par ocr_line ocrx_word'/>
</head>
<body>
  <div class='ocr_page' id='page_1' title='image "./epigrammata02martuoft/epigrammata02martuoft_0696.png"; bbox 0 0 1978 3305; ppageno 0'>
   <div class='ocr_carea' id='block_1_1' title="bbox 393 201 1810 2181">
    <p class='ocr_par' dir='ltr' id='par_1_1' title="bbox 393 201 1810 2181">
     <span class='ocr_line' id='line_1_1' title="bbox 393 201 1233 248; baseline -0.001 -1"><span class='ocrx_word' id='word_1_1' title='bbox 393 201 494 248; x_wconf 87' lang='lat'><strong>680</strong></span> <span class='ocrx_word' id='word_1_2' title='bbox 951 203 1025 246; x_wconf 89' lang='lat' dir='ltr'><strong>TA</strong></span> <span class='ocrx_word' id='word_1_3' title='bbox 1037 205 1070 247; x_wconf 94' lang='lat' dir='ltr'>B</span> <span class='ocrx_word' id='word_1_4' title='bbox 1080 204 1122 247; x_wconf 91' lang='lat' dir='ltr'>U</span> <span class='ocrx_word' id='word_1_5' title='bbox 1134 205 1171 247; x_wconf 95' lang='lat' dir='ltr'>L</span> <span class='ocrx_word' id='word_1_6' title='bbox 1183 203 1233 247; x_wconf 81' lang='lat' dir='ltr'><strong>A.</strong></span> 
     </span>
     <span class='ocr_line' id='line_1_2' title="bbox 466 283 1801 338; baseline -0.001 -17"><span class='ocrx_word' id='word_1_7' title='bbox 466 283 636 321; x_wconf 83' lang='lat' dir='ltr'><strong>LXXIII.</strong></span> <span class='ocrx_word' id='word_1_8' title='bbox 660 288 703 321; x_wconf 78' lang='lat' dir='ltr'><strong>In</strong></span> <span class='ocrx_word' id='word_1_9' title='bbox 724 286 887 333; x_wconf 82' lang='lat' dir='ltr'><strong>Lygdum</strong></span> <span class='ocrx_word' id='word_1_10' title='bbox 931 311 1097 319; x_wconf 87' lang='grc'><strong>.....</strong></span> <span class='ocrx_word' id='word_1_11' title='bbox 1130 316 1137 323; x_wconf 90' lang='grc'><strong>.</strong></span> <span class='ocrx_word' id='word_1_12' title='bbox 1169 310 1574 321; x_wconf 87' lang='grc'><strong>...........</strong></span> <span class='ocrx_word' id='word_1_13' title='bbox 1617 289 1698 336; x_wconf 62' lang='lat' dir='ltr'><strong>Pag„</strong></span> <span class='ocrx_word' id='word_1_14' title='bbox 1728 291 1801 338; x_wconf 82' lang='lat'><strong>639</strong></span> 
     </span>
     <span class='ocr_line' id='line_1_3' title="bbox 470 340 1801 390; baseline 0 -16"><span class='ocrx_word' id='word_1_15' title='bbox 470 341 637 374; x_wconf 86' lang='lat' dir='ltr'>LXXIV.</span> <span class='ocrx_word' id='word_1_16' title='bbox 662 341 714 373; x_wconf 90' lang='lat' dir='ltr'><strong>De</strong></span> <span class='ocrx_word' id='word_1_17' title='bbox 731 340 883 375; x_wconf 85' lang='lat' dir='ltr'>Baccara</span> <span class='ocrx_word' id='word_1_18' title='bbox 919 361 1698 374; x_wconf 87' lang='grc'><strong>....................</strong></span> <span class='ocrx_word' id='word_1_19' title='bbox 1729 343 1801 390; x_wconf 80' lang='grc'><strong>639</strong></span> 
     </span>
     <span class='ocr_line' id='line_1_4' title="bbox 485 392 1803 437; baseline -0.001 -10"><span class='ocrx_word' id='word_1_20' title='bbox 485 394 633 427; x_wconf 91' lang='lat' dir='ltr'><strong>LXXV.</strong></span> <span class='ocrx_word' id='word_1_21' title='bbox 660 393 703 425; x_wconf 90' lang='lat' dir='ltr'><strong>In</strong></span> <span class='ocrx_word' id='word_1_22' title='bbox 722 392 864 426; x_wconf 84' lang='lat' dir='ltr'><strong>Caeliam</strong></span> <span class='ocrx_word' id='word_1_23' title='bbox 892 414 1695 429; x_wconf 84' lang='grc'><strong>.....................</strong></span> <span class='ocrx_word' id='word_1_24' title='bbox 1727 398 1803 437; x_wconf 72' lang='grc'><strong>640</strong></span> 
     </span>
     <span class='ocr_line' id='line_1_5' title="bbox 469 443 1804 491; baseline 0.002 -12"><span class='ocrx_word' id='word_1_25' title='bbox 469 446 636 479; x_wconf 89' lang='lat' dir='ltr'>LXXVI.</span> <span class='ocrx_word' id='word_1_26' title='bbox 661 443 716 478; x_wconf 85' lang='lat' dir='ltr'><strong>Ad</strong></span> <span class='ocrx_word' id='word_1_27' title='bbox 737 445 871 479; x_wconf 87' lang='lat' dir='ltr'><strong>Paetum</strong></span> <span class='ocrx_word' id='word_1_28' title='bbox 892 467 1702 480; x_wconf 81' lang='lat'><strong>.....................</strong></span> <span class='ocrx_word' id='word_1_29' title='bbox 1731 451 1804 491; x_wconf 74' lang='lat'><strong>640</strong></span> 
     </span>
     <span class='ocr_line' id='line_1_6' title="bbox 449 498 1799 543; baseline 0 -12"><span class='ocrx_word' id='word_1_30' title='bbox 449 498 635 532; x_wconf 88' lang='lat' dir='ltr'><strong>LXXVII.</strong></span> <span class='ocrx_word' id='word_1_31' title='bbox 661 498 704 531; x_wconf 85' lang='lat' dir='ltr'><strong>In</strong></span> <span class='ocrx_word' id='word_1_32' title='bbox 722 498 913 532; x_wconf 90' lang='lat' dir='ltr'><strong>Vacerram</strong></span> <span class='ocrx_word' id='word_1_33' title='bbox 927 519 1697 534; x_wconf 88' lang='grc'><strong>....................</strong></span> <span class='ocrx_word' id='word_1_34' title='bbox 1727 503 1799 543; x_wconf 72' lang='lat'><strong>641</strong></span> 
     </span>
     <span class='ocr_line' id='line_1_7' title="bbox 432 549 1798 598; baseline 0.004 -14"><span class='ocrx_word' id='word_1_35' title='bbox 432 551 636 586; x_wconf 93' lang='lat' dir='ltr'><strong>LXXVIII.</strong></span> <span class='ocrx_word' id='word_1_36' title='bbox 662 549 719 583; x_wconf 86' lang='lat' dir='ltr'><strong>Ad</strong></span> <span class='ocrx_word' id='word_1_37' title='bbox 739 550 923 585; x_wconf 85' lang='lat' dir='ltr'><strong>Victorem</strong></span> <span class='ocrx_word' id='word_1_38' title='bbox 940 562 1111 598; x_wconf 88' lang='lat' dir='ltr'><strong>sponsum</strong></span> <span class='ocrx_word' id='word_1_39' title='bbox 1129 571 1696 584; x_wconf 83' lang='lat'><strong>···············</strong></span> <span class='ocrx_word' id='word_1_40' title='bbox 1726 556 1798 596; x_wconf 76' lang='lat'><strong>641</strong></span> 
     </span>
     <span class='ocr_line' id='line_1_8' title="bbox 471 602 1801 648; baseline -0.001 -11"><span class='ocrx_word' id='word_1_41' title='bbox 471 605 636 639; x_wconf 89' lang='lat' dir='ltr'><strong>LXXIX.</strong></span> <span class='ocrx_word' id='word_1_42' title='bbox 662 602 719 636; x_wconf 88' lang='lat' dir='ltr'><strong>Ad</strong></span> <span class='ocrx_word' id='word_1_43' title='bbox 736 603 870 637; x_wconf 85' lang='lat' dir='ltr'><strong>Paetum</strong></span> <span class='ocrx_word' id='word_1_44' title='bbox 897 625 1697 638; x_wconf 82' lang='grc'><strong>.....................</strong></span> <span class='ocrx_word' id='word_1_45' title='bbox 1727 609 1801 648; x_wconf 76' lang='lat'><strong>642</strong></span> 
     </span>
     <span class='ocr_line' id='line_1_9' title="bbox 489 656 1802 701; baseline -0.001 -11"><span class='ocrx_word' id='word_1_46' title='bbox 489 657 637 692; x_wconf 92' lang='lat' dir='ltr'><strong>LXXX.</strong></span> <span class='ocrx_word' id='word_1_47' title='bbox 661 656 715 690; x_wconf 90' lang='lat' dir='ltr'><strong>De</strong></span> <span class='ocrx_word' id='word_1_48' title='bbox 735 656 825 690; x_wconf 81' lang='lat' dir='ltr'><strong>Baiis</strong></span> <span class='ocrx_word' id='word_1_49' title='bbox 854 677 1699 689; x_wconf 78' lang='lat'><strong>......................</strong></span> <span class='ocrx_word' id='word_1_50' title='bbox 1728 659 1802 701; x_wconf 69' lang='lat'><strong>643</strong></span> 
     </span>
     <span class='ocr_line' id='line_1_10' title="bbox 468 708 1803 755; baseline -0.001 -12"><span class='ocrx_word' id='word_1_51' title='bbox 468 710 634 743; x_wconf 89' lang='lat' dir='ltr'><strong>LXXXI.</strong></span> <span class='ocrx_word' id='word_1_52' title='bbox 662 709 715 742; x_wconf 90' lang='lat' dir='ltr'><strong>De</strong></span> <span class='ocrx_word' id='word_1_53' title='bbox 730 708 887 755; x_wconf 87' lang='lat' dir='ltr'><strong>spadone</strong></span> <span class='ocrx_word' id='word_1_54' title='bbox 906 718 939 744; x_wconf 83' lang='lat' dir='ltr'><strong>et</strong></span> <span class='ocrx_word' id='word_1_55' title='bbox 959 721 1039 743; x_wconf 88' lang='lat' dir='ltr'><strong>sene</strong></span> <span class='ocrx_word' id='word_1_56' title='bbox 1084 730 1695 742; x_wconf 85' lang='grc'><strong>................</strong></span> <span class='ocrx_word' id='word_1_57' title='bbox 1726 714 1747 746; x_wconf 90' lang='lat'>6</span> <span class='ocrx_word' id='word_1_58' title='bbox 1754 716 1803 753; x_wconf 72' lang='grc'><strong>44</strong></span> 
     </span>
     <span class='ocr_line' id='line_1_11' title="bbox 451 762 1803 806; baseline -0.001 -11"><span class='ocrx_word' id='word_1_59' title='bbox 451 762 635 796; x_wconf 90' lang='lat' dir='ltr'><strong>LXXXII.</strong></span> <span class='ocrx_word' id='word_1_60' title='bbox 662 762 714 795; x_wconf 86' lang='lat' dir='ltr'><strong>De</strong></span> <span class='ocrx_word' id='word_1_61' title='bbox 732 762 943 796; x_wconf 87' lang='lat' dir='ltr'>Philostrato</span> <span class='ocrx_word' id='word_1_62' title='bbox 969 783 1697 794; x_wconf 80' lang='grc'><strong>...................</strong></span> <span class='ocrx_word' id='word_1_63' title='bbox 1729 767 1803 806; x_wconf 72' lang='lat'><strong>644</strong></span> 
     </span>
     <span class='ocr_line' id='line_1_12' title="bbox 436 813 1803 859; baseline -0.001 -11"><span class='ocrx_word' id='word_1_64' title='bbox 436 815 636 848; x_wconf 87' lang='lat' dir='ltr'><strong>LXXXIII.</strong></span> <span class='ocrx_word' id='word_1_65' title='bbox 662 813 720 847; x_wconf 88' lang='lat' dir='ltr'><strong>Ad</strong></span> <span class='ocrx_word' id='word_1_66' title='bbox 740 813 962 849; x_wconf 87' lang='lat' dir='ltr'><strong>Sosibianum</strong></span> <span class='ocrx_word' id='word_1_67' title='bbox 1010 836 1698 847; x_wconf 83' lang='grc'><strong>..................</strong></span> <span class='ocrx_word' id='word_1_68' title='bbox 1729 817 1803 859; x_wconf 74' lang='grc'><strong>645</strong></span> 
     </span>
     <span class='ocr_line' id='line_1_13' title="bbox 434 867 1802 912; baseline 0.001 -11"><span class='ocrx_word' id='word_1_69' title='bbox 434 867 636 901; x_wconf 90' lang='lat' dir='ltr'><strong>LXXXIV.</strong></span> <span class='ocrx_word' id='word_1_70' title='bbox 662 868 714 901; x_wconf 89' lang='lat' dir='ltr'><strong>De</strong></span> <span class='ocrx_word' id='word_1_71' title='bbox 732 868 910 902; x_wconf 88' lang='lat' dir='ltr'><strong>Antiocho</strong></span> <span class='ocrx_word' id='word_1_72' title='bbox 929 876 1068 901; x_wconf 84' lang='lat' dir='ltr'><strong>tonsore</strong></span> <span class='ocrx_word' id='word_1_73' title='bbox 1115 887 1697 900; x_wconf 81' lang='grc'><em>...............</em></span> <span class='ocrx_word' id='word_1_74' title='bbox 1729 869 1802 912; x_wconf 78' lang='grc'><strong>645</strong></span> 
     </span>
     <span class='ocr_line' id='line_1_14' title="bbox 452 920 1803 968; baseline 0.001 -14"><span class='ocrx_word' id='word_1_75' title='bbox 452 921 635 954; x_wconf 88' lang='lat' dir='ltr'><strong>LXXXV.</strong></span> <span class='ocrx_word' id='word_1_76' title='bbox 663 921 706 953; x_wconf 90' lang='lat' dir='ltr'><strong>In</strong></span> <span class='ocrx_word' id='word_1_77' title='bbox 727 920 865 954; x_wconf 86' lang='lat' dir='ltr'>Zoilum</span> <span class='ocrx_word' id='word_1_78' title='bbox 895 938 1699 953; x_wconf 79' lang='lat'><strong>.....................</strong></span> <span class='ocrx_word' id='word_1_79' title='bbox 1729 925 1803 968; x_wconf 74' lang='grc'><strong>647</strong></span> 
     </span>
     <span class='ocr_line' id='line_1_15' title="bbox 433 973 1803 1021; baseline 0.002 -15"><span class='ocrx_word' id='word_1_80' title='bbox 433 973 635 1007; x_wconf 90' lang='lat' dir='ltr'><strong>LXXXVI.</strong></span> <span class='ocrx_word' id='word_1_81' title='bbox 662 973 705 1005; x_wconf 90' lang='lat' dir='ltr'><strong>In</strong></span> <span class='ocrx_word' id='word_1_82' title='bbox 725 973 1014 1019; x_wconf 87' lang='lat' dir='ltr'><strong>Parthenopaeum</strong></span> <span class='ocrx_word' id='word_1_83' title='bbox 1044 993 1698 1008; x_wconf 79' lang='lat'><strong>·················</strong></span> <span class='ocrx_word' id='word_1_84' title='bbox 1729 977 1803 1021; x_wconf 79' lang='grc'><strong>647</strong></span> 
     </span>
     <span class='ocr_line' id='line_1_16' title="bbox 415 1023 1804 1069; baseline -0.001 -10"><span class='ocrx_word' id='word_1_85' title='bbox 415 1026 635 1061; x_wconf 90' lang='lat' dir='ltr'><strong>LXXXVII.</strong></span> <span class='ocrx_word' id='word_1_86' title='bbox 662 1023 718 1059; x_wconf 88' lang='lat' dir='ltr'><strong>Ad</strong></span> <span class='ocrx_word' id='word_1_87' title='bbox 740 1025 993 1060; x_wconf 83' lang='lat' dir='ltr'><strong>Charidemum</strong></span> <span class='ocrx_word' id='word_1_88' title='bbox 1006 1046 1460 1057; x_wconf 82' lang='grc'><strong>............</strong></span> <span class='ocrx_word' id='word_1_89' title='bbox 1491 1053 1500 1061; x_wconf 89' lang='grc'><strong>.</strong></span> <span class='ocrx_word' id='word_1_90' title='bbox 1531 1048 1699 1058; x_wconf 80' lang='grc'><strong>.....</strong></span> <span class='ocrx_word' id='word_1_91' title='bbox 1729 1030 1804 1069; x_wconf 77' lang='grc'><strong>648</strong></span> 
     </span>
     <span class='ocr_line' id='line_1_17' title="bbox 397 1078 1804 1123; baseline 0.002 -11"><span class='ocrx_word' id='word_1_92' title='bbox 397 1078 635 1112; x_wconf 81' lang='lat' dir='ltr'><strong>LXXXVIII.</strong></span> <span class='ocrx_word' id='word_1_93' title='bbox 663 1079 714 1111; x_wconf 85' lang='lat' dir='ltr'><strong>De</strong></span> <span class='ocrx_word' id='word_1_94' title='bbox 737 1078 942 1113; x_wconf 87' lang='lat' dir='ltr'><strong>Charisiano</strong></span> <span class='ocrx_word' id='word_1_95' title='bbox 971 1099 1698 1111; x_wconf 81' lang='lat'><strong>···················</strong></span> <span class='ocrx_word' id='word_1_96' title='bbox 1730 1082 1804 1123; x_wconf 76' lang='grc'><strong>648</strong></span> 
     </span>
     <span class='ocr_line' id='line_1_18' title="bbox 435 1129 1804 1178; baseline -0.002 -12"><span class='ocrx_word' id='word_1_97' title='bbox 435 1132 637 1166; x_wconf 90' lang='lat' dir='ltr'><strong>LXXXIX.</strong></span> <span class='ocrx_word' id='word_1_98' title='bbox 663 1129 720 1164; x_wconf 85' lang='lat' dir='ltr'><strong>Ad</strong></span> <span class='ocrx_word' id='word_1_99' title='bbox 738 1131 872 1165; x_wconf 88' lang='lat' dir='ltr'><strong>Pollam</strong></span> <span class='ocrx_word' id='word_1_100' title='bbox 891 1152 1698 1167; x_wconf 84' lang='grc'><strong>.....................</strong></span> <span class='ocrx_word' id='word_1_101' title='bbox 1729 1136 1804 1178; x_wconf 74' lang='grc'><strong>649</strong></span> 
     </span>
     <span class='ocr_line' id='line_1_19' title="bbox 560 1183 1801 1232; baseline -0.002 -13"><span class='ocrx_word' id='word_1_102' title='bbox 560 1185 635 1220; x_wconf 93' lang='lat' dir='ltr'><strong>CX.</strong></span> <span class='ocrx_word' id='word_1_103' title='bbox 663 1185 704 1217; x_wconf 90' lang='lat' dir='ltr'><strong>In</strong></span> <span class='ocrx_word' id='word_1_104' title='bbox 723 1183 951 1218; x_wconf 87' lang='lat' dir='ltr'><strong>Chrestillum</strong></span> <span class='ocrx_word' id='word_1_105' title='bbox 1002 1204 1694 1219; x_wconf 81' lang='grc'><strong>..................</strong></span> <span class='ocrx_word' id='word_1_106' title='bbox 1726 1189 1801 1232; x_wconf 75' lang='lat'><strong>649</strong></span> 
     </span>
     <span class='ocr_line' id='line_1_20' title="bbox 540 1237 1802 1283; baseline 0.002 -12"><span class='ocrx_word' id='word_1_107' title='bbox 540 1238 636 1272; x_wconf 92' lang='lat' dir='ltr'><strong>XCI.</strong></span> <span class='ocrx_word' id='word_1_108' title='bbox 661 1237 893 1283; x_wconf 85' lang='lat' dir='ltr'><strong>Epitaphium</strong></span> <span class='ocrx_word' id='word_1_109' title='bbox 914 1237 1069 1272; x_wconf 84' lang='lat' dir='ltr'>Canaces</span> <span class='ocrx_word' id='word_1_110' title='bbox 1098 1258 1698 1270; x_wconf 81' lang='grc'><strong>................</strong></span> <span class='ocrx_word' id='word_1_111' title='bbox 1730 1241 1802 1274; x_wconf 86' lang='lat'><strong>651</strong></span> 
     </span>
     <span class='ocr_line' id='line_1_21' title="bbox 524 1290 1803 1327; baseline -0.002 -2"><span class='ocrx_word' id='word_1_112' title='bbox 524 1290 635 1325; x_wconf 87' lang='lat' dir='ltr'><strong>XCII.</strong></span> <span class='ocrx_word' id='word_1_113' title='bbox 662 1291 705 1323; x_wconf 88' lang='lat' dir='ltr'><strong>In</strong></span> <span class='ocrx_word' id='word_1_114' title='bbox 724 1291 862 1324; x_wconf 78' lang='lat' dir='ltr'><strong>Zoilum</strong></span> <span class='ocrx_word' id='word_1_115' title='bbox 901 1311 1699 1323; x_wconf 80' lang='lat'><strong>.....................</strong></span> <span class='ocrx_word' id='word_1_116' title='bbox 1731 1293 1803 1327; x_wconf 78' lang='lat'><strong>652</strong></span> 
     </span>
     <span class='ocr_line' id='line_1_22' title="bbox 504 1342 1804 1380; baseline 0.003 -4"><span class='ocrx_word' id='word_1_117' title='bbox 504 1343 636 1378; x_wconf 91' lang='lat' dir='ltr'><strong>XCIII.</strong></span> <span class='ocrx_word' id='word_1_118' title='bbox 662 1344 715 1377; x_wconf 92' lang='lat' dir='ltr'><strong>De</strong></span> <span class='ocrx_word' id='word_1_119' title='bbox 731 1342 923 1377; x_wconf 81' lang='lat' dir='ltr'><strong>Theodoro</strong></span> <span class='ocrx_word' id='word_1_120' title='bbox 971 1364 1703 1375; x_wconf 81' lang='lat'><strong>···················</strong></span> <span class='ocrx_word' id='word_1_121' title='bbox 1730 1344 1804 1380; x_wconf 80' lang='lat'><strong>653</strong></span> 
     </span>
     <span class='ocr_line' id='line_1_23' title="bbox 504 1396 1804 1442; baseline 0.003 -13"><span class='ocrx_word' id='word_1_122' title='bbox 504 1396 636 1431; x_wconf 91' lang='lat' dir='ltr'><strong>XCIV.</strong></span> <span class='ocrx_word' id='word_1_123' title='bbox 661 1396 704 1429; x_wconf 90' lang='lat' dir='ltr'><strong>In</strong></span> <span class='ocrx_word' id='word_1_124' title='bbox 725 1409 874 1442; x_wconf 88' lang='lat' dir='ltr'><strong>verpum</strong></span> <span class='ocrx_word' id='word_1_125' title='bbox 895 1396 1061 1430; x_wconf 83' lang='lat' dir='ltr'><strong>aemulum</strong></span> <span class='ocrx_word' id='word_1_126' title='bbox 1101 1418 1702 1428; x_wconf 66' lang='lat'><strong>················</strong></span> <span class='ocrx_word' id='word_1_127' title='bbox 1731 1398 1804 1433; x_wconf 82' lang='lat'><strong>653</strong></span> 
     </span>
     <span class='ocr_line' id='line_1_24' title="bbox 524 1448 1805 1486; baseline -0.002 -4"><span class='ocrx_word' id='word_1_128' title='bbox 524 1449 637 1484; x_wconf 93' lang='lat' dir='ltr'><strong>XCV.</strong></span> <span class='ocrx_word' id='word_1_129' title='bbox 663 1448 721 1482; x_wconf 88' lang='lat' dir='ltr'><strong>Ad</strong></span> <span class='ocrx_word' id='word_1_130' title='bbox 739 1449 903 1484; x_wconf 86' lang='lat' dir='ltr'>Flaccum</span> <span class='ocrx_word' id='word_1_131' title='bbox 925 1468 1699 1481; x_wconf 77' lang='lat'><strong>....................</strong></span> <span class='ocrx_word' id='word_1_132' title='bbox 1731 1451 1805 1486; x_wconf 87' lang='lat'>655</span> 
     </span>
     <span class='ocr_line' id='line_1_25' title="bbox 506 1501 1807 1539; baseline 0.002 -4"><span class='ocrx_word' id='word_1_133' title='bbox 506 1502 636 1536; x_wconf 89' lang='lat' dir='ltr'><strong>XCVI.</strong></span> <span class='ocrx_word' id='word_1_134' title='bbox 662 1501 719 1536; x_wconf 90' lang='lat' dir='ltr'><strong>Ad</strong></span> <span class='ocrx_word' id='word_1_135' title='bbox 743 1502 958 1537; x_wconf 87' lang='lat' dir='ltr'><strong>Germanum</strong></span> <span class='ocrx_word' id='word_1_136' title='bbox 1009 1522 1698 1539; x_wconf 66' lang='lat'><strong>··················</strong></span> <span class='ocrx_word' id='word_1_137' title='bbox 1734 1502 1807 1538; x_wconf 91' lang='grc'><strong>655</strong></span> 
     </span>
     <span class='ocr_line' id='line_1_26' title="bbox 488 1554 1806 1591; baseline 0.002 -3"><span class='ocrx_word' id='word_1_138' title='bbox 488 1554 637 1591; x_wconf 75' lang='lat' dir='ltr'><strong>XCVII.</strong></span> <span class='ocrx_word' id='word_1_139' title='bbox 664 1556 707 1588; x_wconf 91' lang='lat' dir='ltr'><strong>In</strong></span> <span class='ocrx_word' id='word_1_140' title='bbox 726 1555 950 1590; x_wconf 87' lang='lat' dir='ltr'><strong>Thelesillam</strong></span> <span class='ocrx_word' id='word_1_141' title='bbox 969 1576 1699 1589; x_wconf 84' lang='lat'><strong>···················</strong></span> <span class='ocrx_word' id='word_1_142' title='bbox 1731 1558 1806 1591; x_wconf 87' lang='grc'><strong>656</strong></span> 
     </span>
     <span class='ocr_line' id='line_1_27' title="bbox 471 1607 1806 1644; baseline -0.003 -2"><span class='ocrx_word' id='word_1_143' title='bbox 471 1608 637 1642; x_wconf 91' lang='lat' dir='ltr'><strong>XCVIII.</strong></span> <span class='ocrx_word' id='word_1_144' title='bbox 664 1607 721 1642; x_wconf 88' lang='lat' dir='ltr'><strong>Ad</strong></span> <span class='ocrx_word' id='word_1_145' title='bbox 741 1609 885 1643; x_wconf 84' lang='lat' dir='ltr'><strong>Bassum</strong></span> <span class='ocrx_word' id='word_1_146' title='bbox 927 1628 1701 1642; x_wconf 80' lang='grc'><strong>....................</strong></span> <span class='ocrx_word' id='word_1_147' title='bbox 1731 1609 1806 1644; x_wconf 87' lang='grc'><strong>656</strong></span> 
     </span>
     <span class='ocr_line' id='line_1_28' title="bbox 505 1661 1805 1697; baseline 0.001 -1"><span class='ocrx_word' id='word_1_148' title='bbox 505 1662 636 1697; x_wconf 82' lang='lat' dir='ltr'><strong>XCIX.</strong></span> <span class='ocrx_word' id='word_1_149' title='bbox 662 1662 706 1695; x_wconf 89' lang='lat' dir='ltr'><strong>In</strong></span> <span class='ocrx_word' id='word_1_150' title='bbox 727 1661 888 1696; x_wconf 86' lang='lat' dir='ltr'><strong>Lesbiam</strong></span> <span class='ocrx_word' id='word_1_151' title='bbox 929 1683 937 1691; x_wconf 87' lang='lat'>-</span> <span class='ocrx_word' id='word_1_152' title='bbox 966 1683 975 1692; x_wconf 88' lang='lat'><strong>·</strong></span> <span class='ocrx_word' id='word_1_153' title='bbox 1005 1684 1014 1692; x_wconf 90' lang='lat'>-</span> <span class='ocrx_word' id='word_1_154' title='bbox 1043 1677 1053 1682; x_wconf 87' lang='lat'>·</span> <span class='ocrx_word' id='word_1_155' title='bbox 1088 1681 1698 1693; x_wconf 76' lang='lat'><strong>················</strong></span> <span class='ocrx_word' id='word_1_156' title='bbox 1731 1662 1805 1697; x_wconf 84' lang='lat'><strong>658</strong></span> 
     </span>
     <span class='ocr_line' id='line_1_29' title="bbox 595 1713 1808 1751; baseline 0 -5"><span class='ocrx_word' id='word_1_157' title='bbox 595 1716 636 1749; x_wconf 88' lang='lat' dir='ltr'><strong>C.</strong></span> <span class='ocrx_word' id='word_1_158' title='bbox 663 1713 720 1748; x_wconf 84' lang='lat' dir='ltr'><strong>Ad</strong></span> <span class='ocrx_word' id='word_1_159' title='bbox 739 1715 901 1749; x_wconf 84' lang='lat' dir='ltr'><strong>Flaccum</strong></span> <span class='ocrx_word' id='word_1_160' title='bbox 938 1734 1701 1746; x_wconf 73' lang='lat'><strong>....................</strong></span> <span class='ocrx_word' id='word_1_161' title='bbox 1732 1716 1808 1751; x_wconf 83' lang='grc'><strong>658</strong></span> 
     </span>
     <span class='ocr_line' id='line_1_30' title="bbox 576 1766 1805 1813; baseline -0.002 -14"><span class='ocrx_word' id='word_1_162' title='bbox 576 1768 635 1803; x_wconf 88' lang='lat' dir='ltr'><strong>CI.</strong></span> <span class='ocrx_word' id='word_1_163' title='bbox 663 1766 721 1801; x_wconf 89' lang='lat' dir='ltr'><strong>Ad</strong></span> <span class='ocrx_word' id='word_1_164' title='bbox 744 1768 909 1802; x_wconf 84' lang='lat' dir='ltr'><strong>Flaccum</strong></span> <span class='ocrx_word' id='word_1_165' title='bbox 938 1788 1699 1800; x_wconf 80' lang='grc'><strong>....................</strong></span> <span class='ocrx_word' id='word_1_166' title='bbox 1731 1767 1805 1813; x_wconf 80' lang='lat'><strong>659</strong></span> 
     </span>
     <span class='ocr_line' id='line_1_31' title="bbox 557 1820 1807 1867; baseline -0.002 -13"><span class='ocrx_word' id='word_1_167' title='bbox 557 1820 636 1854; x_wconf 93' lang='lat' dir='ltr'><strong>CII.</strong></span> <span class='ocrx_word' id='word_1_168' title='bbox 662 1821 706 1854; x_wconf 92' lang='lat' dir='ltr'><strong>In</strong></span> <span class='ocrx_word' id='word_1_169' title='bbox 721 1820 873 1867; x_wconf 73' lang='lat' dir='ltr'><strong>Lydiam</strong></span> <span class='ocrx_word' id='word_1_170' title='bbox 886 1841 1621 1852; x_wconf 84' lang='lat'><strong>...................</strong></span> <span class='ocrx_word' id='word_1_171' title='bbox 1656 1848 1663 1855; x_wconf 98' lang='lat'><strong>.</strong></span> <span class='ocrx_word' id='word_1_172' title='bbox 1692 1844 1700 1852; x_wconf 92' lang='lat'><strong>.</strong></span> <span class='ocrx_word' id='word_1_173' title='bbox 1731 1823 1807 1866; x_wconf 86' lang='lat'>659</span> 
     </span>
     <span class='ocr_line' id='line_1_32' title="bbox 541 1872 1808 1920; baseline 0.001 -12"><span class='ocrx_word' id='word_1_174' title='bbox 541 1873 638 1908; x_wconf 93' lang='lat' dir='ltr'><strong>CIII.</strong></span> <span class='ocrx_word' id='word_1_175' title='bbox 663 1872 719 1907; x_wconf 88' lang='lat' dir='ltr'><strong>Ad</strong></span> <span class='ocrx_word' id='word_1_176' title='bbox 733 1874 974 1920; x_wconf 88' lang='lat' dir='ltr'><strong>Sophronium</strong></span> <span class='ocrx_word' id='word_1_177' title='bbox 1018 1897 1026 1905; x_wconf 87' lang='lat'><strong>·</strong></span> <span class='ocrx_word' id='word_1_178' title='bbox 1059 1894 1068 1903; x_wconf 89' lang='lat'><strong>·</strong></span> <span class='ocrx_word' id='word_1_179' title='bbox 1099 1900 1108 1907; x_wconf 90' lang='lat'><strong>.</strong></span> <span class='ocrx_word' id='word_1_180' title='bbox 1140 1895 1704 1905; x_wconf 83' lang='lat'><strong>---------------</strong></span> <span class='ocrx_word' id='word_1_181' title='bbox 1735 1877 1808 1909; x_wconf 89' lang='lat'><strong>660</strong></span> 
     </span>
     <span class='ocr_line' id='line_1_33' title="bbox 542 1927 1802 1962; baseline -0.003 0"><span class='ocrx_word' id='word_1_182' title='bbox 542 1927 638 1962; x_wconf 88' lang='lat' dir='ltr'><strong>CIV.</strong></span> <span class='ocrx_word' id='word_1_183' title='bbox 662 1927 706 1960; x_wconf 89' lang='lat' dir='ltr'><strong>In</strong></span> <span class='ocrx_word' id='word_1_184' title='bbox 727 1939 871 1961; x_wconf 84' lang='lat' dir='ltr'><strong>uxorem</strong></span> <span class='ocrx_word' id='word_1_185' title='bbox 893 1948 1700 1959; x_wconf 83' lang='lat'><strong>.....................</strong></span> <span class='ocrx_word' id='word_1_186' title='bbox 1731 1929 1802 1962; x_wconf 88' lang='lat'><strong>661</strong></span> 
     </span>
     <span class='ocr_line' id='line_1_34' title="bbox 560 1979 1810 2016; baseline -0.002 -3"><span class='ocrx_word' id='word_1_187' title='bbox 560 1980 637 2014; x_wconf 93' lang='lat' dir='ltr'><strong>CV.</strong></span> <span class='ocrx_word' id='word_1_188' title='bbox 662 1979 718 2013; x_wconf 88' lang='lat' dir='ltr'><strong>Ad</strong></span> <span class='ocrx_word' id='word_1_189' title='bbox 740 1980 926 2014; x_wconf 88' lang='lat' dir='ltr'><strong>Garricum</strong></span> <span class='ocrx_word' id='word_1_190' title='bbox 973 2000 1699 2011; x_wconf 87' lang='lat'><strong>...................</strong></span> <span class='ocrx_word' id='word_1_191' title='bbox 1731 1981 1810 2016; x_wconf 80' lang='lat'>663</span> 
     </span>
     <span class='ocr_line' id='line_1_35' title="bbox 540 2032 1805 2068; baseline 0.002 -1"><span class='ocrx_word' id='word_1_192' title='bbox 540 2033 636 2068; x_wconf 89' lang='lat' dir='ltr'><strong>CVI.</strong></span> <span class='ocrx_word' id='word_1_193' title='bbox 663 2032 720 2067; x_wconf 88' lang='lat' dir='ltr'><strong>Ad</strong></span> <span class='ocrx_word' id='word_1_194' title='bbox 741 2033 888 2067; x_wconf 82' lang='lat' dir='ltr'><strong>Albium</strong></span> <span class='ocrx_word' id='word_1_195' title='bbox 908 2033 1103 2068; x_wconf 81' lang='lat' dir='ltr'><strong>Maximum</strong></span> <span class='ocrx_word' id='word_1_196' title='bbox 1134 2054 1699 2064; x_wconf 85' lang='grc'><strong>...............</strong></span> <span class='ocrx_word' id='word_1_197' title='bbox 1731 2033 1805 2068; x_wconf 86' lang='grc'><strong>663</strong></span> 
     </span>
     <span class='ocr_line' id='line_1_36' title="bbox 523 2085 1806 2133; baseline 0 -12"><span class='ocrx_word' id='word_1_198' title='bbox 523 2087 636 2121; x_wconf 88' lang='lat' dir='ltr'><strong>CVII.</strong></span> <span class='ocrx_word' id='word_1_199' title='bbox 662 2085 717 2120; x_wconf 89' lang='lat' dir='ltr'><strong>Ad</strong></span> <span class='ocrx_word' id='word_1_200' title='bbox 737 2085 973 2133; x_wconf 87' lang='lat' dir='ltr'><strong>Septicianum</strong></span> <span class='ocrx_word' id='word_1_201' title='bbox 1013 2107 1501 2117; x_wconf 84' lang='grc'><strong>.............</strong></span> <span class='ocrx_word' id='word_1_202' title='bbox 1534 2112 1542 2119; x_wconf 95' lang='grc'><strong><em>.</em></strong></span> <span class='ocrx_word' id='word_1_203' title='bbox 1574 2108 1584 2117; x_wconf 84' lang='grc'><strong>.</strong></span> <span class='ocrx_word' id='word_1_204' title='bbox 1613 2110 1621 2118; x_wconf 91' lang='grc'><strong>.</strong></span> <span class='ocrx_word' id='word_1_205' title='bbox 1655 2110 1662 2117; x_wconf 96' lang='grc'><em>.</em></span> <span class='ocrx_word' id='word_1_206' title='bbox 1693 2109 1701 2117; x_wconf 93' lang='grc'><strong>.</strong></span> <span class='ocrx_word' id='word_1_207' title='bbox 1731 2087 1806 2128; x_wconf 75' lang='grc'><strong>664</strong></span> 
     </span>
     <span class='ocr_line' id='line_1_37' title="bbox 501 2139 1807 2181; baseline -0.005 -6"><span class='ocrx_word' id='word_1_208' title='bbox 501 2140 635 2175; x_wconf 89' lang='lat' dir='ltr'><strong>CVIII.</strong></span> <span class='ocrx_word' id='word_1_209' title='bbox 662 2139 717 2174; x_wconf 85' lang='lat' dir='ltr'><strong>Ad</strong></span> <span class='ocrx_word' id='word_1_210' title='bbox 738 2140 903 2174; x_wconf 88' lang='lat' dir='ltr'><strong>lectorem</strong></span> <span class='ocrx_word' id='word_1_211' title='bbox 934 2160 1701 2171; x_wconf 88' lang='lat'><strong>....................</strong></span> <span class='ocrx_word' id='word_1_212' title='bbox 1731 2141 1807 2181; x_wconf 70' lang='grc'><strong>664</strong></span> 
     </span>
    </p>
   </div>
   <div class='ocr_carea' id='block_1_2' title="bbox 597 2310 1603 2356">
    <p class='ocr_par' dir='ltr' id='par_1_2' title="bbox 597 2310 1603 2356">
     <span class='ocr_line' id='line_1_38' title="bbox 597 2310 1603 2356; baseline 0 -2"><span class='ocrx_word' id='word_1_213' title='bbox 597 2311 786 2356; x_wconf 90' lang='lat' dir='ltr'><strong>FINIS</strong></span> <span class='ocrx_word' id='word_1_214' title='bbox 822 2310 1140 2356; x_wconf 91' lang='lat' dir='ltr'><strong>SECUNDI</strong></span> <span class='ocrx_word' id='word_1_215' title='bbox 1178 2310 1603 2355; x_wconf 86' lang='lat' dir='ltr'><strong>VOLUMINIS.</strong></span> 
     </span>
    </p>
   </div>
  </div>
 </body>
</html>
