1978 3305
415 223 1002 267 EPIGRAMMATUM
1040 224 1162 265 LIB.
1203 224 1256 265 X.

1444 221 1541 282 1'175

783 365 887 419 IV.

602 514 668 542 AD

707 494 1075 542 MAMURRAM.*

202 634 295 688 Qui
323 631 427 692 legis
451 632 756 693 OEdipodem‚
782 631 1129 692 caligantemque
1153 633 1397 693 Thyesten,

271 700 524 757 Colchidas,
551 711 594 745 et
616 701 805 762 Scyllas;
829 702 932 762 quid
957 703 1038 745 nisi
1063 712 1259 746 monstra
1285 703 1423 764 legis?

201 771 318 828 Quid
341 771 417 814 tibi
439 781 588 832 raptus
609 771 765 832 Hylas,
789 771 892 832 quid
912 772 1254 833 Parthenopaeus
1270 809 1281 828 ‚
1310 784 1353 817 et
1379 774 1509 833 Atys?

271 840 390 898 Quid
411 841 488 885 tibi
511 842 726 886 dormitor
748 842 945 903 proderit
965 842 1244 903 Endymion?

200 912 425 955 Exutusve
455 929 565 972 puer
590 914 743 974 pennis
773 912 1046 957 labentibus?
1075 923 1150 957 aut
1177 915 1251 974 qui

207 1029 437 1082 Οἰδιπόδην
464 1036 678 1096 ἀναγνοὺς,
704 1030 1052 1084 σιοτοδινήσακα
1077 1037 1275 1088 Θυεστην,

272 1100 523 1164 Κολχίὸας
505 1124 528 1153 η
557 1108 759 1159 Σκύλλας,
784 1109 827 1148 οὔ
859 1105 1118 1167 πρε-,ἕποντ’
1143 1108 1284 1167 ἑγνως;

207 1167 429 1243 Ᾱρπασθεὶς
451 1175 494 1218 τί
518 1170 557 1217 δ’
585 1178 717 1227 nug,
749 1176 792 1219 τί
818 1171 863 1218 δὲ
889 1176 1208 1235 Παρθενοπαιος,
1235 1172 1289 1219 ἰὸ’
1314 1181 1448 1230 Ατυς,

274 1235 477 1296 Ῠπναλέος
504 1246 545 1288 τί
571 1241 618 1288 ὸέ
641 1249 677 1289 σ’
701 1245 749 1288 αὖ
779 1237 937 1306 Ενδυμί
926 1264 990 1288 ων
1018 1248 1119 1289 ὀνέοι
1131 1264 1142 1300 ;

206 1301 245 1356 H
275 1314 406 1376 πτερὰ
434 1317 654 1376 τηκόμενος
678 1317 752 1359 παὶ
756 1335 773 1366 ς
799 1319 958 1376 Ικαρος,
984 1316 1007 1363 ἢ
1036 1333 1082 1358 συ
1108 1323 1186 1360 παῖ
1230 1320 1270 1360 δ’
1293 1323 1340 1377 ῥα

97 1485 100 1487 Α
185 1438 202 1452 ’
229 1444 290 1476 Ad
317 1444 459 1475 lectorem
496 1443 692 1476 inscribunt
728 1442 808 1476 edd.

123 1489 380 1541 'antiquissimae
397 1508 478 1529 cum
496 1496 626 1541 Delph.

186 1570 238 1574 ——
251 1549 357 1582 Poeta
374 1548 433 1582 hie
454 1548 541 1582 dicit
559 1549 809 1594 epigrammata

135 1615 194 1635 sua
219 1601 360 1635 utiliora
385 1601 547 1634 omnibus
570 1601 723 1634 fabulis:
747 1599 811 1633 do-

134 1654 205 1687 ceri
226 1654 284 1687 hic
301 1666 416 1687 mores
429 1681 438 1696 ‚
457 1662 491 1687 et
508 1654 593 1687 vitia
616 1653 781 1687 dedoceri
798 1665 805 1686 :

135 1714 170 1740 et
203 1719 243 1740 eo
271 1707 467 1740 Mamurras
493 1707 610 1751 fugere
637 1706 674 1739 id
704 1719 811 1751 genus

135 1759 288 1805 scripta,
316 1772 361 1792 ne
388 1772 464 1792 suas
490 1760 583 1793 labes
610 1768 809 1804 agnoscant.

141 1812 257 1845 Rader.
469 1849 471 1851 ¹

195 1877 224 1898 1.
250 1864 316 1914 Qui
345 1865 423 1909 legis
453 1865 667 1910 OEdipodem.
701 1863 810 1897 OEdi-

138 1930 222 1962 pus,
250 1917 315 1962 qui
346 1926 491 1951 matrem
521 1918 686 1951 Jocasten
713 1917 813 1950 duxit

137 1982 282 2003 uxorem
303 1995 311 2011 ‚
347 1979 451 2004 notus
488 1982 530 2003 ex
566 1969 739 2016 Euripide
776 1970 811 2002 in

139 2022 345 2063 Phoenissis3
367 2031 401 2056 et
427 2023 619 2069 Thyestes,
643 2023 703 2069 qui
728 2023 810 2056 cali-

137 2088 222 2121 gans
248 2074 389 2116 dicitur,
412 2085 595 2122 propterea
622 2075 719 2121 quod
736 2103 745 2117 ‚
767 2088 812 2109 ue

140 2127 411 2162 manducantem
428 2129 541 2162 filium
559 2129 625 2162 sibi
641 2129 685 2162 ah
705 2130 812 2162 Atreo

139 2182 246 2214 fratre
257 2182 457 2226 appositum
471 2181 607 2216 videret
618 2207 627 2223 ,
644 2181 702 2214 Sol
721 2182 815 2215 refu·

140 2233 206 2278 git,
225 2241 260 2267 et
279 2232 423 2276 Medea,
443 2235 519 2268 noti
541 2243 622 2268 sunt
646 2247 688 2267 ex
710 2235 813 2268 Euri-

141 2284 241 2330 pide,
268 2294 302 2318 et
325 2286 452 2320 Seneca
480 2297 605 2332 poeta,
633 2296 667 2320 et
695 2287 814 2320 multis

141 2338 227 2372 aliis.
238 2338 290 2371 De
306 2338 420 2383 Scylla
436 2339 516 2374 vide
527 2339 696 2373 Ovidium
708 2341 812 2382 ,Met.

140 2391 324 2431 lih.V111‚
340 2404 360 2434 9
372 2402 399 2424 1.

197 2457 228 2476 2.
253 2443 435 2477 Colchidas.
455 2444 654 2490 Tragoedias
678 2444 721 2478 de
741 2445 814 2477 Me-

141 2494 216 2530 dea.
229 2496 425 2542 —Squlas.
462 2497 561 2530 Hanc
596 2497 689 2538 Nisi,
723 2497 816 2530 illam

141 2549 269 2582 Phorci
286 2549 406 2582 filiam.

198 2602 231 2635 3.
260 2602 378 2647 Rapum
404 2603 520 2648 Hylas.
541 2603 617 2636 Lib.
640 2604 681 2643 V,
707 2603 815 2648 epigi.

144 2666 271 2688 vanl.
291 2676 343 2682 -—-
355 2656 611 2700 Parthenopoeus.
624 2656 730 2688 Filius
744 2656 815 2689 Me-

1254 1352 1269 1367 9

868 1443 976 1487 leagri
995 1451 1029 1475 et
1048 1443 1236 1484 Atalantae,
1250 1444 1388 1489 juvenis
1409 1443 1451 1476 ad
1472 1444 1546 1477 bel-

870 1495 947 1528 lum
976 1495 1185 1529 Thebanum
1218 1497 1394 1542 profectus
1427 1504 1478 1529 est
1514 1505 1548 1529 et

870 1548 1018 1589 occisus,
1034 1549 1171 1590 lib.VI‚
1188 1549 1391 1594 epigramm.
1404 1561 1527 1583 Lxxvu
1538 1575 1547 1590 ,

870 1614 918 1633 vs.
942 1613 958 1633 2
973 1626 983 1641 ‚
1003 1609 1037 1633 et
1055 1601 1115 1634 lib.
1139 1602 1209 1639 IX,
1232 1602 1434 1647 epigramm.
1450 1615 1526 1635 Lvu
1539 1628 1548 1642 ‚

869 1666 918 1686 vs.
942 1654 1036 1686 8.-
1057 1655 1151 1699 Atys.
1172 1655 1251 1688 Lib.
1268 1656 1322 1696 II,
1340 1656 1545 1700 epigramm.

870 1718 1014 1739 Lxxxw.
1032 1707 1122 1740 Puer
1138 1707 1278 1752 Cybelae
1300 1707 1460 1741 dilectus.
1480 1708 1546 1740 Le-

869 1766 958 1803 gunt
977 1760 1080 1806 Atjs,
1110 1759 1206 1805 quod
1230 1761 1321 1793 ferre
1338 1773 1411 1794 non
1432 1769 1548 1805 potest

869 1824 1007 1850 versus,
1031 1813 1142 1857 prima
1164 1812 1202 1845 in
1222 1815 1308 1859 Atys
1326 1814 1442 1855 brevi3
1462 1814 1546 1847 scri-

870 1864 1028 1898 bendum
1055 1878 1138 1911 ergo
1165 1875 1235 1907 est,
1259 1867 1358 1899 Attis.
1376 1860 1462 1905 Ᾰτυς
1482 1879 1546 1898 110-

871 1930 950 1950 men
972 1917 1114 1962 Lydum
1135 1927 1203 1959 est,
1225 1931 1295 1965 quo
1320 1919 1463 1953 nomine
1484 1919 1546 1952 ali-

871 1979 958 2015 quot
969 1970 1090 2016 Lydiae
1102 1984 1199 2017 reges
1213 1973 1326 2005 vus-ati
1342 1981 1432 2005 suut.
1446 1973 1548 2005 Pater

870 2022 984 2068 Lydi,
1016 2037 1033 2056 a
1073 2037 1144 2069 quo
1178 2024 1291 2070 Lydia
1324 2024 1549 2057 denominata

871 2085 938 2118 est,
974 2078 1163 2110 vocabatur
1195 2072 1277 2115 Ᾰτυς
1303 2090 1310 2110 ;
1338 2080 1427 2111 Atti>-
1465 2090 1548 2110 vero

872 2142 1002 2162 nomen
1028 2130 1173 2175 Phrygii
1195 2130 1337 2175 ephebi,
1365 2143 1469 2176 quem
1496 2129 1549 2163 di-

871 2183 958 2215 lexit
976 2192 1087 2216 mater
1108 2184 1222 2216 Deum
1240 2183 1385 2228 Cybele.
1402 2184 1452 2216 Ea
1469 2191 1550 2216 sunt

873 2234 916 2267 (le
935 2236 1067 2280 quibus
1084 2237 1153 2280 jani
1181 2236 1297 2280 ample
1320 2235 1550 2269 disseruimus

874 2288 960 2321 locc.
982 2288 1057 2321 citt.

930 2344 962 2380 4.
984 2341 1145 2373 Dor-miror
1170 2342 1364 2387 Endymion.
1386 2342 1457 2382 Qui
1479 2342 1551 2386 pri-

877 2406 953 2425 mus
964 2394 1072 2426 Luuae
1082 2407 1222 2427 cursum
1233 2394 1445 2435 observavit3
1457 2393 1551 2427 unde

876 2446 1076 2479 fabulantur
1116 2455 1226 2491 poetae
1266 2447 1363 2479 illum
1401 2461 1418 2479 a
1452 2448 1551 2480 Luna

876 2498 979 2531 fuisse
1002 2498 1221 2540 adamatum,
1248 2509 1350 2545 atque
1378 2500 1420 2531 ab
1450 2513 1487 2532 ea
1514 2501 1548 2532 iu

876 2551 999 2584 Latmo
1011 2551 1121 2585 Cariae
1138 2562 1254 2586 monte
1268 2554 1419 2597 sopitum
1435 2553 1554 2591 fuisse,

877 2614 915 2637 ut
935 2617 1014 2637 eum
1035 2614 1150 2650 posset
1169 2604 1353 2638 commode
1371 2606 1530 2639 osculari.

938 2658 967 2690 ὅ.
993 2658 1155 2690 Endon-e
1167 2672 1255 2703 puer.
1288 2659 1424 2692 Icarum
1454 2658 1553 2691 intel-
