1978 3305
445 230 543 263 220

821 216 881 258 M.
903 216 1044 258 VAL.
1086 217 1478 263 MARTIALIS

1028 365 1266 421 XXVI.

614 518 886 548 SCAZONTA

926 519 1119 549 MITTIT
1156 521 1227 550 AD
1265 521 1676 553 APOLLINAREM.

580 646 925 692 APOLLINAREM
949 646 1135 690 conveni
1160 662 1307 690 meum
1322 679 1334 699 ,
1360 646 1528 690 Scazon
1546 681 1557 700 ‚

580 716 638 758 Et
660 716 694 759 si
716 716 914 771 vacabit,
935 732 990 760 ne
1015 716 1224 761 molestus
1246 715 1427 760 accedas
1442 751 1453 772 ‚

583 787 679 829 Hoc
705 784 1044 847 qualecumque,
1070 787 1194 847 cujus
1219 786 1363 848 aliqua
1387 803 1489 848 pars
1514 788 1606 848 ipse
1629 798 1716 841 est,

583 855 721 901 Dabis
745 873 754 899 :
782 856 868 902 hoc
894 857 1085 902 facetum
1111 873 1288 902 carmen
1313 857 1514 902 imbuant
1539 874 1679 903 aures.

582 927 627 970 Si
652 936 696 971 te
721 937 947 988 receptum
975 927 1120 972 fronte
1145 927 1304 972 videris
1330 937 1423 972 tota
1439 963 1451 983 ‚

582 998 702 1042 Noto
725 998 898 1059 rogabis
924 1007 973 1042 ut
995 998 1145 1043 favore
1168 1007 1391 1043 sustentet.

583 1068 762 1125 Quanto
792 1084 987 1112 mearum
1003 1104 1015 1124 ‚
1036 1071 1118 1114 scis
1133 1105 1145 1125 ‚
1170 1084 1320 1113 amore
1345 1085 1566 1130 nugarum

581 1137 754 1200 Flagret
779 1156 788 1182 :
815 1156 897 1184 nec
926 1140 1018 1200 ipse
1045 1138 1143 1201 plus
1170 1155 1316 1184 amare
1343 1149 1386 1184 te.
1412 1156 1604 1201 possum.

583 1210 750 1254 Contra
775 1209 988 1271 malignos
1014 1227 1106 1255 esse
1136 1212 1171 1255 si
1198 1211 1323 1272 cupis
1351 1219 1496 1264 tutus,

581 1279 878 1341 Apollinarem
902 1282 1088 1326 conveni
1113 1298 1283 1338 meum,
1306 1283 1487 1326 Scazon.

495 1418 509 1430 ¹
538 1419 750 1466 Apollinaris
784 1421 843 1455 hic
880 1429 975 1455 extra
1014 1422 1122 1456 aleam

443 1486 587 1519 magnus
600 1474 781 1520 clarusque
793 1475 847 1508 vir
860 1483 955 1515 erat;
972 1475 1001 1509 si
1015 1474 1122 1509 modo

446 1526 473 1560 is
495 1535 545 1560 est
561 1553 569 1566 ,
595 1526 638 1561 ad
657 1540 761 1574 quern
780 1527 936 1562 Secundi
957 1528 1124 1574 leguntur

443 1580 598 1626 epistolae
630 1592 638 1614 ι
675 1580 919 1615 doctissimum
958 1581 1122 1615 eumdem

444 1633 548 1667 fuisse
567 1643 704 1668 constat
721 1647 762 1668 ex
781 1634 850 1668 hoc
867 1634 1036 1674 carmine,
1052 1648 1123 1681 quo

446 1694 592 1720 testatur
609 1687 707 1722 hunc
728 1688 879 1734 aliquam
898 1688 1126 1734 epigramina-

445 1747 522 1772 tum
547 1753 691 1774 suorum
716 1749 851 1787 partem
876 1753 967 1782 esse;
992 1750 1126 1775 monet-

446 1805 516 1838 que
533 1792 739 1828 Scazontem
758 1807 877 1836 suum,
895 1802 934 1828 ut
953 1795 988 1828 in
1007 1795 1125 1828 sinum

447 1846 661 1891 Apollinaris
691 1848 890 1894 confugiat,
918 1847 978 1881 ubi
1011 1856 1125 1882 tutum

446 1899 522 1933 fore
533 1899 663 1933 librum
677 1900 875 1946 pollicetur.
888 1901 932 1934 Et
944 1900 987 1934 de
1000 1914 1040 1934 eo
1056 1902 1126 1946 jam

447 1960 562 1987 actum
583 1953 644 1987 lib.
662 1954 726 1995 IV,
738 1954 850 2000 epigr.
867 1966 1023 1988 Lxxxvn.
1043 1955 1125 1987 Rad.

506 2018 538 2039 1.
573 2005 710 2040 Scazon.
733 2007 865 2041 Scazon
901 2007 1042 2041 Iambus
1078 2016 1128 2041 est

448 2057 667 2101 claudican53
697 2060 735 2093 in
770 2070 866 2095 sexto
902 2061 997 2094 enim
1039 2059 1128 2106 pede

448 2112 598 2157 ponitur
620 2111 814 2158 Spondaeus
834 2126 842 2148 :
873 2113 934 2147 lib.
958 2114 996 2155 1,
1017 2114 1127 2160 epigr.

450 2177 562 2200 xcvn.

505 2232 538 2253 a.
557 2220 606 2252 Et
619 2221 648 2252 .ςὶ
662 2221 792 2253 vacabit
804 2247 813 2261 ,
833 2233 894 2253 non
911 2221 1055 2253 molestus
1073 2232 1128 2254 co·

449 2271 514 2306 dex
533 2272 730 2306 Pulmanni.
742 2295 794 2300 —
805 2274 853 2307 Et
867 2277 896 2306 si
912 2274 1048 2307 vacabit.
1060 2274 1129 2306 Ta·

451 2337 530 2358 men
554 2334 690 2372 tempus
712 2327 861 2361 maxime
885 2335 1129 2373 opportunum

450 2379 613 2424 captabis.
649 2380 776 2413 Vacat-e
810 2380 1043 2426 impersonale
1080 2389 1130 2414 est

451 2431 657 2478 hic.Virgil.
677 2435 754 2467 AEn.
776 2435 813 2476 l,
836 2434 932 2479 372:
959 2452 971 2463 ‹-
991 2433 1023 2467 Ο
1041 2435 1130 2474 Dea,

452 2484 477 2517 si
504 2485 615 2531 prima
642 2495 803 2531 repetens
831 2489 873 2521 ab
895 2487 1030 2533 origine
1052 2499 1130 2533 per·

1180 1434 1279 1468 gam,
1303 1422 1348 1455 Et
1370 1429 1466 1454 vacet
1494 1420 1634 1454 annales
1661 1428 1861 1453 nostrorum

1183 1474 1306 1509 audire
1326 1475 1500 1508 laborum.
1522 1491 1535 1503 ι

1238 1529 1271 1562 3.
1294 1529 1379 1561 Pars
1399 1531 1468 1572 ipsa
1488 1534 1535 1560 est
1556 1524 1763 1560 Beverlaudi
1785 1525 1862 1558 MS.

1182 1603 1235 1609 —-
1262 1581 1361 1626 Cujus
1385 1581 1493 1627 aliqua
1515 1592 1605 1625 pars.
1635 1579 1724 1612 Nam
1753 1578 1864 1611 nostri

1183 1635 1298 1669 Poetae
1313 1646 1437 1667 versus
1455 1631 1663 1667 emendabat
1684 1631 1864 1678 Apollina-

1183 1688 1231 1722 ris
1246 1700 1254 1722 :
1269 1696 1304 1722 et
1318 1687 1437 1722 limam
1451 1685 1639 1725 adhibens,
1657 1683 1846 1718 emendans
1856 1710 1865 1725 ,

1184 1741 1424 1787 interpolans,
1447 1747 1572 1785 partem
1599 1738 1705 1772 habet
1740 1738 1775 1770 in
1810 1737 1866 1770 Ιιοε

1185 1795 1404 1841 qualicumque
1425 1804 1544 1839 opere.

1239 1852 1273 1889 4.
1302 1847 1503 1882 Gronovius
1530 1843 1635 1879 scribi
1662 1842 1787 1889 jussit,
1807 1844 1866 1886 sa-

1185 1908 1272 1934 cetae.
1287 1923 1341 1928 -—
1355 1901 1428 1934 Hoc
1435 1901 1591 1943 facetum.
1609 1895 1798 1939 Quomodo
1811 1897 1868 1939 fiz-

1186 1962 1306 1994 cetum,
1335 1953 1432 2000 quod
1457 1951 1563 1986 modo
1589 1950 1733 1984 vocabat
1757 1950 1867 1995 quale-

1186 2013 1340 2054 cumque?
1361 2007 1417 2040 cui
1440 2004 1617 2039 modestiae
1638 2001 1732 2036 istud
1756 2001 1868 2035 haud·

1187 2073 1365 2106 quaquam
1386 2058 1564 2093 convenit.
1584 2056 1706 2090 Scribe
1722 2056 1842 2098 saceeae
1856 2068 1869 2088 .-

1188 2126 1288 2147 aures
1306 2114 1433 2157 facetos
1460 2119 1561 2145 vocat
1589 2111 1662 2154 ejus
1689 2109 1752 2154 qui
1783 2108 1872 2141 face-

1188 2175 1243 2200 tus
1265 2175 1335 2207 est,
1357 2165 1420 2212 qui
1443 2165 1506 2199 scit
1530 2163 1707 2209 eleganter
1726 2160 1869 2202 audire;

1189 2228 1226 2253 ut
1248 2218 1382 2253 dictum
1409 2227 1459 2252 est
1484 2216 1528 2251 de
1549 2215 1701 2256 Graecis,
1723 2214 1784 2260 qui
1809 2214 1872 2247 soli

1189 2273 1299 2306 audire
1326 2272 1492 2311 scieba11t‚·
1520 2269 1610 2303 nihil
1637 2267 1732 2301 enim
1759 2267 1871 2300 rarius

1190 2335 1251 2360 est.
1276 2327 1342 2359 En.

1246 2380 1278 2414 5.
1304 2380 1396 2412 Tota.
1413 2378 1519 2411 Plane
1535 2376 1610 2410 laeta
1629 2383 1662 2408 et
1681 2373 1843 2419 benigna.

1246 2434 1279 2467 8.
1300 2433 1367 2467 Nec
1387 2435 1453 2478 ipso
1470 2431 1543 2476 plus
1566 2425 1772 2462 Beverlandi
1793 2425 1867 2459 MS.

1246 2502 1279 2531 9.
1299 2487 1378 2520 Essa·
1398 2487 1425 2518 si
1450 2485 1530 2517 voles
1551 2482 1585 2516 iu
1605 2480 1738 2516 eodem.
