1978 3305
793 230 855 271 M.
882 228 1022 272 VAL.
1062 230 1452 280 MARTIALIS„

1006 380 1226 437 XXII.

657 537 711 565 IN
749 536 1075 566 PAEDIGONEM
1116 538 1581 582 MASTURBANTEM,

486 662 678 705 MoLLlA
700 660 818 721 quod
841 661 956 705 nivei
977 660 1088 705 duro
1109 661 1213 705 teris
1235 678 1311 705 ore
1333 661 1478 707 Galesi

555 731 677 774 Basia
695 766 706 787 ,
731 730 850 792 qucd
877 731 997 775 nudo
1026 748 1126 776 cum
1159 732 1414 793 Ganymede
1437 734 1577 794 jaces,

488 802 600 859 Quis
623 811 754 863 negat
780 802 867 846 hoc
894 801 1106 846 nimium?
1130 802 1205 847 sed
1229 804 1284 847 sit
1308 805 1411 848 satis
1438 821 1446 847 :
1478 804 1654 865 inguina
1681 802 1834 850 saltem

557 874 693 916 Parce
716 872 913 917 fututrici
940 872 1172 918 sollicitare
1192 890 1339 918 manu.

490 943 681 987 Levibus
705 944 749 987 in
774 945 920 1005 pueris
943 942 1041 1005 plus
1065 944 1179 999 haec,
1200 960 1330 1005 quam
1350 944 1566 1000 mentula,
1592 955 1765 1006 peccat,
1821 964 1834 987 5

559 1015 617 1057 Et
641 1013 808 1058 faciunt
831 1014 978 1075 digiti,
1003 1015 1364 1076 praecipitantque
1389 1017 1546 1059 virum.

491 1083 600 1127 Inde
626 1093 800 1145 tragus,
826 1083 1074 1146 celeresque
1103 1085 1204 1146 pili,
1224 1085 1509 1146 mirandaque
1534 1088 1662 1130 matri

561 1155 727 1209 Barba,
752 1171 833 1199 nec
857 1156 901 1199 in
928 1155 1044 1199 clara
1070 1155 1225 1200 balnea
1253 1155 1350 1201 luce
1380 1156 1568 1218 placent.

492 1225 651 1269 Divisit
674 1235 832 1270 natura
857 1242 999 1270 mares
1022 1244 1030 1270 :
1058 1243 1158 1288 pars
1186 1244 1273 1271 una
1302 1227 1455 1289 puellis
1470 1263 1482 1284 ,

562 1297 664 1339 Una
687 1297 791 1340 viris
819 1297 964 1358 genita
989 1307 1054 1343 est
1077 1315 1085 1341 :
1114 1308 1237 1342 utere
1265 1308 1389 1360 parte
1416 1309 1503 1343 tua.

479 1446 508 1467 ι.
540 1435 631 1468 Duro
660 1438 733 1468 ter-is
757 1449 820 1468 ore.
859 1436 1023 1471 Barbato.
1046 1457 1099 1464 ——-

427 1487 548 1522 Galesi.
571 1488 691 1522 Pueri.

478 1543 513 1574 6.
550 1541 822 1588 Proecipitantque
854 1543 969 1575 virum.
1011 1543 1102 1576 Ante

424 1602 562 1640 tempus
578 1595 771 1628 accelerant
783 1602 919 1629 aetatem
930 1621 938 1635 ,
958 1595 1081 1629 faciem
1093 1622 1103 1638 ,

426 1654 460 1680 et
475 1659 564 1693 opus
579 1647 691 1681 virile.

482 1713 515 1745 7.
542 1701 686 1745 Trogus,
722 1709 788 1735 etc.
824 1702 972 1743 Hircus,
1002 1701 1105 1735 foetor

426 1753 570 1787 alarum.
585 1754 697 1787 Virus
710 1763 824 1787 autem
838 1754 929 1788 hirci
943 1753 1106 1789 redolent

427 1806 474 1839 illi
493 1806 552 1852 qui
578 1819 653 1840 rem
673 1817 783 1852 agunt
801 1820 984 1842 veneream
999 1833 1009 1849 ‚
1028 1809 1106 1854 qui·

1159 1449 1227 1483 que
1247 1449 1286 1470 ea
1302 1445 1402 1471 aetate
1422 1445 1503 1470 sunt
1522 1449 1600 1482 quae
1619 1437 1750 1470 Veneri
1770 1437 1841 1470 suf-

1160 1490 1252 1530 ficit,
1274 1490 1402 1535 spiritu
1423 1503 1494 1523 nou
1520 1498 1695 1535 coquente
1720 1489 1843 1522 humo-

1161 1556 1237 1577 rem
1249 1569 1258 1585 ,
1278 1551 1318 1576 ut
1333 1543 1370 1576 in
1390 1543 1521 1589 pueris.
1539 1543 1646 1576 Arist.
1665 1542 1841 1576 Problem.

1163 1605 1197 1630 et
1225 1596 1269 1629 ab
1305 1595 1425 1630 eadem
1458 1609 1558 1630 causa
1584 1596 1672 1642 pili,
1695 1595 1844 1629 maxime

1163 1650 1201 1683 in
1221 1649 1307 1683 locis
1325 1650 1338 1683 l
1355 1648 1495 1684 umidis.
1521 1648 1613 1682 Lud.
1636 1648 1762 1684 Caelius
1782 1648 1842 1682 lib.

1164 1703 1216 1744 X,
1239 1715 1315 1749 cap.
1339 1702 1398 1740 54.

1220 1757 1255 1789 8.
1292 1756 1371 1790 Nec.
1412 1756 1466 1790 Ne
1501 1763 1694 1801 appareant
1730 1755 1843 1800 pilosi,

1165 1810 1276 1843 Leves
1294 1808 1409 1843 videri
1429 1809 1620 1854 cupiebant
1630 1809 1789 1843 Veteres.

1014 1944 1265 2000 XXIII.

973 2095 1028 2122 lN
1078 2075 1303 2123 51LAM.⁴‘

498 2221 694 2264 NUBERF.
725 2218 809 2264 Sila
842 2220 947 2264 mihi
980 2219 1097 2264 nulla
1125 2238 1213 2265 non
1239 2220 1333 2283 lege
1365 2231 1515 2282 parata
1549 2232 1637 2271 cst3

571 2290 656 2335 Sed
687 2291 819 2335 Silam
848 2290 967 2335 nulla
992 2291 1152 2336 ducere
1179 2291 1273 2353 lege
1298 2290 1412 2336 volo.

498 2364 650 2418 Quum
681 2371 829 2406 tamen
860 2363 1070 2417 instaret,
1101 2363 1242 2408 decies
1274 2363 1379 2407 mihi
1405 2363 1519 2408 dotis
1544 2364 1586 2407 in
1617 2379 1725 2407 auro

483 2484 495 2497 ”
511 2489 548 2521 In
567 2489 688 2536 Syllam
709 2489 787 2523 Ald.
807 2490 906 2523 Junt.
930 2491 1046 2524 Colin.
1066 2491 1111 2524 Et
1172 2491 1216 2525 Et
1249 2503 1303 2525 eas
1329 2491 1419 2525 infra
1450 2490 1530 2525 vide
1554 2504 1630 2537 quae
1659 2504 1852 2525 enumerat.

428 2542 496 2574 hoc
509 2555 607 2575 more
623 2543 781 2576 scribunt
799 2543 834 2576 in
849 2543 1107 2589 epigrammate.

487 2607 514 2628 1.
539 2596 642 2628 Nulla
664 2609 735 2629 uon.
761 2596 836 2630 Hoc
859 2605 909 2630 est
924 2623 933 2635 ,
953 2597 1106 2642 qualibet

429 2647 464 2681 id
485 2647 689 2683 conditione
717 2649 967 2684 redimendum
992 2650 1020 2682 oi
1052 2651 1105 2683 sit.

1226 2544 1259 2578 3.
1278 2544 1500 2578 DeciesNide
1516 2545 1651 2578 tabulas
1668 2544 1772 2590 primi
1791 2557 1849 2577 vo-

1171 2598 1322 2631 luminis.
1348 2598 1477 2631 En.—
1493 2599 1530 2631 In
1555 2612 1644 2632 anm.
1667 2598 1742 2631 Hoc
1775 2605 1842 2630 cst.

1169 2664 1271 2684 aurea
1294 2660 1454 2690 moneta,
1476 2652 1587 2684 aureis
1610 2651 1773 2684 nummis.
