1978 3305
422 243 1011 289 EPIGRAMMATUM
1047 243 1174 287 LIB.
1215 244 1267 287 V.

1489 241 1548 288 35

281 332 476 393 Quaeque
502 331 616 376 trahi
639 330 778 375 multo
797 345 1018 375 marmora
1037 329 1141 374 fune
1162 329 1295 374 vides.

210 402 325 455 Illud
352 402 496 447 adhuc
524 403 725 463 gravius,
745 399 864 462 quod
894 411 936 446 te
961 409 1062 462 post
1085 399 1202 445 mille
1226 398 1423 457 labores,

279 472 431 529 Paule,
454 482 586 534 negat
605 471 716 517 lasso
733 472 896 532 janitor
920 487 1012 516 esse
1036 470 1168 515 domi.

210 544 363 588 Exitus
382 543 454 588 hic
476 543 620 604 operis
641 543 766 599 vani,
786 540 1032 602 togulaeque
1054 541 1289 595 madenti33

282 614 370 659 Vix
391 615 501 658 tanti
523 611 723 657 Paullum
745 628 873 656 mane
894 612 1041 656 videre
1066 611 1161 656 fuit.

212 685 394 746 Semper
419 683 682 728 inhumanos
709 682 843 726 habet
870 681 1094 726 officiosus
1123 682 1310 737 amicos;

283 756 400 809 Rex,
428 754 509 798 nisi
533 753 788 809 dormieris,
810 768 899 796 non
925 761 1050 813 potes
1079 768 1171 796 esse
1199 768 1332 796 meus.

142 894 285 941 proprie
304 893 537 940 appellantur;
549 892 609 927 hic
624 905 708 926 vero
725 904 820 926 man-

142 947 204 981 dra
221 946 394 993 significat
408 947 552 992 longam
570 946 750 979 mulorum
765 957 819 979 se-

141 1001 232 1033 riem
251 1008 287 1034 et
306 998 584 1034 multitudinem.
601 999 729 1033 Juven.
745 997 816 1032 Sat.

143 1065 209 1095 111,
228 1055 343 1086 stantis
360 1054 499 1087 convicia
519 1052 670 1086 mandroe.
683 1073 736 1080 —-
749 1051 818 1084 Bo-

142 1107 250 1149 laeus,
277 1106 348 1140 Sat.
376 1118 430 1146 VI,
450 1118 500 1139 vs.
524 1105 570 1140 50
591 1118 666 1151 sqq.
693 1103 820 1139 similia

143 1158 234 1193 dixit
250 1171 258 1192 :

146 1220 178 1244 El
191 1228 259 1252 pour
278 1220 390 1244 surm-ott
404 1219 435 1244 de
449 1227 523 1243 maux
533 1237 540 1248 ,
557 1227 592 1242 un
608 1224 662 1243 sort
676 1216 819 1242 maleucon-

217 1272 292 1290 treux

145 1312 261 1337 Conduit
278 1321 309 1337 en
325 1318 366 1338 cet
379 1313 481 1338 endroit
495 1321 530 1337 un
549 1312 628 1346 grand
643 1317 772 1345 tmupeau
789 1310 820 1334 de

213 1357 296 1384 boeuss
308 1370 314 1383 ε

143 1405 251 1430 chacun
279 1405 388 1440 pretend
415 1414 518 1439 panem
544 1404 598 1429 l'un
615 1405 695 1438 mugi:
705 1423 712 1434 ,
727 1403 819 1428 1¹autre

212 1452 272 1485 jure
284 1462 290 1475 e

144 1498 195 1522 Dcs
219 1497 312 1522 maleta
337 1507 369 1522 en
389 1504 501 1523 sormunt
523 1503 690 1532 augmentent
706 1496 730 1521 le
750 1505 817 1521 mur-

214 1553 298 1568 mure.

146 1591 262 1616 Aussitcn
278 1597 335 1615 cem
351 1591 464 1616 chevaux
480 1592 541 1616 dans
554 1590 578 1614 la
592 1589 660 1615 foule
673 1589 791 1624 appele's,

146 1639 181 1661 De
193 1636 339 1662 l'embarras
352 1638 398 1671 qui
413 1638 479 1662 croit
495 1637 604 1661 ferment
621 1636 658 1661 les
677 1636 773 1661 de'ffles.

201 1690 235 1722 8.
260 1689 403 1736 Quaeque
424 1689 527 1728 trahi,
551 1695 617 1721 etc.
639 1686 695 1720 Ad
712 1687 818 1721 fabri-

145 1753 220 1774 cam
240 1741 456 1775 excitandam
485 1740 611 1775 attrahi
630 1740 819 1780 machinis,

144 1794 380 1840 trochleisque
406 1807 484 1828 saxa
512 1792 623 1827 vides.
650 1815 702 1819 —
729 1794 763 1826 F
762 1807 821 1826 une

145 1847 246 1881 vides.
275 1847 450 1881 Machinis
463 1872 473 1888 ,
496 1847 552 1880 vel
577 1846 750 1892 plaustris.
770 1846 821 1879 Ut

145 1900 307 1934 Juvenal.
326 1900 428 1934 Satir.
449 1912 518 1942 111,
539 1912 591 1933 vs.
613 1899 699 1933 255.
720 1897 821 1932 Idem

147 1954 300 1995 Bolaeus,
315 1952 392 1987 ead.
408 1961 471 1987 sat.
487 1965 536 1986 vs.
560 1953 605 1998 37
623 1963 631 1985 :

148 2022 183 2046 [ὁ
194 2022 221 2055 je
233 2029 324 2046 trouve
339 2031 389 2046 une
403 2022 474 2046 croix
488 2021 519 2046 de
533 2021 634 2046 funeste
648 2021 753 2054 presage
765 2031 771 2051 ;

148 2070 179 2093 Et
189 2069 233 2093 des
242 2076 381 2093 couvreurs
393 2068 506 2101 grimpds
516 2076 546 2092 nn
557 2067 619 2092 haut
629 2069 705 2092 d'une
716 2068 812 2092 maison

148 2117 187 2141 En
200 2115 256 2139 font
268 2114 388 2148 pleuvoir
398 2114 516 2139 l'ardoise
528 2121 552 2139 et
564 2114 588 2139 la
601 2114 664 2139 mile
677 2114 690 2138 ἐι
702 2115 796 2139 foisou.

148 2161 186 2186 Lh
203 2171 247 2187 sur
263 2171 313 2186 une
329 2162 454 2186 chartette
467 2170 518 2185 une
530 2168 622 2195 ponti-e
635 2161 771 2186 branlame

148 2209 227 2233 Vient
236 2217 353 2233 menacer
359 2217 391 2233 au
401 2207 457 2233 loin
468 2207 490 2232 la
499 2207 568 2233 foule
576 2207 670 2241 qu'elle
681 2214 826 2241 nugmcnte.

160 2277 175 2281 “
207 2280 263 2301 ῐο.
281 2267 392 2312 Negat
411 2267 503 2301 lasso.
524 2265 625 2300 Idem
648 2266 739 2301 dixit
758 2267 820 2301 lib.

151 2320 186 2353 II
198 2345 207 2361 ‚
225 2320 334 2365 epigr.
352 2333 386 2353 v.

209 2385 222 2405 1
236 2385 266 2406 1.
284 2374 400 2405 Exitus
416 2373 486 2405 Ιιὶηε
501 2372 581 2406 Ald.
594 2373 692 2407 Junt.
711 2373 823 2407 Colin.

151 2424 289 2471 Gryph.
320 2433 386 2459 etc.
418 2426 536 2458 Exitus
567 2427 616 2458 hic
640 2426 825 2459 Pulmanni

151 2477 272 2511 codex.
291 2500 343 2504 -—
362 2478 535 2511 Madentis.
558 2478 688 2511 Nimbo
701 2506 710 2520 ‚
732 2480 827 2519 luto,

879 889 1008 925 sudore
1039 890 1215 925 diffluenti
1245 892 1292 924 ob
1319 891 1464 937 longum
1490 893 1555 927 iter

879 952 913 978 et
936 942 1101 978 arduum.

935 1009 994 1031 12.
1023 997 1089 1030 Via:
1113 998 1214 1037 tanti,
1245 1004 1310 1030 etc.
1341 997 1411 1030 Vix
1443 998 1552 1032 susci-

877 1049 1028 1096 piendus
1049 1049 1094 1083 sit
1124 1049 1222 1082 labor
1245 1058 1381 1093 tantus,
1401 1050 1504 1083 etiam
1525 1052 1552 1085 si

877 1110 1014 1136 certum
1029 1109 1118 1136 esset
1132 1110 1167 1136 te
1179 1101 1277 1135 domi
1292 1111 1359 1137 tuae
1372 1111 1553 1148 repertum

877 1155 935 1189 iri.
953 1177 1005 1181 —
1020 1155 1057 1187 V
1054 1158 1087 1188 ι’,ι-
1109 1158 1200 1188 tanti.
1217 1155 1288 1189 Vix
1313 1155 1553 1202 suscipiendus

877 1217 965 1242 esset
989 1216 1104 1242 tantus
1129 1208 1250 1245 labor,
1278 1208 1413 1242 etiamsi
1439 1218 1553 1244 certus

877 1274 987 1295 essem
1000 1269 1032 1294 te
1046 1259 1144 1294 domi
1155 1261 1313 1295 futurum
1326 1275 1336 1304 ;
1350 1274 1455 1308 quam
1470 1274 1552 1308 ergo

877 1314 1021 1348 moleste
1038 1314 1163 1353 feram,
1179 1323 1258 1359 post
1271 1323 1323 1348 tot
1334 1315 1470 1348 labores
1486 1314 1550 1348 do-

878 1367 926 1400 mi
945 1379 1018 1400 non
1039 1367 1194 1412 reperire
1211 1375 1264 1409 te,
1278 1366 1411 1413 judices
1432 1368 1550 1402 velim.

934 1420 989 1453 13.
1010 1419 1137 1465 Semper
1147 1420 1341 1454 inhumanos.
1360 1421 1551 1454 Conclusio

875 1472 1036 1517 gnomica
1049 1484 1057 1505 :
1071 1485 1142 1518 quo
1152 1472 1342 1507 officiosior
1352 1473 1474 1515 cliens,
1482 1474 1550 1507 hoe

875 1525 1102 1559 inhumanior
1113 1534 1294 1571 patronus.
1302 1546 1354 1554 ·—-
1364 1525 1549 1571 Officiosus.

878 1578 949 1619 Qui
968 1587 1018 1612 est
1039 1578 1213 1612 officiosus
1226 1605 1234 1621 ,
1253 1579 1360 1624 vulgo
1379 1588 1429 1613 est
1441 1579 1551 1613 homo

875 1631 1074 1665 forensibus
1100 1631 1226 1665 officiis
1250 1632 1470 1678 negotiisque
1489 1632 1551 1666 de-

876 1683 970 1718 ditus
982 1710 991 1725 ‚
1013 1684 1142 1729 quique
1163 1683 1249 1718 adeo
1267 1684 1365 1718 domi
1381 1698 1450 1719 suae
1468 1698 1550 1719 raro

877 1745 950 1779 est,
973 1737 1035 1783 qui
1052 1749 1188 1771 summo
1207 1750 1309 1771 mane
1328 1737 1444 1771 forum
1464 1737 1549 1772 adit.

878 1789 934 1824 Sic
949 1790 1135 1831 Horatius,
1147 1790 1208 1823 lib.
1227 1791 1263 1832 I,
1279 1791 1381 1836 epist.
1399 1804 1434 1836 7,
1451 1799 1551 1825 vocat

878 1855 1021 1888 operam
1036 1843 1211 1876 forensem
1228 1851 1262 1876 et
1275 1844 1432 1877 laborem
1453 1861 1466 1873 «ι
1476 1844 1551 1877 offi-

879 1896 1009 1930 ciosam
1039 1895 1260 1930 sedulitatem
1280 1914 1310 1930 n.
1337 1896 1384 1930 Et
1415 1895 1549 1930 ibidem

885 1967 899 1979 ‹-
913 1947 1028 1982 redire
1047 1950 1089 1982 ab
1108 1948 1234 1982 officiis
1250 1966 1263 1978 n
1289 1949 1391 1995 ponit
1412 1962 1478 1995 pro
1497 1962 1552 1983 re-

880 2002 971 2035 verti
981 2014 998 2035 a
1009 2001 1086 2035 foro
1099 2010 1133 2035 et
1145 2000 1301 2035 dicendis
1312 2002 1432 2035 causis.
1447 2003 1554 2035 Paul-

880 2055 935 2088 lus
958 2063 1075 2090 autem
1101 2055 1165 2088 iste
1191 2053 1386 2088 causidicus
1410 2055 1555 2100 insignis

883 2115 977 2148 erat,
1005 2116 1041 2142 et
1061 2106 1162 2141 valde
1187 2108 1336 2154 negotiis
1361 2107 1553 2141 intricatus.

884 2161 1001 2194 Rader.

943 2218 1000 2255 14.
1019 2214 1086 2247 Rex
1099 2240 1107 2253 ,
1124 2215 1195 2246 nisi.
1212 2213 1245 2246 Si
1263 2213 1360 2259 cupis
1373 2225 1445 2246 esse
1459 2225 1558 2246 meus

886 2275 1056 2313 patronus
1070 2279 1130 2299 seu
1148 2265 1311 2298 dominus
1325 2291 1333 2306 ‚
1354 2264 1469 2299 dormi
1482 2274 1559 2299 tan-

885 2321 1013 2365 tisper,
1041 2319 1153 2352 donec
1181 2319 1367 2352 salutatum
1393 2328 1426 2352 te
1455 2318 1560 2351 adve-

886 2373 991 2406 niamr
1007 2372 1070 2405 His
1086 2371 1201 2404 verbis
1218 2372 1334 2404 innuit
1346 2381 1448 2417 poeta
1464 2372 1563 2405 Paul-

886 2426 960 2458 lum
980 2437 1116 2458 summo
1134 2437 1237 2457 mane
1254 2425 1369 2466 exire,
1386 2433 1424 2458 ut
1441 2433 1474 2458 et
1488 2424 1562 2471 ipse

888 2478 972 2511 alios
989 2477 1161 2511 salutaret.
1175 2477 1253 2510 Lib.
1266 2478 1317 2519 ΙΙ,
1333 2478 1442 2522 epigr.
1454 2490 1563 2512 xvnr.
