1978 3305
203 410 319 487 M.
365 409 518 486 VA
534 411 625 487 L.

688 408 1385 488 MARTIALIS

92 606 1500 722 EPIGRAMMATUM

526 838 818 904 LIBER
875 799 1058 904 vm.

351 1143 769 1186 IMPERATORI
807 1144 1207 1189 DOMITIANO
1222 1144 1234 1159 ¹

179 1257 386 1287 CAESARI
423 1256 710 1291 AUGUSTO,
753 1257 1113 1299 GERMANICO,
1151 1245 1404 1301 DACICO‚²

440 1350 648 1372 VALERIUS
677 1351 916 1372 MARTIALIS
945 1351 1155 1374 SALUTEM.

92 1434 322 1513 OMNES
348 1463 523 1525 quidem
550 1462 682 1508 libelli
707 1465 817 1519 mei,
843 1464 1018 1509 domine
1030 1466 1218 1526 ‚quibus
1243 1476 1291 1510 tu
1315 1468 1502 1527 famam,

88 1535 133 1580 id
154 1545 242 1590 est,
259 1536 394 1579 vitam
409 1534 585 1591 dedisti,
599 1534 677 1579 tibi
691 1534 963 1596 supplicant
989 1545 1032 1579 et
1040 1546 1194 1598 7,Ρυῒο
1214 1549 1395 1600 propter
1418 1541 1503 1586 hoc

89 1596 324 1667 leguntur.³
346 1606 429 1650 Hic
450 1615 620 1660 tamen,
643 1606 718 1666 qui
743 1607 887 1666 operis
914 1608 1052 1650 nostri
1080 1609 1277 1653 Octavus
1301 1610 1502 1655 inscribi-

90 1686 182 1732 tur,
208 1678 435 1721 occasione
466 1675 663 1737 pietatis⁴
685 1675 953 1754 frequentius
982 1677 1154 1722 fruitur
1182 1680 1330 1725 Minus
1358 1682 1503 1742 itaque

89 1747 263 1808 ingenio
283 1746 570 1791 laborandum
587 1746 705 1800 fuit
696 1764 740 1790 in
761 1747 884 1807 cujus
903 1739 1066 1792 locu1n⁵
1085 1751 1264 1794 materia
1286 1767 1502 1797 successe-

91 1827 188 1862 rat:
211 1834 342 1878 quam
374 1818 548 1878 quidem
580 1811 793 1862 subinde
820 1818 1003 1879 aliqua
989 1836 1192 1879 jocorum
1217 1822 1405 1866 mixtura
1431 1840 1503 1866 v-a

134 1972 160 1993 1.
172 1959 321 2004 Epistola
330 1958 376 1991 ad
382 1959 600 1991 Domitianum
612 1957 768 1991 Caesarem

89 2011 297 2046 Beverlandi
327 2011 401 2045 MS.
426 2010 609 2058 praefixum
636 2011 767 2053 habet;

90 2065 172 2099 inde
187 2066 276 2099 hoc:
291 2066 479 2111 Imperatori
487 2065 684 2104 Domitiano,
700 2073 765 2099 etc.

91 2117 188 2164 quod
211 2122 247 2151 in
265 2117 345 2152 edd.
366 2125 452 2151 vett.
478 2118 692 2164 principium
716 2127 766 2152 est

90 2171 266 2217 Epistolae.

149 2237 183 2257 2.
202 2225 307 2257 Dacio
326 2223 363 2256 in
385 2222 467 2257 edd.
486 2224 762 2263 vett.—Dacico‚

93 2278 163 2311 sive
176 2302 186 2317 ‚
206 2284 245 2310 ut
267 2276 340 2318 alii,
364 2277 480 2309 Dacio.
505 2276 639 2322 Saepius
658 2289 766 2322 supra

93 2329 138 2364 de
165 2329 220 2363 his
260 2329 461 2363 nominihus
498 2338 624 2363 actum.
660 2330 765 2363 Hunc

92 2395 176 2417 vero
197 2382 350 2422 librum,
372 2382 408 2415 in
430 2394 499 2427 quo
524 2383 656 2416 nullam
691 2383 766 2416 fore

91 2437 282 2470 verborum
297 2435 474 2468 licentiam
488 2435 686 2480 profitetur,
696 2437 765 2468 Do-

93 2489 240 2523 mitiano
258 2486 422 2521 dedicat:
448 2500 567 2521 omnes
588 2496 705 2522 autem
725 2488 766 2521 li-

93 2542 175 2576 bros
208 2553 289 2575 suos
318 2540 474 2574 victuros
500 2549 633 2586 sperat,
670 2540 766 2586 quod

95 2595 187 2628 illius
206 2606 334 2627 nomen
353 2594 539 2627 celebrent.

151 2647 183 2681 3.
200 2648 358 2691 Legenmr
374 2646 410 2679 in
429 2655 510 2680 vett.
535 2645 615 2680 edd.

882 1963 913 1999 4.
936 1959 1110 1993 Occasione
1129 1964 1270 2006 pietatis.
1305 1964 1504 2009 Argumen-

828 2020 903 2045 tum
921 2012 980 2045 hic
999 2013 1088 2046 liber
1111 2015 1200 2058 petit
1223 2027 1240 2048 a
1266 2023 1323 2049 tua
1348 2017 1476 2063 pietate
1492 2045 1501 2059 ‚

828 2073 930 2110 atque
952 2078 970 2098 a
992 2066 1061 2099 tuis
1080 2066 1256 2110 victoriis,
1279 2078 1343 2103 etc.
1364 2092 1415 2095 —
1434 2073 1504 2104 Aut

825 2118 946 2163 pezius
962 2119 1178 2165 frequentius
1188 2123 1384 2155 occasiones
1400 2123 1505 2156 habet

825 2172 952 2216 quibus
965 2184 1061 2206 suam
1081 2185 1161 2218 erga
1179 2181 1213 2207 te
1228 2175 1393 2220 pietatem
1411 2177 1504 2209 testi-

826 2224 961 2258 ficetur.
973 2226 1021 2259 Ea
1037 2226 1130 2259 enim
1147 2227 1181 2259 vi
1198 2235 1247 2260 est
1263 2240 1329 2261 vox
1342 2231 1445 2272 pietas
1464 2239 1504 2264 ut

825 2278 1002 2311 caritatem
1026 2279 1132 2312 simul
1157 2288 1191 2312 et
1211 2282 1440 2314 reverentiam
1461 2283 1504 2315 si-

823 2330 985 2376 gnificet,
1016 2331 1122 2365 modo
1147 2333 1211 2365 filii
1243 2334 1279 2366 in
1309 2343 1470 2379 parentes
1492 2362 1502 2378 ‚

823 2382 930 2416 modo
953 2385 1071 2417 uxoris
1089 2385 1125 2416 in
1148 2386 1310 2419 maritum
1324 2411 1333 2426 ‚
1357 2400 1447 2434 saepc
1467 2398 1502 2422 et

826 2437 983 2469 omnium
1003 2436 1038 2469 in
1055 2438 1297 2483 imperantem.
1319 2440 1385 2474 ΕΙ).

883 2490 915 2522 5.
934 2490 973 2522 ln
990 2491 1077 2533 cujus
1092 2490 1201 2524 locum.
1218 2492 1352 2538 Amplae
1367 2493 1500 2541 quippe

827 2542 978 2575 materiae
999 2543 1104 2576 verba
1120 2557 1191 2577 non
1213 2544 1350 2579 desunt.

882 2597 915 2626 6.
939 2595 1096 2638 Quoniam
1119 2597 1197 2641 quid
1219 2599 1348 2631 subinde
1375 2601 1500 2635 Bever-

827 2646 921 2680 laudi
947 2647 1053 2682 codex
1073 2662 1177 2683 manu
1194 2651 1352 2697 scriptus.
