1978 3305
376 215 958 258 EPIGRAMMATUM
996 217 1120 258 LIB.
1168 215 1223 258 X.

1400 213 1498 276 539

236 302 293 344 Et
319 299 423 343 nihil
449 310 666 345 extremos
690 301 877 362 perdidit
901 311 1001 344 ante
1028 318 1168 363 rogos.

167 372 373 430 Quinque
398 369 518 415 dedit
541 387 720 432 pueros,
746 371 925 416 totidem
947 371 1053 416 mihi
1077 374 1191 415 Juno
1217 371 1380 432 puellas
1400 389 1407 414 :

240 439 502 485 Clauserunt
525 457 676 485 omnes
697 441 857 486 lumina
884 451 1030 486 nostra
1054 458 1221 486 manus.

169 511 363 572 Contigit
385 520 428 554 et
450 510 629 555 thalami
654 511 759 555 mihi
786 511 924 572 gloria
950 527 1070 566 rara,
1094 512 1260 573 fuitque

240 582 341 624 Una
367 581 582 641 pudicitiae
610 580 802 624 mentula
827 591 929 625 nota
955 598 1076 625 meae:

99 726 255 764 pretatur
275 718 428 751 Raderus
444 731 483 751 ex
506 717 678 751 Politiano
694 729 702 750 ε
718 716 774 750 Bis

98 770 190 804 ludis
206 771 439 804 Saecularibus
455 770 617 810 interfui,
633 768 774 803 Claudii

99 823 344 869 Imperatoris,
365 823 426 868 qui
446 830 524 855 sunt
546 822 710 856 celebrati
731 823 774 855 ab

99 877 197 909 Urbe
219 874 358 909 condita
378 878 448 910 800
466 875 583 916 annis,
597 883 631 908 et
653 875 774 908 Domi-

99 928 204 966 tiani,
223 928 265 961 ab
281 929 378 961 Urbe
394 927 535 962 condita
550 930 637 966 841.
654 927 778 961 Sueto-

98 981 179 1014 nius
198 981 233 1014 in
254 981 401 1014 Claudio
417 993 492 1026 cap.
519 992 576 1014 21.
603 998 616 1010 «
631 981 727 1014 Fecit
742 989 775 1014 et

99 1033 284 1068 Saeculares
295 1060 304 1074 ,
319 1034 415 1079 quasi
427 1033 634 1079 anticipatos
651 1034 694 1067 ab
707 1035 776 1066 Au·

100 1095 200 1132 gusto
213 1113 222 1129 ,
238 1099 303 1119 nec
322 1086 477 1132 legitimo
496 1086 645 1132 tempori
663 1099 773 1120 reser-

98 1147 196 1172 vatos
211 1157 224 1168 n
239 1164 249 1180 ‚
277 1148 342 1172 etc.
379 1141 420 1172 [n
453 1139 655 1172 Domitiano
689 1152 773 1172 vero

99 1204 175 1238 cap.
200 1199 233 1232 4.
256 1209 269 1221 ι
285 1192 381 1225 Fecit
393 1201 426 1225 et
444 1191 547 1225 ludos
567 1192 752 1226 Saeculares
765 1219 773 1233 ‚

100 1252 300 1290 computata
328 1245 465 1278 ratione
492 1253 709 1291 temporum,
732 1246 774 1278 ab

101 1310 293 1340 anno,n0n
315 1310 385 1342 quo
406 1297 573 1331 Claudius
591 1298 749 1343 proxime
765 1324 774 1340 ‚

99 1349 159 1383 sed
181 1362 251 1395 quo
273 1350 358 1382 olim
377 1351 549 1395 Augustus
572 1350 742 1384 ediderat.
756 1369 769 1380 u

104 1404 254 1442 Ter-entus
273 1410 404 1442 autem,
422 1402 466 1436 de
485 1416 555 1449 quo
570 1405 640 1449 jam
657 1404 717 1437 lib.
737 1405 753 1436 I
765 1428 774 1439 ‚

100 1455 209 1501 epigr.
245 1468 328 1497 Lxx,
360 1456 456 1489 locus
487 1465 561 1489 erat
594 1457 629 1490 in
652 1469 775 1502 campo

832 717 960 755 Martio
987 717 1129 763 insignis
1161 718 1289 763 templo
1324 719 1432 761 Ditis,
1462 719 1504 753 ad

832 771 929 815 cujus
955 781 1049 803 aram
1073 768 1164 803 ludis
1183 770 1415 805 Saecularibus
1440 771 1505 805 im-

834 822 1054 856 molabantur
1083 822 1243 856 victimae.

889 879 921 915 4.
952 875 1001 907 Et
1026 876 1124 916 m‘lu'l,
1159 884 1225 909 etc.
1252 876 1297 909 Et
1323 876 1394 910 vita
1417 877 1503 910 mihi

834 928 1024 974 permansit
1051 928 1186 962 sincere
1213 928 1294 961 felix
1314 928 1357 961 ad
1374 929 1505 963 exitum

834 993 964 1026 usque,
988 993 1105 1014 amore
1122 981 1238 1014 mariti
1258 990 1502 1028 natorumque.

889 1034 922 1067 5.
943 1034 1038 1067 Jan0.
1064 1034 1151 1075 Quae
1175 1033 1337 1079 praesidet
1356 1047 1503 1081 puerpea

834 1087 918 1127 riis,
947 1087 1094 1120 Lucina.
1260 1106 1263 1108 -

887 1142 920 1172 6.
960 1139 1169 1180 Clauserunt,
1200 1148 1265 1173 etc.
1294 1140 1426 1173 Omnes
1454 1141 1505 1174 illi

832 1192 920 1225 mihi
951 1193 1113 1226 morienti
1145 1192 1347 1238 superstites
1376 1194 1507 1227 clause·

833 1253 916 1278 runt
949 1246 1080 1278 oculos.
1100 1244 1223 1291 :quod
1261 1254 1334 1278 erat
1359 1247 1508 1279 maxime

834 1299 1116 1344 propinquorum
1138 1298 1307 1332 officium.
1332 1299 1421 1332 Plin.
1444 1299 1505 1333 lib.

836 1352 911 1392 XI,
942 1363 1016 1397 cap.
1049 1352 1109 1396 37.

889 1416 922 1449 7.
943 1405 1079 1451 Fuc‘tqae
1097 1404 1178 1437 Una.
1190 1404 1297 1437 Unici
1315 1405 1429 1438 mariti
1444 1417 1509 1451 pu-

835 1455 913 1490 dica
934 1466 968 1491 et
982 1465 1100 1491 sancta
1123 1457 1173 1490 fui
1193 1458 1332 1503 conjux.

689 1594 919 1650 LXIV.

625 1752 693 1780 AD
733 1751 976 1780 POLLAM.

171 1875 464 1917 CoN‘mGERls
492 1875 641 1934 regina
663 1890 783 1918 meos
809 1875 841 1918 si
873 1873 994 1918 Polla
1019 1874 1211 1929 libellos,

241 1943 342 1987 Non
370 1944 520 1987 tetrica
545 1954 717 1989 nostros
742 1945 891 2006 excipe
918 1945 1061 1990 fronte
1084 1946 1218 2007 jocos.

171 2012 249 2057 Ille
273 2023 371 2057 tuus
395 2023 537 2069 vates,
563 2015 783 2059 Heliconis
808 2015 944 2077 gloria
967 2018 1129 2070 nostri,

241 2085 380 2128 Pieria
409 2095 584 2129 caneret
613 2102 745 2146 quum
781 2086 870 2130 fera
898 2085 1010 2129 bella
1042 2087 1171 2139 tuba,

161 2228 173 2248 1
183 2241 190 2249 .
207 2216 336 2258 Sisorte
351 2217 472 2250 libellos
487 2218 570 2263 legit
583 2218 772 2252 Palatinus,

101 2269 268 2301 -Polta.
282 2270 333 2303 De
351 2282 418 2315 qua
436 2279 469 2304 et
484 2272 625 2305 Lucano
641 2270 775 2305 dictum

102 2322 162 2354 lib.
185 2322 276 2362 VII,
298 2323 500 2368 epigramm.
527 2336 585 2356 xx1
617 2332 650 2357 et
681 2336 772 2357 xxn.

101 2374 269 2420 Reginam
309 2383 410 2408 vocat
443 2387 485 2409 eo
530 2388 630 2409 sensu
652 2401 661 2415 ,
703 2389 774 2422 quo

101 2427 247 2460 clientes
265 2440 344 2461 suos
363 2436 530 2473 patronos
554 2429 775 2475 appellabant

102 2492 211 2525 reges.

158 2532 189 2565 3.
213 2533 373 2565 Heliconis
391 2536 500 2566 nostri.
523 2535 597 2568 Hoc
615 2544 683 2575 est,
713 2536 775 2568 La-

104 2586 185 2618 tinae
206 2598 347 2630 poeseos
363 2585 480 2619 decus.

159 2643 190 2678 4.
209 2639 292 2671 Feta
312 2638 403 2673 bella.
417 2640 464 2672 Ea
482 2652 607 2686 nempe
627 2654 702 2686 quae
725 2649 772 2673 tot

835 2227 869 2251 et
885 2219 1040 2252 historiis
1056 2227 1089 2252 et
1104 2220 1324 2264 poematibus
1338 2220 1509 2255 celebrata

834 2280 931 2311 sunt,
952 2271 1042 2304 inter
1072 2272 1279 2318 Pompeium
1311 2282 1345 2307 et
1374 2274 1507 2308 Julium

835 2324 1004 2357 Caesarem
1028 2337 1036 2357 :
1069 2340 1081 2351 «
1104 2325 1198 2358 Bella
1224 2339 1286 2371 per
1317 2328 1511 2361 AEmathios

835 2377 1018 2422 plusquam
1032 2377 1146 2411 civilia
1157 2390 1299 2424 campos
1309 2405 1318 2420 ‚
1328 2379 1509 2415 Certatum

835 2438 868 2463 et
897 2430 977 2463 totis
1007 2432 1165 2464 concussi
1187 2431 1320 2466 viribus
1345 2434 1441 2467 orbis
1464 2435 1506 2467 In

834 2495 1020 2516 commune
1047 2484 1157 2519 nefas.
1182 2484 1385 2531 infestisque
1406 2487 1509 2520 obvia

834 2535 938 2581 signis
960 2535 1062 2582 Signa
1075 2562 1084 2576 ‚
1102 2550 1200 2582 pares
1221 2538 1363 2583 Aquilas
1379 2547 1411 2572 et
1434 2540 1508 2572 Pila

834 2589 1004 2621 minantia
1028 2589 1121 2624 Pilis.
1145 2609 1157 2620 »ι
1178 2586 1330 2634 (Lucan.
1356 2592 1508 2626 Phar-sal.

834 2642 893 2675 lib.
917 2643 952 2681 I,
976 2655 1025 2675 vs.
1054 2643 1106 2681 1.)
