1978 3305
374 239 953 284 EPIGRAMMATUM
991 240 1114 283 LIB.
1139 239 1285 282 VIII.
1433 237 1531 298 329

718 382 948 441 XLIII.

406 543 461 571 IN
499 542 701 571 FABIUM
738 542 799 570 ET
836 519 1258 570 CHRESTILLAM.*

199 668 383 710 EFFERT
405 681 562 708 uxores
583 663 739 707 Fabius
755 698 767 718 ,
793 661 1024 707 Chrestilla
1049 663 1249 716 maritos;

267 738 594 795 Funereamque
617 735 722 778 toris
745 743 920 793 quassat
943 742 1125 792 uterque
1151 732 1303 776 facem.

198 807 397 850 Victores
419 806 666 860 committe,
683 805 834 848 Venus
858 820 867 846 :
889 819 999 864 quos
1021 803 1100 846 iste
1121 802 1313 846 manebit

264 876 439 931 Exitus,
461 891 546 918 una
571 875 680 918 duos
701 884 750 917 ut
775 874 963 919 Libitina
983 873 1105 917 ferat.

914 1019 948 1052 3.
980 1019 1122 1051 Victores
1153 1020 1249 1050 mittit
1283 1017 1390 1049 Venus
1418 1016 1531 1051 codex

861 1071 1019 1104 Florent.
1033 1093 1084 1097 —
1101 1071 1256 1103 Victores.
1274 1070 1340 1103 Fac
1357 1077 1395 1103 ut
1411 1072 1532 1103 matri-

858 1124 978 1157 monio
992 1124 1108 1169 juncti
1125 1123 1227 1156 simul
1246 1122 1532 1168 congrediantur,

858 1177 985 1210 Fabius
1025 1175 1168 1222 quidem
1212 1188 1362 1209 uxorum
1407 1176 1532 1217 victor,

859 1229 1043 1263 Chrestilla
1064 1241 1147 1262 vero
1167 1229 1291 1262 victrix
1309 1229 1530 1262 maritorum.

912 1287 946 1322 4.
968 1282 1039 1315 Una
1056 1282 1144 1315 duos.
1166 1282 1216 1315 Ut
1232 1282 1386 1315 Libitina
1406 1280 1530 1314 mortis

856 1336 928 1368 Dea
944 1343 1135 1380 utrumque
1154 1335 1285 1368 mutuis
1305 1334 1458 1368 artificiis
1476 1345 1532 1367 oc·

854 1388 964 1421 cisum
987 1387 1091 1421 simul
1111 1387 1236 1433 rapiat.

179 1013 197 1028 '⁶
225 1020 262 1053 In
290 1020 426 1053 Fabium
457 1028 488 1052 et
519 1020 715 1053 Christillam
744 1020 798 1052 in-

124 1072 268 1118 scriptio
290 1081 341 1106 est
367 1073 404 1106 in
425 1073 588 1106 omnibus
610 1073 683 1105 fere
713 1080 796 1106 vett.

125 1124 206 1159 edd.

182 1191 210 1212 ι.
239 1179 362 1222 Effirt.
387 1178 547 1211 Verbum
582 1186 631 1211 est
667 1178 799 1211 funeris

125 1231 308 1277 proprium
332 1243 340 1264 :
368 1233 530 1277 conjuges
550 1243 684 1263 veneno
707 1231 797 1264 forte

124 1284 293 1317 necabant
312 1284 437 1317 Fabius
460 1292 494 1316 et
515 1283 711 1317 Chrestilla.

181 1350 212 1371 2.
231 1337 472 1382 Funereamque.
490 1337 612 1378 Quum
627 1335 797 1370 deberent

123 1388 290 1423 adhibere
309 1389 414 1423 taedas
432 1389 616 1435 nuptiales.

716 1517 937 1575 XLIV.

591 1675 663 1704 AD
709 1655 1063 1704 TITULLUM.*

261 1801 493 1856 TITULLE,
519 1816 677 1844 moneo
692 1835 703 1855 ‚
724 1799 822 1842 vive
847 1815 1040 1860 semper;
1065 1798 1151 1842 hoc
1176 1815 1321 1842 serum
1345 1808 1436 1854 est;

263 1871 351 1915 Sub
372 1871 611 1932 paedagogo
632 1870 814 1931 coeperis
834 1869 958 1925 licet,
980 1885 1125 1913 serum
1151 1879 1227 1914 est.

263 1943 320 1986 At
344 1951 414 1996 tu,
437 1943 567 1986 miser
585 1939 765 1997 Titulle,
787 1956 869 1985 nec
894 1956 1024 1984 senex
1048 1940 1183 1997 vivis;

264 2012 349 2056 Sed
378 2029 508 2056 omne
538 2012 668 2056 limen
701 2012 889 2055 conteris
919 2010 1147 2067 salutator,

261 2085 319 2126 Et
350 2099 477 2127 mane
503 2083 631 2127 sudas
659 2082 777 2126 urbis
806 2081 962 2126 osculis
992 2081 1128 2134 udus,

262 2154 461 2214 Foroque
491 2153 649 2214 triplici
672 2169 845 2214 sparsus
873 2162 973 2196 ante
1002 2168 1135 2212 equos
1163 2167 1337 2204 omnes,

177 2288 191 2301 ³
212 2292 384 2326 Titullum
411 2300 532 2326 monet
558 2294 653 2326 vivat
677 2293 794 2338 genia-

122 2345 220 2386 liter,
244 2357 357 2390 neque
384 2345 583 2379 haeredibus
608 2347 719 2379 multa
742 2358 796 2379 re-

123 2399 258 2444 linquat
270 2424 280 2440 ‚
293 2398 383 2431 nihil
402 2398 520 2444 gratiae
540 2407 679 2432 mortuo
695 2400 740 2431 ob
760 2398 796 2432 id

123 2452 295 2485 relaturis.

180 2518 211 2537 2.
223 2504 288 2538 Sub
299 2504 492 2549 [Μνείας-θέω.
509 2504 584 2537 Hoc
596 2512 662 2544 est,
677 2516 797 2549 quam-

124 2558 175 2591 vis
193 2570 211 2590 a
225 2557 339 2603 prima
352 2558 533 2601 juventute
549 2557 728 2602 genialiter
740 2557 792 2589 vi·

124 2622 204 2643 vere
230 2610 395 2655 coeperis,
423 2618 537 2643 tamen
567 2608 700 2643 tardius
729 2618 790 2643 est.

125 2662 201 2695 Lib.
225 2663 263 2704 I,
285 2663 392 2708 epigr.
416 2675 486 2696 χνι.

913 2296 946 2332 4.
964 2292 1029 2325 Sed
1045 2304 1111 2323 ome
1130 2291 1166 2323 in
1187 2288 1284 2322 Juut.
1305 2287 1387 2321 anni
1410 2288 1476 2322 151
1489 2302 1526 2330 2,

856 2346 879 2378 i.
900 2358 928 2377 e.
949 2342 1036 2382 offae,
1056 2356 1120 2390 pro
1139 2341 1372 2375 omna—Sed
1387 2354 1474 2373 omne
1492 2342 1529 2374 li-

858 2411 935 2431 men.
962 2399 1014 2430 De
1035 2396 1216 2429 matutinis
1237 2395 1291 2428 his
1312 2394 1527 2428 salutationi-

856 2451 920 2483 bus
936 2449 1090 2483 diximus
1104 2449 1164 2482 lib.
1180 2449 1242 2487 IV,
1258 2447 1367 2493 epigr.
1382 2459 1498 2480 Lxx1x.

911 2503 943 2536 5.
960 2501 1054 2535 Urbis
1071 2502 1195 2535 osculis.
1215 2501 1312 2543 Quos
1330 2500 1423 2533 enim
1437 2500 1527 2533 salu-

857 2556 994 2595 tabant,
1020 2567 1078 2588 eos
1099 2554 1346 2588 osculabantur
1366 2554 1523 2586 Veteres.

907 2612 940 2641 6.
959 2609 1103 2654 Foroque
1118 2609 1243 2653 triplici.
1263 2607 1353 2651 Lege
1372 2606 1431 2639 lib.
1449 2606 1521 2645 III,

853 2661 962 2705 epigr.
980 2673 1128 2695 xxxvtn.
1140 2680 1192 2688 --
1206 2660 1293 2694 Ante
1305 2673 1397 2705 equos
1412 2671 1525 2692 omncs.
