1978 3305
487 322 577 381 ¹74

857 319 917 361 M.
944 319 1085 362 VAL.
1125 318 1518 363 MARTIALIS

545 407 648 450 Urit
676 415 718 449 et
747 406 969 450 excruciat
995 404 1223 450 dominum
1253 405 1487 451 Telethusa
1511 407 1701 468 priorem
1723 425 1730 450 ε

615 475 823 520 Vendidit
851 474 1076 532 ancillam3
1096 493 1214 520 nunc
1239 476 1412 521 redimit
1437 477 1675 522 dominam.

476 608 593 642 medio
608 621 756 642 moerore
767 634 776 650 ‚
792 609 829 642 in
843 608 965 642 funere
978 609 1148 643 Hectoris.

531 663 563 695 5.
593 662 761 694 leeletusa
783 660 885 695 codd.
910 663 992 696 Vat.
1014 671 1049 696 et
1070 663 1151 696 Flo-

476 723 563 748 rent.
575 736 627 740 —
638 715 806 748 Telethusa
822 714 931 749 codex
949 716 1150 749 Pulmanni.

475 787 527 793 —
558 768 724 801 Thelesina
757 767 840 802 Ald.
874 769 1011 802 Juntin.
1034 769 1151 802 Colin.

473 820 612 867 Gryph-
635 829 701 854 etc.

1265 614 1299 643 6.
1324 610 1478 643 Redimet.
1502 609 1621 645 Codex
1645 611 1832 644 Pulmanni
1854 621 1886 645 et

1212 662 1420 697 Beverlandi
1443 663 1516 697 MS.
1539 685 1590 690 ——
1612 664 1649 695 V
1645 664 1766 697 endz'dit
1787 665 1886 697 ancil-

1213 716 1286 748 lam.
1313 716 1502 762 Postquam
1529 715 1704 751 desiderio
1729 719 1802 762 ejus
1830 730 1886 750 ex-

1214 768 1392 803 cruciatur
1402 796 1409 809 ‚
1427 782 1532 815 quam
1547 769 1708 803 ancillam
1720 769 1886 803 vendide-

1213 830 1286 863 rat,
1309 821 1470 864 redimit,
1489 830 1530 856 ut
1550 823 1599 856 illi
1618 823 1756 857 serviat.

1040 955 1321 1012 LXXII.

916 1114 982 1141 DE
1020 1113 1217 1143 CILICE
1256 1093 1449 1143 Euan*

681 1239 779 1282 Fun
809 1246 924 1281 notae
950 1237 1133 1281 nimium
1160 1238 1410 1299 rapacitatis

685 1307 937 1369 Compilare
966 1307 1078 1352 Cilix
1103 1307 1279 1352 volebat
1302 1308 1509 1364 hortum3

682 1379 856 1440 Ingenti
886 1378 961 1423 sed
982 1388 1100 1435 erat,
1125 1378 1327 1432 Fabulle,
1358 1380 1403 1422 in
1427 1379 1557 1423 horto

682 1451 846 1493 Praeter
870 1465 1167 1495 marmoreum
1191 1448 1298 1493 nihil
1318 1451 1538 1511 Priapum.

682 1522 802 1564 Dum
828 1537 918 1565 non
939 1519 1034 1565 vult
1053 1536 1192 1565 vacua
1217 1536 1351 1564 manu
1373 1521 1538 1572 redire;
1876 1537 1890 1560 5

682 1593 834 1652 Ipsum
862 1592 1071 1653 surripuit
1091 1591 1204 1636 Cilix
1222 1592 1440 1653 Priapum.

527 1723 540 1737 ⁴¹
559 1729 699 1762 Nullam
715 1729 875 1764 lectionis
891 1730 1095 1763 varietatem
1115 1730 1151 1763 in

475 1782 542 1815 hoc
567 1783 816 1828 epigrammate
844 1782 1043 1817 exhibendo
1070 1796 1152 1829 pro-

474 1834 566 1868 dunt
582 1836 793 1882 exemplaria
812 1849 919 1870 manu
934 1845 1081 1874 exarata,
1095 1844 1154 1870 aut

475 1900 612 1922 excusa.

529 1956 559 1975 2.
582 1942 678 1976 Cilix.
694 1942 833 1976 Nomen
849 1942 1034 1988 proprium
1048 1955 1056 1975 ε
1072 1942 1153 1976 alias

474 1995 623 2039 gentile3
639 1994 674 2028 id
694 2003 764 2037 est,
781 1996 917 2036 Cilicia,
937 1996 1025 2029 Asiae
1044 1995 1155 2029 mino-

475 2048 522 2080 ris
540 2057 640 2093 partc
653 2075 662 2089 ‚
680 2048 864 2082 oriundus.
886 2049 954 2082 En.

515 2105 533 2141 4
544 2127 550 2133 .
563 2101 776 2135 illm-moreum
787 2103 952 2148 Priapum.
964 2101 1155 2148 Egregium

476 2167 557 2188 sane
581 2154 785 2197 custodem,
804 2154 849 2188 cle.
872 2168 943 2201 quo
966 2155 1157 2189 exclamare.

1211 1730 1314 1772 libet3
1334 1730 1391 1762 sed
1414 1732 1483 1777 quis
1500 1729 1653 1763 custodiet
1675 1732 1756 1775 ipsos
1776 1728 1890 1763 Custo-

1212 1779 1297 1816 des-'³
1310 1791 1350 1816 ut
1368 1783 1526 1817 Juvenal.
1550 1791 1612 1817 sat.
1633 1795 1670 1816 VI
1683 1807 1692 1822 ‚
1713 1796 1764 1817 vs.
1791 1782 1863 1829 347
1879 1811 1887 1823 ,

1213 1836 1257 1870 de
1285 1836 1493 1870 feminarum
1522 1835 1740 1870 custodibus.
1764 1835 1891 1870 Statuis

1214 1898 1329 1923 autem
1344 1890 1456 1923 aureis
1476 1897 1509 1922 et
1525 1889 1697 1935 argenteis
1713 1888 1891 1923 addeban-

1214 1951 1272 1976 tur
1289 1941 1471 1984 custodes;
1484 1943 1605 1988 ligneae
1625 1951 1659 1977 et
1677 1941 1824 1988 lapideae
1839 1943 1891 1976 in-

1214 1995 1399 2030 custoditae
1413 2003 1531 2029 erant:
1548 1995 1666 2042 lepide
1679 1995 1795 2041 itaque
1812 2008 1890 2029 cum

1214 2049 1389 2095 Apollinis
1407 2057 1518 2083 statua
1527 2075 1536 2090 ‚
1549 2061 1654 2095 quam
1666 2057 1892 2095 surrepturus

1216 2110 1310 2143 erat,
1336 2103 1474 2147 jocatur
1502 2100 1716 2147 Eutychidas
1744 2101 1891 2135 Anthol.

1217 2156 1310 2188 libro
1333 2156 1389 2195 II,
1409 2155 1521 2201 capite
1542 2155 1598 2188 25.

1019 2290 1347 2347 LXXIII.

877 2442 945 2469 nr:
986 2441 1200 2470 PRIAPo
1241 2419 1494 2469 niutan*

548 2560 654 2602 Now
684 2559 801 2603 rudis
828 2560 1003 2605 indocta
1034 2561 1135 2604 fecit
1160 2576 1229 2604 me
1255 2559 1364 2604 falce
1394 2558 1600 2612 colonus3

532 2698 547 2709 “
572 2699 621 2730 Dc·
641 2699 761 2743 Priapo
789 2699 915 2731 lemma
936 2707 984 2731 est
1007 2699 1040 2731 in
1070 2698 1154 2731 odit.

479 2753 664 2784 seton-ibus.

1278 2711 1306 2730 ι.
1334 2698 1404 2731 Non
1438 2698 1522 2730 rudis
1556 2697 1681 2729 indocta
1699 2724 1705 2735 ,
1742 2705 1806 2731 etc.
1844 2698 1894 2730 De

1219 2752 1357 2795 Priapo.
1378 2751 1436 2783 lib.
1458 2750 1612 2795 Lepigr.
1634 2763 1817 2790 ἵκῃ-μνῆ.
1839 2751 1894 2788 15,
