<?xml version="1.0" encoding="UTF-8"?>
<!DOCTYPE html PUBLIC "-//W3C//DTD XHTML 1.0 Transitional//EN"
    "http://www.w3.org/TR/xhtml1/DTD/xhtml1-transitional.dtd">
<html xmlns="http://www.w3.org/1999/xhtml" xml:lang="en" lang="en">
 <head>
  <title>
</title>
<meta http-equiv="Content-Type" content="text/html;charset=utf-8" />
  <meta name='ocr-system' content='tesseract 3.04.00' />
  <meta name='ocr-capabilities' content='ocr_page ocr_carea ocr_par ocr_line ocrx_word'/>
</head>
<body>
  <div class='ocr_page' id='page_1' title='image "./epigrammata02martuoft/epigrammata02martuoft_0324.png"; bbox 0 0 1978 3305; ppageno 0'>
   <div class='ocr_carea' id='block_1_1' title="bbox 419 251 1445 297">
    <p class='ocr_par' dir='ltr' id='par_1_1' title="bbox 419 251 1445 297">
     <span class='ocr_line' id='line_1_1' title="bbox 419 251 1445 297; baseline -0.002 -1"><span class='ocrx_word' id='word_1_1' title='bbox 419 252 516 297; x_wconf 82' lang='lat'>310</span> <span class='ocrx_word' id='word_1_2' title='bbox 791 252 852 294; x_wconf 91' lang='lat' dir='ltr'>M.</span> <span class='ocrx_word' id='word_1_3' title='bbox 880 251 1019 294; x_wconf 89' lang='lat' dir='ltr'><strong>VAL.</strong></span> <span class='ocrx_word' id='word_1_4' title='bbox 1058 251 1445 294; x_wconf 87' lang='lat' dir='ltr'><strong>MARTIALIS</strong></span> 
     </span>
    </p>
   </div>
   <div class='ocr_carea' id='block_1_2' title="bbox 487 336 1690 539">
    <p class='ocr_par' dir='ltr' id='par_1_2' title="bbox 487 336 1690 539">
     <span class='ocr_line' id='line_1_2' title="bbox 555 336 1690 398; baseline -0.001 -17"><span class='ocrx_word' id='word_1_5' title='bbox 555 339 643 395; x_wconf 80' lang='lat' dir='ltr'>Qui</span> <span class='ocrx_word' id='word_1_6' title='bbox 668 347 849 398; x_wconf 85' lang='lat' dir='ltr'>propter</span> <span class='ocrx_word' id='word_1_7' title='bbox 877 352 1070 393; x_wconf 85' lang='lat' dir='ltr'>coenam,</span> <span class='ocrx_word' id='word_1_8' title='bbox 1091 337 1293 393; x_wconf 84' lang='lat' dir='ltr'>Rustice‚</span> <span class='ocrx_word' id='word_1_9' title='bbox 1322 336 1442 380; x_wconf 86' lang='lat' dir='ltr'>caedo</span> <span class='ocrx_word' id='word_1_10' title='bbox 1465 336 1690 398; x_wconf 82' lang='lat' dir='ltr'>coquum?</span> 
     </span>
     <span class='ocr_line' id='line_1_3' title="bbox 487 406 1509 468; baseline -0.002 -17"><span class='ocrx_word' id='word_1_11' title='bbox 487 410 530 451; x_wconf 89' lang='lat' dir='ltr'>Si</span> <span class='ocrx_word' id='word_1_12' title='bbox 561 407 664 451; x_wconf 86' lang='lat' dir='ltr'>levis</span> <span class='ocrx_word' id='word_1_13' title='bbox 690 409 769 451; x_wconf 87' lang='lat' dir='ltr'>ista</span> <span class='ocrx_word' id='word_1_14' title='bbox 792 407 870 450; x_wconf 89' lang='lat' dir='ltr'>tibi</span> <span class='ocrx_word' id='word_1_15' title='bbox 895 406 1133 468; x_wconf 88' lang='lat' dir='ltr'>flagrorum</span> <span class='ocrx_word' id='word_1_16' title='bbox 1162 422 1291 451; x_wconf 88' lang='lat' dir='ltr'>causa</span> <span class='ocrx_word' id='word_1_17' title='bbox 1316 406 1509 462; x_wconf 84' lang='lat' dir='ltr'>videtur,</span> 
     </span>
     <span class='ocr_line' id='line_1_4' title="bbox 554 475 1525 539; baseline -0.001 -18"><span class='ocrx_word' id='word_1_18' title='bbox 554 479 619 521; x_wconf 90' lang='lat' dir='ltr'>Ex</span> <span class='ocrx_word' id='word_1_19' title='bbox 643 493 727 538; x_wconf 83' lang='lat' dir='ltr'>qua</span> <span class='ocrx_word' id='word_1_20' title='bbox 753 478 816 521; x_wconf 85' lang='lat' dir='ltr'>vis</span> <span class='ocrx_word' id='word_1_21' title='bbox 842 493 969 521; x_wconf 85' lang='lat' dir='ltr'>causa</span> <span class='ocrx_word' id='word_1_22' title='bbox 1000 477 1177 539; x_wconf 86' lang='lat' dir='ltr'>vapulet</span> <span class='ocrx_word' id='word_1_23' title='bbox 1200 493 1306 539; x_wconf 86' lang='lat' dir='ltr'>ergo</span> <span class='ocrx_word' id='word_1_24' title='bbox 1331 475 1525 538; x_wconf 79' lang='lat' dir='ltr'>coquus?</span> 
     </span>
    </p>
   </div>
   <div class='ocr_carea' id='block_1_3' title="bbox 416 606 1825 761">
    <p class='ocr_par' dir='ltr' id='par_1_3' title="bbox 416 606 1825 761">
     <span class='ocr_line' id='line_1_5' title="bbox 471 606 1825 656; baseline -0.001 -13"><span class='ocrx_word' id='word_1_25' title='bbox 471 615 503 651; x_wconf 74' lang='grc'>4.</span> <span class='ocrx_word' id='word_1_26' title='bbox 530 610 587 643; x_wconf 71' lang='lat' dir='ltr'>Ex</span> <span class='ocrx_word' id='word_1_27' title='bbox 607 622 670 656; x_wconf 86' lang='lat' dir='ltr'>qua</span> <span class='ocrx_word' id='word_1_28' title='bbox 690 612 753 643; x_wconf 78' lang='lat' dir='ltr'>vis.</span> <span class='ocrx_word' id='word_1_29' title='bbox 770 612 845 652; x_wconf 91' lang='lat' dir='ltr'>An,</span> <span class='ocrx_word' id='word_1_30' title='bbox 863 622 1000 656; x_wconf 85' lang='lat' dir='ltr'>quaeso,</span> <span class='ocrx_word' id='word_1_31' title='bbox 1020 610 1088 643; x_wconf 88' lang='lat' dir='ltr'>ini·</span> <span class='ocrx_word' id='word_1_32' title='bbox 1149 618 1225 643; x_wconf 88' lang='lat' dir='ltr'>tum</span> <span class='ocrx_word' id='word_1_33' title='bbox 1243 621 1325 643; x_wconf 87' lang='lat' dir='ltr'>sane</span> <span class='ocrx_word' id='word_1_34' title='bbox 1346 609 1486 655; x_wconf 87' lang='lat' dir='ltr'>iniquus</span> <span class='ocrx_word' id='word_1_35' title='bbox 1508 621 1570 654; x_wconf 85' lang='lat' dir='ltr'>ego</span> <span class='ocrx_word' id='word_1_36' title='bbox 1591 620 1664 642; x_wconf 85' lang='lat' dir='ltr'>esse</span> <span class='ocrx_word' id='word_1_37' title='bbox 1686 606 1825 642; x_wconf 84' lang='lat' dir='ltr'>viderer</span> 
     </span>
     <span class='ocr_line' id='line_1_6' title="bbox 416 660 1824 709; baseline -0.002 -13"><span class='ocrx_word' id='word_1_38' title='bbox 416 675 525 708; x_wconf 89' lang='lat' dir='ltr'>quum</span> <span class='ocrx_word' id='word_1_39' title='bbox 550 671 623 704; x_wconf 88' lang='lat' dir='ltr'>est,</span> <span class='ocrx_word' id='word_1_40' title='bbox 650 662 678 696; x_wconf 90' lang='lat' dir='ltr'>si</span> <span class='ocrx_word' id='word_1_41' title='bbox 707 662 784 708; x_wconf 85' lang='lat' dir='ltr'>quis</span> <span class='ocrx_word' id='word_1_42' title='bbox 811 662 945 708; x_wconf 84' lang='lat' dir='ltr'>pendat</span> <span class='ocrx_word' id='word_1_43' title='bbox 973 675 1090 709; x_wconf 85' lang='lat' dir='ltr'>poenas</span> <span class='ocrx_word' id='word_1_44' title='bbox 1149 664 1177 696; x_wconf 84' lang='lat' dir='ltr'>si</span> <span class='ocrx_word' id='word_1_45' title='bbox 1204 661 1374 696; x_wconf 86' lang='lat' dir='ltr'>delictum</span> <span class='ocrx_word' id='word_1_46' title='bbox 1400 661 1505 696; x_wconf 86' lang='lat' dir='ltr'>alieni</span> <span class='ocrx_word' id='word_1_47' title='bbox 1533 660 1672 695; x_wconf 83' lang='lat' dir='ltr'>artificii</span> <span class='ocrx_word' id='word_1_48' title='bbox 1699 660 1735 694; x_wconf 90' lang='lat' dir='ltr'>in</span> <span class='ocrx_word' id='word_1_49' title='bbox 1763 660 1824 693; x_wconf 86' lang='lat' dir='ltr'>illo</span> 
     </span>
     <span class='ocr_line' id='line_1_7' title="bbox 416 714 1329 761; baseline 0 -12"><span class='ocrx_word' id='word_1_50' title='bbox 416 717 489 761; x_wconf 79' lang='lat' dir='ltr'>ejus</span> <span class='ocrx_word' id='word_1_51' title='bbox 508 714 603 761; x_wconf 87' lang='lat' dir='ltr'>quod</span> <span class='ocrx_word' id='word_1_52' title='bbox 627 714 814 761; x_wconf 81' lang='lat' dir='ltr'><strong>deliquerit</strong></span> <span class='ocrx_word' id='word_1_53' title='bbox 842 716 878 749; x_wconf 87' lang='lat' dir='ltr'>in</span> <span class='ocrx_word' id='word_1_54' title='bbox 903 727 963 749; x_wconf 85' lang='lat' dir='ltr'>sua</span> <span class='ocrx_word' id='word_1_55' title='bbox 991 716 1090 749; x_wconf 81' lang='lat' dir='ltr'>arte?</span> <span class='ocrx_word' id='word_1_56' title='bbox 1151 716 1329 760; x_wconf 87' lang='lat' dir='ltr'>punirem.</span> 
     </span>
    </p>
   </div>
   <div class='ocr_carea' id='block_1_4' title="bbox 1001 854 1238 910">
    <p class='ocr_par' dir='ltr' id='par_1_4' title="bbox 1001 854 1238 910">
     <span class='ocr_line' id='line_1_8' title="bbox 1001 854 1238 910; baseline 0 -1"><span class='ocrx_word' id='word_1_57' title='bbox 1001 854 1238 910; x_wconf 88' lang='lat' dir='ltr'><strong>XXIV.</strong></span> 
     </span>
    </p>
   </div>
   <div class='ocr_carea' id='block_1_5' title="bbox 716 982 1531 1031">
    <p class='ocr_par' dir='ltr' id='par_1_5' title="bbox 716 982 1531 1031">
     <span class='ocr_line' id='line_1_9' title="bbox 716 982 1531 1031; baseline -0.002 0"><span class='ocrx_word' id='word_1_58' title='bbox 716 1003 781 1031; x_wconf 67' lang='lat' dir='ltr'>AD</span> <span class='ocrx_word' id='word_1_59' title='bbox 819 1002 1077 1031; x_wconf 61' lang='lat' dir='ltr'>CAESAREM</span> <span class='ocrx_word' id='word_1_60' title='bbox 1116 982 1531 1031; x_wconf 65' lang='lat' dir='ltr'>DoMlT1ANUM.*</span> 
     </span>
    </p>
   </div>
   <div class='ocr_carea' id='block_1_6' title="bbox 488 1118 1660 1534">
    <p class='ocr_par' dir='ltr' id='par_1_6' title="bbox 495 1118 1630 1252">
     <span class='ocr_line' id='line_1_10' title="bbox 495 1118 1630 1181; baseline 0.001 -17"><span class='ocrx_word' id='word_1_61' title='bbox 495 1123 544 1165; x_wconf 76' lang='lat' dir='ltr'>Sx</span> <span class='ocrx_word' id='word_1_62' title='bbox 570 1120 677 1181; x_wconf 90' lang='lat' dir='ltr'>quid</span> <span class='ocrx_word' id='word_1_63' title='bbox 702 1120 814 1164; x_wconf 86' lang='lat' dir='ltr'>forte</span> <span class='ocrx_word' id='word_1_64' title='bbox 840 1130 985 1181; x_wconf 85' lang='lat' dir='ltr'>petam</span> <span class='ocrx_word' id='word_1_65' title='bbox 1012 1120 1164 1164; x_wconf 84' lang='lat' dir='ltr'>timido</span> <span class='ocrx_word' id='word_1_66' title='bbox 1195 1118 1431 1181; x_wconf 81' lang='lat' dir='ltr'>gracilique</span> <span class='ocrx_word' id='word_1_67' title='bbox 1456 1119 1603 1165; x_wconf 83' lang='lat' dir='ltr'>libello</span> <span class='ocrx_word' id='word_1_68' title='bbox 1619 1156 1630 1175; x_wconf 88' lang='lat'>‚</span> 
     </span>
     <span class='ocr_line' id='line_1_11' title="bbox 557 1190 1546 1252; baseline 0 -18"><span class='ocrx_word' id='word_1_69' title='bbox 557 1191 766 1252; x_wconf 85' lang='lat' dir='ltr'>Improba</span> <span class='ocrx_word' id='word_1_70' title='bbox 793 1207 882 1234; x_wconf 89' lang='lat' dir='ltr'>non</span> <span class='ocrx_word' id='word_1_71' title='bbox 903 1190 1033 1235; x_wconf 87' lang='lat' dir='ltr'>fuerit</span> <span class='ocrx_word' id='word_1_72' title='bbox 1056 1191 1090 1235; x_wconf 90' lang='lat' dir='ltr'>si</span> <span class='ocrx_word' id='word_1_73' title='bbox 1110 1206 1208 1234; x_wconf 82' lang='lat' dir='ltr'>mea</span> <span class='ocrx_word' id='word_1_74' title='bbox 1229 1191 1405 1247; x_wconf 83' lang='lat' dir='ltr'>charta,</span> <span class='ocrx_word' id='word_1_75' title='bbox 1431 1190 1546 1234; x_wconf 86' lang='lat' dir='ltr'>dato.</span> 
     </span>
    </p>

    <p class='ocr_par' dir='ltr' id='par_1_7' title="bbox 488 1261 1660 1393">
     <span class='ocr_line' id='line_1_12' title="bbox 488 1261 1533 1322; baseline -0.002 -16"><span class='ocrx_word' id='word_1_76' title='bbox 488 1264 546 1306; x_wconf 88' lang='lat' dir='ltr'>Et</span> <span class='ocrx_word' id='word_1_77' title='bbox 567 1262 601 1306; x_wconf 89' lang='lat' dir='ltr'>si</span> <span class='ocrx_word' id='word_1_78' title='bbox 626 1279 717 1305; x_wconf 92' lang='lat' dir='ltr'>non</span> <span class='ocrx_word' id='word_1_79' title='bbox 739 1261 932 1317; x_wconf 80' lang='lat' dir='ltr'>dederis,</span> <span class='ocrx_word' id='word_1_80' title='bbox 954 1263 1119 1317; x_wconf 76' lang='lat' dir='ltr'>Caesar,</span> <span class='ocrx_word' id='word_1_81' title='bbox 1139 1262 1342 1322; x_wconf 85' lang='lat' dir='ltr'>permitte</span> <span class='ocrx_word' id='word_1_82' title='bbox 1364 1263 1533 1322; x_wconf 83' lang='lat' dir='ltr'>rogari;</span> 
     </span>
     <span class='ocr_line' id='line_1_13' title="bbox 559 1331 1660 1393; baseline -0.002 -17"><span class='ocrx_word' id='word_1_83' title='bbox 559 1331 808 1376; x_wconf 88' lang='lat' dir='ltr'>Offendunt</span> <span class='ocrx_word' id='word_1_84' title='bbox 831 1348 1056 1393; x_wconf 88' lang='lat' dir='ltr'>nunquam</span> <span class='ocrx_word' id='word_1_85' title='bbox 1081 1332 1211 1376; x_wconf 87' lang='lat' dir='ltr'>thura</span> <span class='ocrx_word' id='word_1_86' title='bbox 1233 1347 1471 1393; x_wconf 81' lang='lat' dir='ltr'>precesque</span> <span class='ocrx_word' id='word_1_87' title='bbox 1493 1334 1660 1376; x_wconf 86' lang='lat' dir='ltr'>Jovem.</span> 
     </span>
    </p>

    <p class='ocr_par' dir='ltr' id='par_1_8' title="bbox 489 1401 1583 1534">
     <span class='ocr_line' id='line_1_14' title="bbox 489 1401 1554 1464; baseline 0 -18"><span class='ocrx_word' id='word_1_88' title='bbox 489 1405 577 1460; x_wconf 84' lang='lat' dir='ltr'>Qui</span> <span class='ocrx_word' id='word_1_89' title='bbox 604 1402 731 1464; x_wconf 88' lang='lat' dir='ltr'>fingit</span> <span class='ocrx_word' id='word_1_90' title='bbox 753 1419 900 1447; x_wconf 85' lang='lat' dir='ltr'>sacros</span> <span class='ocrx_word' id='word_1_91' title='bbox 922 1420 1030 1447; x_wconf 82' lang='lat' dir='ltr'>auro</span> <span class='ocrx_word' id='word_1_92' title='bbox 1051 1401 1120 1446; x_wconf 89' lang='lat' dir='ltr'>vel</span> <span class='ocrx_word' id='word_1_93' title='bbox 1141 1418 1360 1447; x_wconf 89' lang='lat' dir='ltr'>marmore</span> <span class='ocrx_word' id='word_1_94' title='bbox 1385 1401 1554 1457; x_wconf 84' lang='lat' dir='ltr'>vultus,</span> 
     </span>
     <span class='ocr_line' id='line_1_15' title="bbox 560 1471 1583 1534; baseline -0.001 -17"><span class='ocrx_word' id='word_1_95' title='bbox 560 1473 660 1518; x_wconf 92' lang='lat' dir='ltr'>Non</span> <span class='ocrx_word' id='word_1_96' title='bbox 690 1473 792 1517; x_wconf 86' lang='lat' dir='ltr'>facit</span> <span class='ocrx_word' id='word_1_97' title='bbox 821 1473 889 1517; x_wconf 77' lang='lat' dir='ltr'>ille</span> <span class='ocrx_word' id='word_1_98' title='bbox 914 1475 1032 1517; x_wconf 86' lang='lat' dir='ltr'>Deos</span> <span class='ocrx_word' id='word_1_99' title='bbox 1057 1491 1064 1517; x_wconf 93' lang='lat'><strong>:</strong></span> <span class='ocrx_word' id='word_1_100' title='bbox 1095 1475 1167 1534; x_wconf 92' lang='lat' dir='ltr'>qui</span> <span class='ocrx_word' id='word_1_101' title='bbox 1196 1482 1344 1534; x_wconf 85' lang='lat' dir='ltr'>rogat,</span> <span class='ocrx_word' id='word_1_102' title='bbox 1374 1471 1443 1517; x_wconf 89' lang='lat' dir='ltr'>ille</span> <span class='ocrx_word' id='word_1_103' title='bbox 1468 1472 1583 1517; x_wconf 86' lang='lat' dir='ltr'>facit.</span> 
     </span>
    </p>
   </div>
   <div class='ocr_carea' id='block_1_7' title="bbox 421 1613 1837 1711">
    <p class='ocr_par' dir='ltr' id='par_1_9' title="bbox 421 1613 1837 1711">
     <span class='ocr_line' id='line_1_16' title="bbox 475 1613 1837 1662; baseline -0.001 -14"><span class='ocrx_word' id='word_1_104' title='bbox 475 1613 488 1626; x_wconf 80' lang='lat'>&#39;</span> <span class='ocrx_word' id='word_1_105' title='bbox 509 1616 634 1661; x_wconf 85' lang='lat' dir='ltr'>Neque</span> <span class='ocrx_word' id='word_1_106' title='bbox 660 1616 695 1649; x_wconf 91' lang='lat' dir='ltr'>in</span> <span class='ocrx_word' id='word_1_107' title='bbox 722 1617 791 1651; x_wconf 92' lang='lat' dir='ltr'>hoc</span> <span class='ocrx_word' id='word_1_108' title='bbox 816 1614 1010 1662; x_wconf 86' lang='lat' dir='ltr'>quidquam</span> <span class='ocrx_word' id='word_1_109' title='bbox 1037 1629 1097 1648; x_wconf 82' lang='lat' dir='ltr'>va·</span> <span class='ocrx_word' id='word_1_110' title='bbox 1158 1625 1237 1649; x_wconf 81' lang='lat' dir='ltr'>tean</span> <span class='ocrx_word' id='word_1_111' title='bbox 1247 1615 1365 1648; x_wconf 84' lang='lat' dir='ltr'>minus</span> <span class='ocrx_word' id='word_1_112' title='bbox 1375 1622 1638 1661; x_wconf 85' lang='lat' dir='ltr'>opportuna‚et</span> <span class='ocrx_word' id='word_1_113' title='bbox 1651 1621 1691 1646; x_wconf 91' lang='lat' dir='ltr'>ut</span> <span class='ocrx_word' id='word_1_114' title='bbox 1703 1613 1837 1647; x_wconf 87' lang='lat' dir='ltr'>Gallice</span> 
     </span>
     <span class='ocr_line' id='line_1_17' title="bbox 421 1668 1474 1711; baseline -0.001 -9"><span class='ocrx_word' id='word_1_115' title='bbox 421 1669 512 1702; x_wconf 85' lang='lat' dir='ltr'>riant</span> <span class='ocrx_word' id='word_1_116' title='bbox 535 1677 593 1702; x_wconf 90' lang='lat' dir='ltr'>aut</span> <span class='ocrx_word' id='word_1_117' title='bbox 613 1669 695 1702; x_wconf 86' lang='lat' dir='ltr'>libri</span> <span class='ocrx_word' id='word_1_118' title='bbox 714 1670 846 1702; x_wconf 80' lang='lat' dir='ltr'>calamo</span> <span class='ocrx_word' id='word_1_119' title='bbox 866 1669 1019 1710; x_wconf 79' lang='lat' dir='ltr'>exarati,</span> <span class='ocrx_word' id='word_1_120' title='bbox 1041 1678 1098 1702; x_wconf 87' lang='lat' dir='ltr'>aut</span> <span class='ocrx_word' id='word_1_121' title='bbox 1160 1669 1278 1711; x_wconf 86' lang='lat' dir='ltr'>aiunt,</span> <span class='ocrx_word' id='word_1_122' title='bbox 1298 1668 1474 1701; x_wconf 57' lang='lat' dir='ltr'>indiscrete.</span> 
     </span>
    </p>
   </div>
   <div class='ocr_carea' id='block_1_8' title="bbox 421 1720 1837 1978">
    <p class='ocr_par' dir='ltr' id='par_1_10' title="bbox 421 1720 1836 1768">
     <span class='ocr_line' id='line_1_18' title="bbox 421 1720 1836 1768; baseline -0.001 -14"><span class='ocrx_word' id='word_1_123' title='bbox 421 1722 515 1768; x_wconf 77' lang='lat' dir='ltr'>typis</span> <span class='ocrx_word' id='word_1_124' title='bbox 537 1722 709 1767; x_wconf 86' lang='lat' dir='ltr'>impressi.</span> <span class='ocrx_word' id='word_1_125' title='bbox 1214 1725 1249 1756; x_wconf 89' lang='lat'>6.</span> <span class='ocrx_word' id='word_1_126' title='bbox 1273 1722 1340 1766; x_wconf 80' lang='lat' dir='ltr'>Qui</span> <span class='ocrx_word' id='word_1_127' title='bbox 1364 1728 1468 1765; x_wconf 82' lang='lat' dir='ltr'>rogat.</span> <span class='ocrx_word' id='word_1_128' title='bbox 1496 1720 1570 1761; x_wconf 84' lang='lat' dir='ltr'>Qui</span> <span class='ocrx_word' id='word_1_129' title='bbox 1594 1731 1714 1753; x_wconf 87' lang='lat' dir='ltr'>aureas</span> <span class='ocrx_word' id='word_1_130' title='bbox 1741 1720 1836 1753; x_wconf 90' lang='lat' dir='ltr'>Deo-</span> 
     </span>
    </p>

    <p class='ocr_par' dir='ltr' id='par_1_11' title="bbox 422 1772 1837 1978">
     <span class='ocr_line' id='line_1_19' title="bbox 480 1772 1837 1820; baseline -0.002 -12"><span class='ocrx_word' id='word_1_131' title='bbox 480 1788 511 1808; x_wconf 77' lang='lat'>2.</span> <span class='ocrx_word' id='word_1_132' title='bbox 530 1775 678 1820; x_wconf 85' lang='lat' dir='ltr'>Improba</span> <span class='ocrx_word' id='word_1_133' title='bbox 694 1775 817 1808; x_wconf 80' lang='lat' dir='ltr'>charta.</span> <span class='ocrx_word' id='word_1_134' title='bbox 837 1775 915 1816; x_wconf 85' lang='lat' dir='ltr'>Qua</span> <span class='ocrx_word' id='word_1_135' title='bbox 934 1775 1065 1809; x_wconf 87' lang='lat' dir='ltr'>scilicet</span> <span class='ocrx_word' id='word_1_136' title='bbox 1080 1788 1100 1808; x_wconf 85' lang='lat' dir='ltr'><strong>a</strong></span> <span class='ocrx_word' id='word_1_137' title='bbox 1160 1787 1238 1808; x_wconf 87' lang='lat' dir='ltr'>rum</span> <span class='ocrx_word' id='word_1_138' title='bbox 1258 1782 1386 1808; x_wconf 73' lang='lat' dir='ltr'>statuas</span> <span class='ocrx_word' id='word_1_139' title='bbox 1408 1774 1553 1814; x_wconf 88' lang='lat' dir='ltr'>format,</span> <span class='ocrx_word' id='word_1_140' title='bbox 1575 1772 1635 1806; x_wconf 85' lang='lat' dir='ltr'>ille</span> <span class='ocrx_word' id='word_1_141' title='bbox 1659 1785 1730 1806; x_wconf 88' lang='lat' dir='ltr'>non</span> <span class='ocrx_word' id='word_1_142' title='bbox 1753 1772 1837 1806; x_wconf 82' lang='lat' dir='ltr'>facit</span> 
     </span>
     <span class='ocr_line' id='line_1_20' title="bbox 422 1824 1836 1873; baseline -0.002 -12"><span class='ocrx_word' id='word_1_143' title='bbox 422 1835 456 1861; x_wconf 86' lang='lat' dir='ltr'>te</span> <span class='ocrx_word' id='word_1_144' title='bbox 491 1836 574 1873; x_wconf 86' lang='lat' dir='ltr'>peto</span> <span class='ocrx_word' id='word_1_145' title='bbox 608 1826 740 1873; x_wconf 82' lang='lat' dir='ltr'>aliquid</span> <span class='ocrx_word' id='word_1_146' title='bbox 770 1839 777 1860; x_wconf 72' lang='grc' dir='ltr'>ε</span> <span class='ocrx_word' id='word_1_147' title='bbox 805 1828 944 1873; x_wconf 83' lang='lat' dir='ltr'>improba</span> <span class='ocrx_word' id='word_1_148' title='bbox 983 1837 1099 1862; x_wconf 85' lang='lat' dir='ltr'>autem</span> <span class='ocrx_word' id='word_1_149' title='bbox 1162 1829 1253 1861; x_wconf 84' lang='lat' dir='ltr'>Deos</span> <span class='ocrx_word' id='word_1_150' title='bbox 1265 1854 1274 1870; x_wconf 96' lang='lat'>,</span> <span class='ocrx_word' id='word_1_151' title='bbox 1288 1826 1347 1861; x_wconf 84' lang='lat' dir='ltr'>sed</span> <span class='ocrx_word' id='word_1_152' title='bbox 1361 1828 1422 1873; x_wconf 87' lang='lat' dir='ltr'>qui</span> <span class='ocrx_word' id='word_1_153' title='bbox 1439 1827 1516 1860; x_wconf 77' lang='lat' dir='ltr'>illos</span> <span class='ocrx_word' id='word_1_154' title='bbox 1532 1824 1666 1860; x_wconf 86' lang='lat' dir='ltr'>adorat.</span> <span class='ocrx_word' id='word_1_155' title='bbox 1682 1825 1737 1859; x_wconf 91' lang='lat' dir='ltr'>Sic</span> <span class='ocrx_word' id='word_1_156' title='bbox 1754 1837 1836 1871; x_wconf 83' lang='lat' dir='ltr'>ego,</span> 
     </span>
     <span class='ocr_line' id='line_1_21' title="bbox 422 1878 1837 1927; baseline -0.001 -14"><span class='ocrx_word' id='word_1_157' title='bbox 422 1880 490 1913; x_wconf 83' lang='lat' dir='ltr'>hoc</span> <span class='ocrx_word' id='word_1_158' title='bbox 511 1881 588 1913; x_wconf 91' lang='lat' dir='ltr'>loco</span> <span class='ocrx_word' id='word_1_159' title='bbox 604 1890 655 1914; x_wconf 89' lang='lat' dir='ltr'>est</span> <span class='ocrx_word' id='word_1_160' title='bbox 674 1879 885 1926; x_wconf 88' lang='lat' dir='ltr'>impudens,</span> <span class='ocrx_word' id='word_1_161' title='bbox 906 1880 1036 1922; x_wconf 83' lang='lat' dir='ltr'>audax,</span> <span class='ocrx_word' id='word_1_162' title='bbox 1050 1882 1100 1915; x_wconf 89' lang='lat' dir='ltr'>in·</span> <span class='ocrx_word' id='word_1_163' title='bbox 1160 1881 1277 1927; x_wconf 90' lang='lat' dir='ltr'>inquit</span> <span class='ocrx_word' id='word_1_164' title='bbox 1294 1881 1418 1921; x_wconf 89' lang='lat' dir='ltr'>Poeta,</span> <span class='ocrx_word' id='word_1_165' title='bbox 1438 1879 1525 1913; x_wconf 90' lang='lat' dir='ltr'>dum</span> <span class='ocrx_word' id='word_1_166' title='bbox 1547 1887 1580 1912; x_wconf 85' lang='lat' dir='ltr'>te</span> <span class='ocrx_word' id='word_1_167' title='bbox 1602 1890 1705 1924; x_wconf 85' lang='lat' dir='ltr'>rogo,</span> <span class='ocrx_word' id='word_1_168' title='bbox 1724 1890 1746 1912; x_wconf 95' lang='lat' dir='ltr'>o</span> <span class='ocrx_word' id='word_1_169' title='bbox 1764 1878 1837 1911; x_wconf 91' lang='lat' dir='ltr'>Do-</span> 
     </span>
     <span class='ocr_line' id='line_1_22' title="bbox 423 1930 1837 1978; baseline -0.001 -12"><span class='ocrx_word' id='word_1_170' title='bbox 423 1933 635 1973; x_wconf 66' lang='lat' dir='ltr'>saturahilis‚</span> <span class='ocrx_word' id='word_1_171' title='bbox 659 1933 774 1978; x_wconf 86' lang='lat' dir='ltr'>inquit</span> <span class='ocrx_word' id='word_1_172' title='bbox 804 1935 993 1968; x_wconf 82' lang='lat' dir='ltr'>Domitius.</span> <span class='ocrx_word' id='word_1_173' title='bbox 1018 1935 1101 1967; x_wconf 87' lang='lat' dir='ltr'>For·</span> <span class='ocrx_word' id='word_1_174' title='bbox 1161 1934 1303 1969; x_wconf 87' lang='lat' dir='ltr'>mitiane</span> <span class='ocrx_word' id='word_1_175' title='bbox 1316 1961 1324 1977; x_wconf 87' lang='lat'><strong><em>,</em></strong></span> <span class='ocrx_word' id='word_1_176' title='bbox 1342 1942 1375 1967; x_wconf 87' lang='lat' dir='ltr'>te</span> <span class='ocrx_word' id='word_1_177' title='bbox 1395 1935 1508 1967; x_wconf 88' lang='lat' dir='ltr'>Deum</span> <span class='ocrx_word' id='word_1_178' title='bbox 1526 1944 1599 1967; x_wconf 85' lang='lat' dir='ltr'>esse</span> <span class='ocrx_word' id='word_1_179' title='bbox 1618 1930 1837 1966; x_wconf 84' lang='lat' dir='ltr'>demonstro.</span> 
     </span>
    </p>
   </div>
   <div class='ocr_carea' id='block_1_9' title="bbox 1030 2070 1234 2125">
    <p class='ocr_par' dir='ltr' id='par_1_12' title="bbox 1030 2070 1234 2125">
     <span class='ocr_line' id='line_1_23' title="bbox 1030 2070 1234 2125; baseline -0.005 0"><span class='ocrx_word' id='word_1_180' title='bbox 1030 2070 1234 2125; x_wconf 89' lang='lat' dir='ltr'><strong>XXV.</strong></span> 
     </span>
    </p>
   </div>
   <div class='ocr_carea' id='block_1_10' title="bbox 1346 2207 1363 2223">
    <p class='ocr_par' dir='ltr' id='par_1_13' title="bbox 1346 2207 1363 2223">
     <span class='ocr_line' id='line_1_24' title="bbox 1346 2207 1363 2223; baseline 0 -4"><span class='ocrx_word' id='word_1_181' title='bbox 1346 2207 1363 2223; x_wconf 65' lang='lat'><em>4</em></span> 
     </span>
    </p>
   </div>
   <div class='ocr_carea' id='block_1_11' title="bbox 902 2226 1332 2255">
    <p class='ocr_par' dir='ltr' id='par_1_14' title="bbox 902 2226 1332 2255">
     <span class='ocr_line' id='line_1_25' title="bbox 902 2226 1332 2255; baseline -0.007 0"><span class='ocrx_word' id='word_1_182' title='bbox 902 2227 957 2255; x_wconf 78' lang='grc' dir='ltr'>ΙΝ</span> <span class='ocrx_word' id='word_1_183' title='bbox 1011 2226 1332 2255; x_wconf 68' lang='grc' dir='ltr'><strong>ΟΡΡΙΑΝΠὟῙ.</strong></span> 
     </span>
    </p>
   </div>
   <div class='ocr_carea' id='block_1_12' title="bbox 643 2349 1496 2481">
    <p class='ocr_par' dir='ltr' id='par_1_15' title="bbox 643 2349 1496 2481">
     <span class='ocr_line' id='line_1_26' title="bbox 643 2349 1456 2411; baseline -0.002 -18"><span class='ocrx_word' id='word_1_184' title='bbox 643 2352 820 2394; x_wconf 82' lang='lat' dir='ltr'><strong>V1D15T1</strong></span> <span class='ocrx_word' id='word_1_185' title='bbox 853 2349 1007 2403; x_wconf 83' lang='lat' dir='ltr'>semel,</span> <span class='ocrx_word' id='word_1_186' title='bbox 1033 2351 1259 2411; x_wconf 81' lang='lat' dir='ltr'>Oppiane,</span> <span class='ocrx_word' id='word_1_187' title='bbox 1286 2357 1456 2393; x_wconf 87' lang='lat' dir='ltr'>tantum</span> 
     </span>
     <span class='ocr_line' id='line_1_27' title="bbox 644 2419 1496 2481; baseline -0.001 -18"><span class='ocrx_word' id='word_1_188' title='bbox 644 2421 823 2480; x_wconf 85' lang='lat' dir='ltr'>AEgrum</span> <span class='ocrx_word' id='word_1_189' title='bbox 851 2437 920 2464; x_wconf 78' lang='lat' dir='ltr'>me</span> <span class='ocrx_word' id='word_1_190' title='bbox 949 2421 1089 2464; x_wconf 86' lang='lat' dir='ltr'>male:</span> <span class='ocrx_word' id='word_1_191' title='bbox 1118 2430 1297 2481; x_wconf 69' lang='lat' dir='ltr'>saepete</span> <span class='ocrx_word' id='word_1_192' title='bbox 1323 2419 1496 2463; x_wconf 85' lang='lat' dir='ltr'>videbo.</span> 
     </span>
    </p>
   </div>
   <div class='ocr_carea' id='block_1_13' title="bbox 428 2555 1842 2710">
    <p class='ocr_par' dir='ltr' id='par_1_16' title="bbox 428 2555 1842 2710">
     <span class='ocr_line' id='line_1_28' title="bbox 481 2555 1841 2603; baseline -0.001 -14"><span class='ocrx_word' id='word_1_193' title='bbox 481 2555 493 2567; x_wconf 73' lang='lat'><em>⁶</em></span> <span class='ocrx_word' id='word_1_194' title='bbox 513 2559 555 2590; x_wconf 82' lang='lat' dir='ltr'>Et</span> <span class='ocrx_word' id='word_1_195' title='bbox 580 2559 636 2590; x_wconf 67' lang='lat' dir='ltr'>hic</span> <span class='ocrx_word' id='word_1_196' title='bbox 662 2559 755 2591; x_wconf 78' lang='lat' dir='ltr'>nulla</span> <span class='ocrx_word' id='word_1_197' title='bbox 785 2567 834 2592; x_wconf 83' lang='lat' dir='ltr'>est</span> <span class='ocrx_word' id='word_1_198' title='bbox 858 2559 1017 2592; x_wconf 83' lang='lat' dir='ltr'>lectionis</span> <span class='ocrx_word' id='word_1_199' title='bbox 1042 2571 1101 2591; x_wconf 66' lang='lat' dir='ltr'>va·</span> <span class='ocrx_word' id='word_1_200' title='bbox 1222 2572 1249 2592; x_wconf 86' lang='lat'>1.</span> <span class='ocrx_word' id='word_1_201' title='bbox 1275 2558 1432 2603; x_wconf 73' lang='lat' dir='ltr'>Oppium.</span> <span class='ocrx_word' id='word_1_202' title='bbox 1459 2558 1568 2601; x_wconf 84' lang='lat' dir='ltr'>Cujus</span> <span class='ocrx_word' id='word_1_203' title='bbox 1598 2555 1758 2589; x_wconf 86' lang='lat' dir='ltr'>meminit</span> <span class='ocrx_word' id='word_1_204' title='bbox 1782 2556 1841 2589; x_wconf 84' lang='lat' dir='ltr'>lib.</span> 
     </span>
     <span class='ocr_line' id='line_1_29' title="bbox 428 2608 1842 2657; baseline -0.001 -14"><span class='ocrx_word' id='word_1_205' title='bbox 428 2612 528 2644; x_wconf 78' lang='lat' dir='ltr'>rietus</span> <span class='ocrx_word' id='word_1_206' title='bbox 559 2611 594 2643; x_wconf 89' lang='lat' dir='ltr'>in</span> <span class='ocrx_word' id='word_1_207' title='bbox 623 2612 854 2652; x_wconf 77' lang='lat' dir='ltr'>membranis,</span> <span class='ocrx_word' id='word_1_208' title='bbox 886 2621 945 2646; x_wconf 79' lang='lat' dir='ltr'>aut</span> <span class='ocrx_word' id='word_1_209' title='bbox 968 2612 1101 2646; x_wconf 75' lang='lat' dir='ltr'>excusis</span> <span class='ocrx_word' id='word_1_210' title='bbox 1164 2612 1252 2651; x_wconf 69' lang='lat' dir='ltr'>Vll,</span> <span class='ocrx_word' id='word_1_211' title='bbox 1273 2612 1383 2657; x_wconf 83' lang='lat' dir='ltr'>epigr.</span> <span class='ocrx_word' id='word_1_212' title='bbox 1405 2623 1463 2651; x_wconf 79' lang='grc' dir='ltr'>ιν,</span> <span class='ocrx_word' id='word_1_213' title='bbox 1490 2618 1523 2643; x_wconf 79' lang='lat' dir='ltr'>et</span> <span class='ocrx_word' id='word_1_214' title='bbox 1552 2609 1614 2643; x_wconf 87' lang='lat' dir='ltr'>lib.</span> <span class='ocrx_word' id='word_1_215' title='bbox 1635 2609 1708 2650; x_wconf 79' lang='lat' dir='ltr'>VI,</span> <span class='ocrx_word' id='word_1_216' title='bbox 1731 2608 1842 2655; x_wconf 79' lang='lat' dir='ltr'>epigr.</span> 
     </span>
     <span class='ocr_line' id='line_1_30' title="bbox 429 2662 1840 2710; baseline -0.002 -13"><span class='ocrx_word' id='word_1_217' title='bbox 429 2664 696 2709; x_wconf 59' lang='lat' dir='ltr'>exemplaribus.</span> <span class='ocrx_word' id='word_1_218' title='bbox 1163 2677 1236 2698; x_wconf 77' lang='lat' dir='ltr'>xmi</span> <span class='ocrx_word' id='word_1_219' title='bbox 1248 2690 1257 2705; x_wconf 95' lang='lat'>‚</span> <span class='ocrx_word' id='word_1_220' title='bbox 1278 2665 1338 2710; x_wconf 91' lang='lat' dir='ltr'>qui</span> <span class='ocrx_word' id='word_1_221' title='bbox 1355 2675 1491 2709; x_wconf 80' lang='lat' dir='ltr'>semper</span> <span class='ocrx_word' id='word_1_222' title='bbox 1509 2662 1589 2695; x_wconf 78' lang='lat' dir='ltr'>mali</span> <span class='ocrx_word' id='word_1_223' title='bbox 1609 2670 1681 2695; x_wconf 82' lang='lat' dir='ltr'>erat</span> <span class='ocrx_word' id='word_1_224' title='bbox 1698 2662 1840 2696; x_wconf 76' lang='lat' dir='ltr'>coloris.</span> 
     </span>
    </p>
   </div>
  </div>
 </body>
</html>
