1978 3305
432 210 489 253 δ’),
797 211 857 253 Μ.
894 211 1032 254 VAL.
1073 211 1460 255 MARTIALIS

639 297 722 341 Sed
745 299 950 358 gestatio,
975 296 1152 351 fabulae,
1179 296 1331 353 libelli,

637 368 851 428 Campus,
879 369 1093 427 porticus,
1114 367 1292 422 umbra,
1315 369 1460 429 virgo,
1481 369 1681 425 thermae3

636 439 740 481 Haec
765 446 908 480 essent
930 435 1024 480 loca
1049 453 1243 497 semper,
1266 438 1311 481 hi
1337 437 1516 482 labores.

637 508 764 550 Nunc
789 506 897 549 vivit
921 506 1000 549 sibi
1023 516 1199 561 neuter,
1222 504 1324 551 heu!
1353 508 1577 570 bonosque

635 575 756 619 Soles
781 574 976 637 effugere
1001 586 1132 638 atque
1156 577 1276 621 abire
1302 578 1455 622 sentit:

634 646 722 703 Qui
744 646 866 690 nobis
887 656 1096 707 pereunt,
1118 657 1161 691 et
1181 648 1466 709 imputantur.

635 717 875 777 Quisquam
904 717 1049 761 vivere
1075 734 1210 778 quum
1234 719 1359 775 sciat,
1382 718 1609 763 moratur?

425 869 495 889 non
528 855 718 888 coleremus
745 854 880 887 nobiles
910 853 1100 899 superbos,

424 910 485 954 qui
514 907 559 941 de
585 908 686 953 longa
720 914 966 948 stemmatum,
994 914 1099 950 atque

424 962 617 1007 imaginum
658 960 746 994 serie
784 959 988 1005 gloriantur.
1032 960 1099 993 Res

423 1014 589 1060 praeclare
611 1021 721 1059 gestas
751 1012 960 1058 imaginibus
980 1011 1100 1045 inscri-

425 1068 507 1101 bere
524 1079 600 1101 mos
619 1075 705 1100 erat.
728 1066 804 1099 Lib.
825 1066 879 1106 II,
897 1065 1008 1110 epigr.
1030 1077 1070 1098 xc
1088 1078 1095 1097 :

427 1138 441 1150 ‹-
463 1120 631 1166 Atriaque
657 1117 853 1153 immodicis
881 1125 988 1152 arctat
1012 1117 1098 1151 ima-

421 1173 575 1219 ginibus.
598 1189 611 1202 υ

480 1228 512 1260 8.
540 1225 696 1260 Gestatio.
716 1223 900 1269 DupIIcem
922 1223 1028 1256 habet
1045 1223 1098 1256 in-

425 1279 623 1312 tellectum:
642 1278 759 1324 primo
786 1288 889 1310 sensu
917 1284 1015 1309 notat
1038 1289 1097 1310 ve-

423 1332 574 1366 ctionem
589 1357 599 1373 ,
618 1344 694 1377 quae
710 1329 831 1363 lectica
844 1355 853 1370 ‚
878 1329 960 1363 sella
972 1355 980 1371 ‚
999 1329 1096 1362 vebi-

423 1385 523 1426 culo,
534 1384 613 1418 navi
627 1383 727 1418 solita
743 1383 840 1425 fieri;
855 1382 963 1415 altero
982 1382 1097 1427 ipsum

423 1437 559 1479 locum,
590 1437 627 1470 in
655 1448 726 1482 quo
754 1436 985 1481 gestabantur.
1016 1435 1097 1468 Fuit

423 1499 537 1524 autem
563 1489 706 1535 gestatio
719 1514 730 1531 ,
749 1487 958 1522 valetudinis
977 1495 1011 1521 et
1032 1501 1094 1521 vo-

422 1543 564 1588 luptatis
600 1555 700 1577 causa
732 1542 922 1575 Veteribus
954 1553 1095 1587 compa-

423 1605 509 1630 rata.
529 1595 623 1629 Vide
644 1595 802 1636 Celsum,
823 1595 885 1627 lib.
904 1595 959 1636 ΙΙ,
975 1592 1019 1627 de
1044 1595 1095 1627 Re

423 1648 517 1683 Med.
531 1662 605 1695 cap.
623 1661 636 1682 1
648 1649 665 1682 5
679 1661 688 1689 ;
703 1648 763 1694 qui
778 1648 812 1681 in
824 1646 987 1692 gravibus
997 1659 1094 1680 mor-

424 1703 476 1736 bis
491 1702 580 1736 hanc
594 1701 773 1748 praedicat.
789 1701 867 1733 Lib.
886 1702 903 1733 I
917 1726 926 1741 ‚
941 1712 996 1745 ep.
1008 1712 1094 1742 xur,

423 1768 471 1789 vs.
495 1768 526 1788 2.
548 1778 601 1782 —
619 1754 795 1800 Significat
817 1765 955 1799 quoque
983 1751 1096 1786 deam-

421 1808 635 1842 bulationem
669 1807 852 1841 arboribus
879 1818 1023 1852 opacam
1050 1815 1096 1840 at-

420 1874 489 1908 que
517 1873 699 1894 amoenam.
727 1860 817 1893 Pliu.
843 1860 921 1905 jun.
949 1859 1010 1892 lib.
1035 1860 1094 1901 II,

420 1915 518 1960 epist.
560 1927 602 1960 17
632 1926 639 1946 ε
668 1931 682 1944 «
701 1912 857 1947 Gestatio
884 1913 1001 1953 buxo,
1033 1920 1095 1946 aut

418 1980 499 2001 rore
530 1967 686 2006 marino,
719 1966 779 1999 uhi
810 1965 929 1999 deficit
956 1966 1090 2005 buxus,

420 2020 584 2054 ambitur.
607 2037 619 2050 »
641 2018 734 2053 Vide
757 2019 875 2052 senec.
898 2017 1093 2064 Asclepiad.

419 2082 610 2119 utrumque
633 2072 798 2106 Plinium.
823 2072 962 2105 Paullus
983 2079 1094 2117 gesta·

421 2127 551 2160 tionem
571 2138 611 2159 ex
631 2125 816 2159 arboribus
831 2124 956 2158 confici
971 2123 1093 2166 tradit,

419 2180 442 2213 l.
462 2179 649 2225 competit,
669 2177 843 2220 16.Quod
865 2178 899 2210 vi
917 2187 976 2212 aut
992 2178 1092 2211 elam.

420 2232 591 2277 Ulpianus
609 2244 615 2265 :
633 2231 692 2264 «Si
706 2231 794 2265 sorte
808 2257 817 2273 ,
840 2231 971 2277 inquit,
990 2231 1091 2265 volu-

419 2286 507 2329 ptati
529 2285 592 2318 suit
619 2283 790 2330 praedium
803 2311 812 2326 ‚
831 2283 996 2318 viridaria
1012 2310 1020 2325 ‚
1039 2284 1093 2317 vel

419 2338 644 2384 gestationes,
654 2338 709 2371 vel
724 2337 1025 2371 deambulationes
1039 2350 1093 2370 ar-

419 2391 564 2425 boribus
592 2391 816 2424 infructuosis
844 2403 967 2437 opacas
987 2399 1092 2436 atquc

419 2456 568 2477 amoenas
577 2443 707 2477 liabens
717 2469 726 2484 ,
737 2457 806 2477 non
819 2444 959 2477 debebit
970 2443 1093 2489 dejice-

419 2510 477 2537 re,
498 2505 535 2531 ut
554 2498 642 2531 sorte
655 2497 775 2531 hortos
794 2497 894 2531 faciat
912 2497 1090 2538 olitorios‚

1159 854 1213 888 vel
1226 853 1323 888 aliud
1338 854 1435 901 quod
1445 855 1489 889 ad
1500 854 1653 890 reditum
1663 867 1804 903 spectat.
1814 877 1828 889 x»

1214 919 1248 951 9.
1267 908 1380 952 Virga
1395 909 1530 954 Aquam
1549 909 1720 955 virginem
1735 911 1834 945 intel·

1158 959 1245 1004 lige,
1268 959 1312 993 de
1334 973 1401 1006 qua
1422 961 1484 995 lib.
1505 963 1575 1003 VI,
1596 963 1706 1008 epigr.
1728 976 1832 1008 xL11;

1158 1021 1192 1046 et
1215 1013 1407 1055 Marliano,
1425 1012 1487 1047 lib.
1511 1015 1583 1056 VI,
1604 1027 1679 1061 cap.
1705 1016 1771 1058 15;
1797 1026 1832 1052 et

1157 1065 1292 1107 Plinio,
1314 1066 1375 1099 lib.
1387 1066 1528 1108 XXXI,
1543 1079 1618 1113 cap.
1634 1068 1832 1104 3.—Hanc

1157 1118 1310 1164 Agrippa
1325 1117 1473 1152 deduxit
1490 1121 1654 1161 Romam,
1671 1121 1726 1155 via
1739 1122 1832 1156 Prae-

1157 1171 1302 1205 nestina.
1338 1172 1483 1217 Isis-ginis
1516 1172 1640 1206 habuit
1669 1186 1797 1208 nomen
1821 1201 1831 1217 ,

1157 1223 1272 1257 Plinio
1299 1232 1404 1264 teste,
1438 1224 1518 1270 quia
1547 1226 1805 1260 Herculaneum
1822 1253 1832 1269 ,

1156 1276 1271 1310 rivum
1285 1277 1523 1323 propinquum
1535 1304 1544 1319 ,
1559 1279 1716 1324 refugere
1732 1280 1833 1314 vide-

1157 1337 1225 1362 tur.
1241 1329 1334 1363 Alias
1346 1329 1502 1375 ejusdem
1518 1333 1739 1376 cognomenti
1755 1345 1833 1366 cau-

1155 1394 1208 1415 sas
1235 1382 1337 1415 affert
1358 1381 1485 1417 erudit.
1511 1384 1683 1430 interpres
1705 1385 1831 1419 Plinia-

1156 1447 1243 1476 nus,
1270 1435 1332 1468 lib.
1361 1436 1499 1477 XXXI,
1521 1449 1595 1482 cap.
1624 1437 1667 1477 3,
1694 1431 1734 1471 n⁰
1765 1439 1830 1480 25,

1156 1496 1238 1521 tom.
1257 1488 1322 1521 IV.
1339 1488 1416 1522 Hoc
1430 1501 1625 1534 cognomen
1648 1490 1706 1523 alii
1724 1491 1830 1524 Tibe-

1155 1541 1210 1574 rio
1233 1539 1447 1575 adscribunt.

1211 1605 1224 1626 1
1236 1606 1266 1626 1.
1284 1594 1459 1641 Bonosque.
1478 1595 1615 1641 Nempe
1637 1594 1680 1629 ad
1700 1596 1822 1629 viven-

1154 1645 1238 1679 dum
1260 1646 1429 1681 hilariter.
1458 1669 1499 1675 --
1524 1648 1623 1682 Soles.
1644 1649 1740 1683 Soles
1760 1662 1826 1695 pro

1154 1698 1277 1733 diebus
1292 1698 1381 1733 dixit
1396 1700 1517 1734 Horat.
1534 1701 1600 1743 IV,
1621 1701 1689 1735 Od.
1710 1702 1748 1744 5,
1773 1715 1793 1747 7
1818 1715 1826 1734 :

1159 1769 1172 1782 α
1181 1752 1316 1798 Populo
1325 1753 1455 1798 gratior
1466 1754 1493 1786 it
1505 1752 1593 1794 dies,
1604 1755 1649 1788 Et
1659 1755 1745 1789 soles
1759 1767 1829 1789 me·

1153 1806 1219 1839 lius
1235 1806 1360 1840 nitent.
1377 1823 1391 1836 ι»
1411 1806 1511 1852 Virg.
1528 1807 1649 1852 Eelog.
1666 1808 1736 1849 IX,
1755 1809 1772 1842 5
1785 1821 1797 1842 1
1819 1820 1827 1841 τ

1159 1875 1172 1888 «
1191 1858 1288 1905 Saepe
1312 1871 1375 1904 ego
1393 1859 1515 1905 longos
1536 1859 1721 1894 Cantando
1739 1873 1827 1906 pue·

1153 1924 1232 1945 rum
1247 1912 1389 1945 memini
1406 1924 1461 1945 me
1478 1911 1629 1946 condere
1644 1914 1741 1947 soles.
1757 1932 1770 1943 ›-

1210 1965 1265 1998 13.
1312 1966 1359 1998 Et
1397 1969 1599 2010 imputantur.
1634 1966 1710 2001 Hoc
1751 1975 1801 2000 est
1818 1993 1827 2008 ,

1155 2018 1252 2051 Alius
1279 2017 1353 2051 dies
1377 2031 1449 2051 non
1480 2017 1660 2061 redditur,
1685 2032 1751 2066 pro
1785 2032 1826 2053 eo

1153 2082 1257 2116 quem
1270 2070 1442 2104 inutiliter
1452 2071 1685 2117 absumpsisti.
1695 2072 1827 2113 Lib.X,

1154 2124 1264 2170 epigr.
1283 2137 1378 2158 xum
1398 2143 1411 2154 «
1427 2123 1562 2158 Gaudia
1579 2133 1615 2158 tu
1635 2124 1771 2161 differs,
1790 2133 1825 2158 at

1153 2189 1225 2210 non
1258 2185 1291 2210 et
1323 2177 1468 2210 stamina
1500 2176 1621 2212 differt
1649 2180 1800 2223 Atropos
1814 2205 1823 2220 ‚

1154 2239 1257 2276 atquc
1279 2231 1391 2263 omnis
1407 2231 1569 2264 scribitur
1587 2231 1672 2264 hora
1693 2231 1768 2264 tibi.
1788 2248 1802 2260 n

1212 2296 1223 2316 1
1235 2288 1267 2324 [3.
1303 2285 1477 2330 Quisquam
1498 2285 1602 2317 ἰ’ἰνενο
1622 2297 1714 2330 quum
1733 2287 1823 2317 sciat.

1153 2335 1208 2369 Sic
1230 2337 1288 2370 lib.
1310 2338 1345 2374 1,
1366 2337 1475 2383 epigr.
1496 2349 1569 2370 xvi.
1592 2337 1720 2371 Sensus
1740 2349 1749 2370 ε
1773 2337 1824 2370 vi-

1151 2401 1232 2422 vere
1271 2402 1378 2435 quum
1416 2390 1533 2435 possit.
1581 2390 1700 2423 Horat.
1748 2390 1823 2422 Art.

1152 2443 1247 2476 Poet.
1274 2442 1346 2487 390
1368 2454 1375 2475 ε
1398 2461 1411 2472 «ι
1431 2443 1548 2476 Nescit
1565 2456 1629 2476 vox
1652 2443 1749 2476 missa
1770 2455 1823 2475 re-

1152 2496 1251 2529 verti.
1270 2514 1282 2525 n
1315 2497 1372 2530 Sic
1405 2497 1598 2530 ἐπίστασθαι
1620 2495 1761 2530 Graecis.
