1978 3305
487 228 575 272 ¹92

858 212 920 253 M.
946 211 1085 254 VAL.
1125 211 1520 254 MARTIALIS

691 298 877 357 Serpens
902 296 946 338 in
972 304 1123 356 patera
1143 294 1341 356 Myronis
1364 305 1484 351 arte3

691 367 906 410 Vaticana
932 365 1044 409 bibis
1067 382 1076 408 ε
1103 365 1215 409 bibis
1242 381 1473 410 venenum.

537 518 569 538 2.
584 504 728 538 Mironas
743 503 779 536 in
793 502 918 537 eodem
932 501 1054 537 codice
1067 515 1076 544 ;
1090 515 1156 536 un-

480 557 524 591 de
540 555 775 590 Beverlandus
792 556 857 601 legi
873 555 976 601 jussit
992 556 1156 601 Illyronos.

481 632 532 637 —
553 610 699 656 Birt-onis
725 617 804 643 arte.
835 608 1029 654 Sculptoris
1055 609 1159 642 nobi-

480 663 539 703 lis,
555 661 599 695 de
615 674 686 707 quo
705 662 766 695 lib.
784 663 857 704 IV,
876 662 984 708 epigr.
1003 673 1120 695 xxxlx.

535 714 569 748 3.
593 713 710 749 Codd.
736 715 892 748 Florent.
918 722 953 748 et
973 715 1053 748 Vat.
1080 714 1159 748 bibis

761 776 875 801 metro
906 768 1076 801 obstante.
1113 788 1158 794 —-

486 821 645 853 Vaticana
680 820 771 853 bibis.
815 821 904 862 Quae
945 828 1046 854 erant
1081 832 1161 866 pes·

481 873 580 907 sima.
602 871 695 908 Vide
713 873 777 907 lib.
797 874 830 915 Ι,
860 873 970 919 epigr.
997 886 1070 907 xlx.
1096 873 1162 906 Vi-

481 776 514 800 et
543 780 696 800 ‘venenum
718 794 726 807 ,

1219 515 1304 537 num
1316 514 1405 537 vero
1411 503 1623 538 Vaticanum
1632 529 1642 546 ‚
1651 517 1711 539 seu
1724 505 1875 539 toxicum
1884 531 1894 545 ,

1218 564 1257 589 nt
1275 555 1363 590 dixit
1383 556 1489 590 citato
1508 557 1787 603 Epigrammate‚
1810 559 1897 592 mire

1218 608 1384 643 convenit
1401 621 1483 643 cum
1501 618 1663 656 serpente
1680 623 1842 656 expresso
1861 611 1897 644 in

1219 669 1358 708 patera,
1373 674 1450 708 quae
1467 670 1518 696 est
1534 663 1652 708 poculi
1667 675 1778 708 genus
1788 663 1898 697 latum

1219 727 1258 749 ac
1284 723 1421 760 patens.
1437 735 1489 741 —-
1507 716 1612 749 Mons
1637 715 1849 758 Vaticanus,
1874 717 1900 748 it

1225 768 1399 808 Vaticano,
1415 779 1526 814 prope
1538 769 1686 803 Romam
1698 777 1789 810 erat,
1803 781 1898 802 nunc

1221 820 1259 853 in
1285 820 1360 866 ipsa
1388 822 1510 854 Roma.
1539 822 1582 855 In
1609 833 1652 855 eo
1679 820 1821 855 condita
1848 830 1900 855 est

1222 872 1438 907 admirabilis
1454 873 1601 908 Basilica
1616 874 1651 908 S.
1665 874 1771 907 Petri.
1785 875 1854 907 En.

1072 1008 1314 1066 XCIII.

1022 1160 1088 1188 DE
1126 1159 1358 1189 THAIDE.

554 1282 663 1325 TAM
690 1279 803 1323 male
825 1279 957 1322 Thais
982 1277 1096 1333 olet,
1113 1294 1245 1339 quam
1275 1296 1365 1323 non
1394 1279 1570 1324 fullonis
1599 1283 1718 1324 avari

625 1353 754 1395 Testa
780 1358 931 1403 vetus,
956 1348 1099 1392 media
1130 1348 1205 1392 sed
1236 1349 1368 1393 modo
1395 1349 1532 1394 fracta
1565 1351 1658 1405 via;

554 1423 658 1467 Non
689 1421 744 1464 ab
771 1437 920 1464 amore
949 1436 1102 1464 recens
1126 1419 1297 1477 hircu53
1328 1437 1418 1464 non
1449 1437 1526 1465 ora
1551 1419 1709 1474 leonis3

625 1493 729 1536 Non
754 1491 949 1535 detracta
980 1491 1076 1534 cani
1097 1490 1422 1534 Transtiberina
1453 1493 1587 1545 cuti53

544 1645 574 1667 1.
598 1634 678 1666 Tam
696 1632 778 1664 male
794 1631 893 1664 Thais
911 1631 992 1672 olet,
1006 1639 1071 1664 etc.
1090 1629 1164 1663 Ali-

485 1699 589 1734 quam
607 1686 727 1731 lupam
743 1697 803 1718 seu
820 1683 1056 1730 prostibulum
1068 1709 1077 1724 ‚
1099 1695 1164 1716 no-

488 1741 582 1774 mine
595 1737 740 1772 Thaidis
758 1745 859 1771 vexat
873 1737 978 1770 Poeta
992 1762 1001 1777 ,
1018 1744 1165 1782 propter

486 1792 758 1839 graveolentiam
774 1817 782 1830 ,
821 1803 897 1836 quae
929 1789 1096 1836 Harpyiis
1132 1797 1167 1823 et

487 1845 670 1881 Chimaeris
696 1843 791 1877 hisce
818 1843 1026 1876 communis.
1052 1842 1166 1876 Fuere

487 1898 639 1933 Thaides
656 1898 772 1931 amicae
783 1923 792 1938 ‚
815 1896 926 1942 poetis
940 1895 1058 1929 multis
1074 1895 1166 1929 cele-

487 1950 836 1986 bratae.—Full071is.
849 1949 951 1982 Fullo
967 1948 1099 1994 est,qui
1116 1956 1168 1982 to-

488 2019 546 2052 gas
566 2012 742 2045 recentat,
758 2011 792 2036 et
815 2002 967 2035 maculas
989 2013 1026 2035 ac
1046 2000 1167 2035 sordes

487 2073 506 2094 e
523 2068 602 2104 toga
621 2057 728 2098 eluit,
746 2064 780 2089 et
802 2053 922 2088 addito
941 2054 1113 2100 sulphure
1132 2063 1167 2088 et

488 2120 579 2147 creta
597 2122 735 2145 rursum
758 2107 963 2143 candefacit.
991 2107 1081 2140 Plin.
1103 2107 1166 2140 lib.

489 2165 646 2205 XXXV,
666 2176 741 2209 cap.
767 2174 832 2207 173
855 2174 914 2195 seu
931 2161 1112 2200 XXVIII,
1131 2161 1166 2194 8.

490 2220 594 2252 Avari
607 2216 712 2257 dicit,
732 2215 813 2261 quia
831 2226 997 2260 magnum
1014 2213 1166 2260 pretium

490 2284 554 2317 pro
578 2270 730 2304 vestibus
753 2267 965 2302 candefactis
991 2275 1050 2299 aut
1074 2279 1166 2300 ema-

491 2324 615 2358 culatis
635 2322 828 2367 exigebant.
852 2320 969 2354 Rader.

545 2390 578 2410 2.
605 2375 723 2411 Codex
744 2374 935 2408 Vaticanus
957 2387 963 2405 :
985 2387 1055 2419 quae
1077 2373 1167 2406 modo

491 2432 591 2464 (iacta
612 2433 677 2462 via.
704 2426 910 2462 Beverlamli
928 2426 1003 2460 MS.
1034 2429 1088 2459 ὐἱα
1109 2435 1166 2460 esi.

491 2506 539 2510 —
568 2484 660 2516 Testa
690 2490 778 2514 velus
795 2506 803 2519 ,
830 2489 897 2514 etc.
926 2480 1002 2521 Qun
1030 2480 1165 2513 urinam

490 2538 501 2577 (
520 2536 731 2570 camelorum
769 2534 918 2567 maxime
933 2558 943 2571 ,
974 2541 1060 2566 teste
1096 2533 1166 2566 Pli-

490 2590 550 2623 nio
569 2590 628 2622 lib.
652 2588 827 2627 XXVIII,
848 2599 921 2632 cap.
945 2584 986 2625 8)
1016 2586 1059 2619 ad
1082 2599 1166 2631 pur·

489 2642 679 2688 gandaruni
709 2640 858 2673 vestium
891 2652 990 2672 usum
1016 2639 1166 2684 excipie-

1223 1631 1308 1665 bant
1343 1631 1518 1672 fullones;
1553 1631 1626 1665 haec
1659 1639 1773 1665 autem
1807 1630 1903 1665 dolia

1224 1684 1361 1718 stabant
1373 1684 1409 1718 in
1426 1683 1585 1730 publice.
1600 1707 1652 1711 —
1667 1685 1797 1718 Fracta.
1811 1685 1904 1718 Tum

1225 1737 1318 1770 enim
1334 1737 1556 1783 gravissimus
1575 1746 1610 1771 et
1628 1737 1827 1772 teterrimus
1845 1750 1904 1772 ex-

1224 1790 1362 1824 halatur
1381 1789 1482 1824 odor.

1280 1842 1316 1877 3.
1346 1842 1464 1877 Codex
1488 1843 1680 1877 Thuaneus
1702 1855 1710 1877 :
1735 1856 1798 1876 non
1826 1843 1904 1876 hora

1226 1896 1333 1929 Ιεοηιζς.
1353 1895 1592 1930 Beverlandus
1612 1896 1679 1942 legi
1699 1896 1823 1942 jussit:
1843 1909 1904 1930 non

1225 1949 1279 1981 ala
1306 1950 1414 1983 leonis.
1437 1971 1488 1976 —-
1507 1950 1563 1983 Ab
1586 1963 1691 1982 amore
1712 1962 1814 1982 recens
1838 1949 1904 1982 lu'r-

1225 2015 1290 2035 cus.
1314 2001 1370 2036 Sic
1387 2003 1448 2036 lib.
1469 2003 1536 2044 IV,
1554 2002 1664 2049 epigr.
1688 2015 1738 2036 ιν.
1763 2002 1852 2035 Nam
1872 2011 1905 2036 et

1225 2054 1314 2088 hirci
1327 2064 1361 2089 et
1373 2055 1484 2097 cervi,
1496 2064 1529 2089 et
1540 2055 1605 2089 alia
1615 2055 1904 2100 animalia‚quum

1226 2117 1376 2149 coeunt,
1392 2108 1581 2142 deterrime
1600 2109 1731 2142 foetent.
1750 2109 1819 2141 Ora
1840 2108 1905 2141 lco-

1227 2163 1286 2194 nis.
1303 2162 1436 2195 Animae
1450 2161 1561 2195 leonis
1576 2161 1672 2195 virus
1684 2173 1797 2207 grave.
1812 2161 1903 2194 Plin.

1227 2213 1287 2247 lib.
1302 2214 1368 2254 XI,
1388 2226 1464 2259 cap.
1483 2214 1528 2248 53
1541 2227 1549 2256 ;
1562 2213 1634 2247 vid.
1649 2216 1780 2248 Annot.
1794 2213 1904 2260 prior.

1228 2267 1390 2313 Baptistae
1409 2267 1480 2309 Pii,
1499 2279 1573 2313 cap.
1596 2267 1654 2301 15.

1283 2324 1317 2360 4.
1357 2321 1432 2354 Non
1469 2320 1611 2354 detracta
1650 2321 1721 2352 lacu
1759 2319 1905 2364 margini

1227 2373 1419 2419 ascriptum
1440 2373 1582 2408 exhibet
1600 2373 1747 2407 Juntina
1765 2381 1903 2406 nostra:

1228 2427 1298 2459 lacu
1335 2427 1548 2472 interpretor
1585 2426 1701 2460 locum
1743 2424 1906 2471 putidum

1229 2480 1288 2513 ubi
1321 2479 1491 2514 coriarius
1519 2478 1672 2525 δέρματα
1699 2477 1907 2519 madefacit,

1227 2533 1392 2579 Anglicc,
1414 2547 1433 2564 a
1463 2537 1592 2578 tan-pit.
1625 2532 1659 2565 Si
1690 2536 1763 2564 cam
1792 2533 1908 2577 legen-

1228 2585 1311 2619 dnm
1329 2613 1338 2627 ‚
1377 2586 1532 2631 intellige
1570 2583 1677 2630 δέρμα
1716 2585 1905 2620 caninun1;

1227 2639 1328 2672 aliter
1350 2639 1445 2672 enim
1474 2639 1762 2683 interpretantur.
1778 2659 1817 2664 —
1845 2638 1907 2669 Dc·
