1978 3305
809 242 869 285 M.
892 242 1034 284 VAL.
1074 237 1459 283 MARTIALIS

1008 390 1262 447 XVIII.

973 543 1025 570 [N
1066 518 1288 571 LUpmffi*

640 671 874 721 DONASTI,
904 667 1051 726 Lupe,
1075 680 1148 708 rus
1174 665 1254 708 sub
1283 663 1405 708 Urbe
1431 664 1578 717 nobis;

638 737 722 784 Sed
752 753 826 781 rus
856 745 922 780 est
949 735 1057 779 mihi
1086 734 1226 795 majus
1255 735 1300 779 in
1325 734 1526 779 fenestra.

639 811 733 853 Rus
756 808 841 852 hoc
869 806 1037 862 dicere,
1062 822 1135 850 rus
1164 815 1289 867 potes
1314 804 1502 849 vocare?

639 882 691 923 In
722 895 809 940 quo
834 887 932 921 ruta
965 876 1069 921 facit
1095 892 1249 920 nemus
1276 876 1455 931 Dianae,

641 954 816 1012 Argutae
841 949 949 1009 tegit
975 947 1041 991 ala
1063 946 1181 1008 quod
1206 945 1387 1002 cicadae,

638 1019 771 1079 Quod
795 1019 978 1063 formica
1001 1018 1069 1062 die
1093 1016 1283 1061 comedit
1307 1032 1419 1072 uno,

639 1091 810 1136 Clausae
841 1089 910 1133 cui
939 1088 1091 1132 folium
1124 1103 1232 1132 rosae
1264 1103 1427 1132 corona
1454 1097 1540 1141 est;

634 1164 688 1206 In
714 1177 801 1222 quo
827 1175 915 1203 non
944 1158 1082 1219 magis
1107 1158 1328 1202 invenitur
1350 1157 1510 1211 herba,

637 1233 783 1290 Quam
814 1230 923 1275 costi
946 1228 1096 1273 folium
1113 1264 1124 1283 ,
1150 1229 1331 1290 piperve
1357 1228 1566 1282 crudum3

635 1306 685 1346 In
716 1318 803 1364 quo
833 1316 914 1345 nec
946 1300 1142 1345 cucumis
1168 1299 1314 1360 jacere
1340 1309 1511 1354 rectus,

636 1375 730 1418 Nec
759 1388 938 1433 serpens
964 1370 1163 1415 habitare
1188 1379 1281 1414 tota
1307 1371 1456 1431 possit.

638 1446 828 1489 Erucam
852 1441 964 1486 male
986 1442 1124 1502 pascit
1143 1441 1297 1486 hortus
1320 1457 1477 1497 unam3

635 1517 913 1575 Consumpto
946 1514 1133 1556 moritur
1155 1511 1282 1556 culex
1308 1510 1481 1567 salict03

636 1588 693 1630 Et
722 1584 840 1646 talpa
871 1593 937 1627 est
966 1583 1074 1627 mihi
1102 1582 1263 1639 fossor,
1288 1592 1419 1644 atque
1447 1593 1605 1627 arator.

638 1658 742 1701 Non
768 1653 939 1700 boletus
963 1654 1109 1710 hiare,
1139 1668 1228 1698 non
1254 1654 1451 1698 mariscae

640 1727 823 1782 Ridere,
850 1735 926 1769 aut
952 1724 1076 1768 violae
1100 1734 1250 1785 patere
1272 1735 1467 1785 possunt.

481 1876 497 1891 *
515 1879 573 1913 Ad
602 1879 721 1923 Lupum
745 1875 922 1908 Schrevel.
938 1873 1052 1906 Maitt.
1072 1882 1107 1906 et

427 1933 576 1968 Farnab.
588 1953 625 1958 —
634 1929 886 1964 Suburbanum
898 1925 1107 1973 praediolum

427 1995 539 2034 poetae
563 1984 714 2018 donarat
746 1982 932 2014 foenerator
963 1980 1107 2024 Lupus,

427 2040 472 2074 ad
493 2051 599 2086 quem
621 2044 703 2070 sunt
725 2035 827 2080 plura
845 2033 1106 2078 epigrammata.

426 2095 503 2127 Hoc
511 2093 618 2126 Poeta
631 2087 780 2122 mirifice
796 2086 885 2120 κατὰ
900 2086 1030 2131 μείωσιν
1044 2097 1108 2130 per

436 2146 546 2180 varias
568 2141 852 2188 comparationes
874 2146 1053 2180 extenuat3
1070 2150 1109 2172 ac

427 2198 572 2234 tandem
614 2193 855 2242 paranomasia
896 2190 1078 2225 concludit
1097 2216 1108 2232 ,

427 2252 531 2287 malle
543 2263 580 2284 se
596 2247 804 2296 prandium,
821 2258 925 2291 quam
941 2245 1009 2278 tale
1024 2257 1111 2290 prae-

430 2306 543 2340 dium.
560 2303 677 2337 Rader.
688 2322 741 2328 --
753 2300 810 2334 Sic
831 2299 904 2333 fere
920 2298 983 2331 lib.
997 2297 1088 2331 VIII
1102 2323 1111 2339 ,

427 2373 484 2405 ep.
510 2368 628 2391 xxxm
644 2381 653 2396 ,
671 2353 825 2401 phialam
854 2351 921 2385 sibi
949 2351 1110 2396 exiguam

429 2412 545 2446 datam
565 2407 712 2448 irridet;
733 2406 806 2440 Ubi
823 2403 917 2439 vide.
936 2404 1003 2438 Eo.

489 2477 502 2498 1
514 2464 679 2500 .Don‹1sti,
699 2461 799 2505 Lupe.
814 2458 906 2491 Huic
925 2457 1104 2503 geminum

430 2517 512 2551 vide
531 2517 566 2550 ΙΙ
579 2542 588 2558 ,
600 2513 790 2558 Antholog.
804 2511 982 2545 Luciliani
1002 2505 1104 2555 Ᾱγρὸν

432 2573 646 2615 Μηνοφάνης,
674 2575 740 2601 etc.
756 2587 810 2593 —
829 2566 894 2597 Rus
920 2564 977 2597 sub
1009 2563 1104 2597 Urbe·

432 2621 645 2658 Praediolum
671 2619 924 2654 suburbanum.

486 2691 516 2710 2.
541 2676 648 2717 ⁴Musas
669 2677 700 2706 in
711 2674 860 2713 fenestra.
877 2670 943 2705 Hic
962 2681 1105 2715 compa-

1168 1874 1321 1907 rationes
1331 1873 1525 1920 incipiunt‚
1539 1886 1603 1920 per
1614 1886 1700 1919 quas
1714 1872 1846 1907 donum

1168 1927 1460 1961 extenuatpoeta.

1224 1985 1258 2019 4.
1275 1981 1374 2014 Ruta.
1407 1980 1535 2015 Herbae
1569 1992 1692 2025 genus,
1725 1981 1847 2026 gallim⁴

1169 2033 1206 2065 de
1229 2034 1261 2066 la
1283 2047 1348 2067 rue.
1372 2034 1524 2067 Nemora
1546 2034 1668 2067 Dianae
1687 2046 1792 2067 sacra.

1225 2100 1258 2130 9.
1279 2086 1388 2120 Cosmi
1407 2087 1545 2120 Thuan.
1570 2085 1650 2120 cod.
1671 2108 1721 2112 —
1742 2087 1847 2131 Quam

1168 2141 1247 2172 costi
1275 2139 1406 2182 solium.
1437 2138 1549 2172 Radix
1576 2148 1628 2172 est
1663 2140 1845 2185 peregrina

1170 2192 1298 2226 eximio
1331 2191 1463 2233 odore,
1491 2192 1627 2226 Plinius
1654 2193 1716 2226 lib.
1753 2193 1848 2234 XII,

1169 2257 1244 2292 cap.
1283 2258 1340 2278 12·
1363 2267 1414 2272 —
1437 2245 1577 2279 Crudum
1607 2246 1709 2292 piper
1738 2244 1846 2286 dicit,

1170 2298 1204 2332 h.
1225 2311 1254 2332 e.
1279 2310 1358 2332 acre
1372 2323 1382 2339 ‚
1401 2299 1456 2332 vel
1474 2297 1635 2332 nondum
1655 2307 1844 2333 maturum.

1228 2363 1284 2386 10.
1302 2352 1416 2385 Latere
1428 2352 1620 2386 Vaticanus
1634 2351 1714 2386 cod.

1230 2417 1286 2438 ια.
1305 2405 1445 2439 Urucam
1464 2406 1539 2439 MS.
1558 2404 1777 2439 Rex-erlandi.
1794 2427 1846 2432 -

1170 2458 1205 2490 E
1206 2471 1324 2498 rucam,
1338 2459 1651 2492 etc.Vermiculu1n
1661 2484 1671 2500 ,
1681 2459 1739 2504 qui
1751 2459 1846 2492 olera

1165 2510 1375 2557 depascitur.

1224 2577 1236 2598 1
1248 2565 1282 2598 3.
1301 2564 1435 2598 Selicio.
1451 2563 1618 2598 Salictum
1636 2563 1731 2598 idem
1748 2563 1844 2610 quod

1166 2618 1345 2651 salicetum
1360 2644 1368 2659 ‚
1402 2618 1499 2651 locus
1533 2618 1637 2652 salice
1674 2618 1841 2651 consitus.

1221 2672 1272 2705 15.
1291 2671 1433 2705 Baletus.
1456 2671 1639 2717 Optimum
1667 2670 1763 2716 fungi
1785 2683 1842 2716 ge·
