1978 3305
359 219 940 264 EPIGRAMMATUM
979 218 1102 260 Llss.
1144 217 1229 258 Vl.

1411 214 1498 259 1613

678 359 918 415 ILJQIIL

555 505 625 532 An
673 482 1039 532 ΜΑΒῙΑΝ(Π»Ι.”ι

164 619 264 662 Scis
289 627 332 661 tc
362 617 526 677 captari
551 633 559 659 ε
584 618 666 660 scis
692 616 834 669 hunc,
860 616 933 674 qui
959 624 1129 675 captat,
1153 630 1364 667 avarum3

233 689 290 731 Et
315 688 396 731 scis
421 688 495 747 qui
522 695 694 746 captat,
715 684 840 746 quid,
870 685 1091 739 Mariane,
1115 684 1239 737 velit3

162 760 229 801 Tu
252 767 399 801 tamen
419 757 538 801 hunc
563 755 723 800 tabulis
748 754 989 810 haeredem»,
1017 753 1170 807 stulte,
1198 756 1411 815 supremis

231 828 417 882 Scribis,
446 836 489 870 et
519 843 611 871 esse
641 836 718 870 tuo
744 827 836 881 vis,
863 825 1047 880 furiose,
1070 824 1180 868 loco.

164 899 351 941 Munera
380 913 539 958 magna
564 896 739 958 quidem
765 897 906 951 misit,
933 895 1007 939 sed
1033 896 1149 939 misit
1172 897 1215 938 in
1242 895 1397 949 hamo3

233 970 291 1012 Et
318 969 580 1028 piscatorem
609 968 738 1028 piscis
766 982 912 1010 amare
941 965 1112 1027 potest?

164 1039 349 1082 Hiccine
379 1038 555 1082 deflebit
578 1054 684 1081 vero
713 1047 788 1081 tua
811 1037 899 1080 fata
923 1035 1102 1080 dolore?

235 1110 280 1153 Si
303 1110 449 1170 cupis,
472 1118 522 1152 ut
548 1107 691 1169 ploret
708 1143 719 1162 ,
745 1108 843 1161 des,
868 1108 1089 1157 Mariane,
1118 1106 1237 1149 nihil.

147 1233 162 1248 *
173 1237 347 1271 Convenit
363 1246 608 1282 argumentum
623 1249 703 1270 cum
716 1249 770 1269 su-

93 1290 245 1335 periore.
268 1290 465 1323 Marianum
490 1290 583 1323 enim
608 1288 769 1335 indigna-

94 1341 237 1375 bundus
256 1342 402 1384 irridet,
425 1342 520 1388 quod
540 1341 697 1375 fraudem
713 1355 768 1376 ca-

93 1403 239 1440 ptatoris
255 1408 326 1428 non
342 1404 452 1429 notet.

151 1460 166 1481 1
175 1474 182 1481 .
191 1448 260 1482 Scis
270 1457 299 1481 te
311 1452 447 1494 captari.
459 1449 659 1482 Marianum
672 1448 769 1481 hunc

93 1499 217 1534 irridet
230 1509 332 1546 poeta
343 1527 352 1543 ,
371 1502 431 1547 qui
446 1501 626 1535 blanditiis
641 1510 675 1535 et
691 1513 768 1534 mu-

93 1554 234 1587 neribus
252 1554 335 1588 illici
357 1567 392 1587 se
413 1554 610 1600 patiebatur
628 1555 672 1587 ab
689 1567 768 1587 ava-

94 1619 153 1642 ro,
176 1619 280 1652 quern
297 1608 387 1641 bene
408 1615 564 1641 noverat.
586 1608 654 1640 En.

151 1672 183 1693 2.
201 1660 308 1704 Quid,
324 1661 472 1693 Mariana
485 1687 493 1700 ‚
512 1661 601 1693 velit.
615 1660 769 1693 Mortem

95 1721 206 1753 tuam,
221 1725 292 1757 quo
306 1713 408 1747 citius
421 1713 559 1747 fruatur
573 1713 673 1746 bonis
688 1713 768 1746 tuis.

96 1765 174 1798 Lib.
194 1764 302 1807 VIII,
323 1766 432 1811 epigr.
455 1779 568 1800 xxvn.

151 1823 184 1859 4.
209 1819 290 1851 Esse
315 1826 367 1852 tuo
387 1821 456 1858 vis,
482 1827 548 1853 etc.
567 1820 608 1852 In
630 1819 745 1852 locum
758 1844 767 1857 ,

94 1872 170 1917 jus,
189 1879 224 1904 et
242 1872 336 1905 bona
358 1881 416 1905 tua
438 1871 636 1905 succedere.

885 1236 918 1270 5.
938 1236 1073 1268 ὒΙιιηρνα
1089 1247 1204 1279 magna
1226 1243 1327 1267 tamen
1346 1234 1382 1267 in
1398 1233 1502 1269 codd'.

828 1289 965 1321 Thuan.
989 1289 1070 1321 Vat.
1094 1295 1128 1321 et
1152 1288 1309 1321 Florent.
1335 1295 1370 1320 et
1395 1287 1443 1320 sic
1467 1288 1502 1320 in

827 1340 1006 1374 nonnullis
1024 1340 1105 1374 edd.
1126 1341 1330 1374 Lectionem
1349 1349 1503 1374 nostram

828 1394 997 1427 exhibent
1012 1393 1092 1428 edd.
1113 1401 1197 1426 vett.
1217 1415 1271 1420 —
1286 1393 1422 1426 ‚Munera
1440 1407 1505 1426 ma-

827 1460 914 1491 gna,
938 1455 1002 1480 etc.
1025 1447 1102 1480 Lib.
1127 1447 1191 1487 IV,
1214 1446 1324 1491 epigr.
1349 1459 1428 1486 1.v1‚
1452 1460 1502 1480 vs.

834 1512 848 1533 1
865 1514 874 1542 ;
892 1509 926 1533 et
943 1500 1005 1533 lib.
1023 1501 1070 1540 V,
1086 1499 1194 1544 epigr.
1214 1510 1305 1532 xvm
1318 1524 1326 1540 ‚
1346 1512 1394 1532 vs.
1416 1501 1449 1531 6.

883 1565 917 1597 7.
944 1552 1034 1586 Edd.
1059 1560 1144 1585 vett.
1169 1565 1236 1584 mea
1253 1553 1343 1594 fata,
1370 1552 1505 1597 impro-

828 1607 932 1639 bante
968 1605 1139 1638 Farnabio
1159 1616 1166 1637 :
1199 1612 1253 1637 tua
1280 1605 1357 1647 fata
1393 1604 1504 1638 codex

828 1658 1189 1692 Pulmanni.·-—-Ve1·o
1217 1665 1272 1690 tua
1291 1658 1379 1700 sata.
1400 1657 1505 1690 Fictae

829 1720 932 1744 erunt
947 1713 1022 1756 ejus
1041 1711 1224 1755 lacrymae;
1243 1709 1392 1743 haeredis
1411 1710 1506 1743 enim

830 1764 931 1798 fletus
952 1763 1139 1810 saepissime
1159 1763 1248 1796 risus
1270 1771 1332 1796 cst.

885 1819 919 1851 8.
938 1818 1005 1850 Des
1025 1817 1115 1850 nihil.
1131 1817 1229 1849 Vana
1249 1815 1507 1861 exspectatione

831 1869 990 1911 delusus,
1007 1878 1092 1902 tunc
1109 1881 1187 1902 vere
1205 1868 1312 1902 flebit.

690 1996 920 2053 LXJV.

518 2143 569 2170 [N
610 2119 1091 2170 DETRACTOREDL*

171 2256 322 2313 QUUM
354 2256 410 2300 sis
436 2272 516 2299 nec
540 2254 678 2315 rigida
701 2254 934 2298 Fabiorum
963 2262 1090 2313 gente
1120 2261 1314 2301 creatus,

154 2379 168 2393 '¹
188 2382 396 2428 Indignatur
421 2392 522 2428 poeta
540 2396 600 2416 sua
622 2383 774 2416 carmina

100 2437 197 2470 velut
215 2436 331 2481 turpia
343 2461 353 2478 ‚
371 2436 467 2480 carpi
484 2436 525 2468 ab
539 2448 580 2469 eo
592 2461 602 2476 ‚
621 2436 682 2481 qui
701 2444 774 2468 tur-

101 2489 182 2534 pior
196 2489 241 2522 sit
255 2489 324 2522 suis
337 2488 550 2522 carminibus
561 2514 571 2529 ‚
589 2501 657 2534 qua
668 2488 776 2521 mori-

103 2543 184 2583 bus,
198 2554 265 2588 qua
279 2541 469 2581 natalibus;
487 2541 553 2575 hoc
566 2553 650 2574 vero
664 2541 776 2573 feren-

104 2594 188 2628 dum
210 2607 282 2628 non
305 2606 398 2636 esse,
418 2597 514 2639 juxta
538 2603 571 2627 et
596 2592 777 2627 Juvenalis

105 2647 255 2689 dietum,
274 2648 368 2681 satir.
386 2660 413 2681 Π
428 2673 436 2689 ,
455 2659 495 2690 9:
514 2666 525 2677 «
538 2647 690 2692 Castigas
710 2655 779 2679 tur-

835 2382 891 2427 pia
904 2408 912 2421 ‚
929 2393 1039 2426 quum
1061 2381 1106 2413 sis
1123 2381 1220 2413 Inter
1240 2379 1433 2413 Socraticos
1449 2394 1513 2413 no-

836 2434 967 2467 tissima
987 2433 1073 2466 fossa
1093 2431 1256 2466 cinaedos.
1275 2450 1288 2462 ι»
1311 2433 1409 2466 Clam
1428 2446 1513 2466 vero

837 2487 1052 2520 occasionem
1096 2485 1206 2519 sumit
1241 2484 1513 2520 commendandi

838 2551 897 2573 sua
921 2538 1084 2572 carmina.
1108 2538 1191 2571 Rad.

898 2605 927 2625 1.
949 2592 1054 2636 Quum
1070 2594 1123 2625 ais.
1143 2591 1199 2624 Tu
1212 2617 1222 2631 ‚
1240 2603 1342 2637 quem
1364 2604 1429 2624 nec
1443 2603 1516 2625 ma-

838 2648 953 2690 jorum
979 2653 1124 2685 ornant,
1142 2656 1206 2677 nec
1229 2644 1380 2689 propriae
1404 2644 1518 2677 virtu-

1212 2701 1293 2753 I!⁵
