1978 3305
456 240 479 268 f

455 243 549 296 ³42

829 241 889 283 M.
916 241 1056 283 VAL.
1097 240 1485 286 MARTIALIS

523 329 632 385 Quis
654 327 797 388 potius
823 326 1009 387 cyathos
1023 361 1034 381 ‚
1061 335 1136 370 aut
1158 327 1253 387 quis
1278 327 1478 388 crystalla
1498 330 1693 374 tenebit?

593 399 694 454 Qua
718 398 886 458 sapient
913 395 1066 440 melius
1090 397 1223 440 mixta
1250 397 1430 442 Falerna
1454 399 1617 443 manu?

523 469 565 511 Si
591 477 679 511 tam
705 467 894 512 sidereos
922 476 1069 511 manet
1099 468 1236 511 exitus
1266 468 1345 512 iste
1371 470 1615 525 ministros,

596 539 766 599 Jupiter
788 547 936 581 utatur
958 539 1046 598 jam
1071 538 1324 598 Ganymede
1346 555 1500 600 coquo.

454 678 547 711 licet.
578 677 627 709 Ut
663 689 765 722 supra
797 677 926 710 violare
963 677 1055 721 Igne.
1078 699 1128 703 —

459 731 561 763 Uncto
572 729 716 775 capiunt
728 728 772 762 de
785 730 894 763 nidore
905 730 1018 763 culinae
1033 742 1128 763 com-

457 790 687 824 mentatores,
705 794 855 828 quorum
876 782 1066 824 Gruterus;
1082 783 1127 816 ita

455 845 570 870 tamen
584 844 622 869 ut
639 833 742 868 addat
747 835 889 879 foculum
896 837 1125 882 flammantem,

456 888 606 934 ideoque
625 901 696 922 una
720 896 755 922 et
767 889 892 931 fumum
912 891 977 933 ejus
998 897 1032 922 et
1044 889 1128 931 suli·

452 944 569 986 ginem.

510 994 545 1029 5.
565 994 646 1039 Quis
660 996 766 1040 potius
786 995 928 1041 cyathos,
949 1003 1016 1027 etc.
1038 994 1128 1035 Quis

454 1056 541 1081 esset
566 1047 674 1094 magis
701 1046 851 1081 idoneus
878 1047 1036 1081 minister
1062 1047 1127 1080 mi-

1187 676 1323 711 scendis
1336 678 1494 723 poculis?
1506 678 1583 712 Mos
1593 679 1686 712 enim
1699 680 1860 726 antiquus

1187 729 1462 764 adolescentulos
1480 730 1594 765 adhuc
1612 740 1646 765 et
1663 732 1860 777 pulcherri-

1187 796 1261 817 mos
1303 784 1529 829 epulantibus
1565 784 1708 831 cyathos
1744 787 1859 831 porri-

1186 849 1284 881 gere,
1300 837 1380 870 vina
1396 837 1603 871 ministrare.
1621 838 1687 871 ΕΙ).

1241 902 1275 934 7.
1298 889 1453 923 Sidet-eos.
1483 891 1560 924 Hoc
1586 899 1658 931 est,
1683 890 1860 936 pulchros.

1186 942 1242 976 Sic
1252 942 1465 976 Claudianus
1479 942 1523 976 de
1534 944 1676 976 Venere
1691 956 1698 976 :
1713 960 1726 973 ιι
1743 944 1864 989 spissa-

1187 1007 1256 1040 que
1279 994 1430 1029 sidereos
1455 1008 1520 1041 per
1545 996 1699 1041 gramina
1725 995 1863 1030 fuderat

1187 1047 1406 1081 artus.»Vid.
1421 1049 1485 1082 lib.
1508 1049 1579 1090 IX,
1598 1049 1707 1094 epigr.
1726 1062 1860 1083 xxxvn.

1017 1182 1288 1237 LXVII.

818 1340 1185 1370 EPITAPHIUM
1224 1322 1500 1370 verume*

631 1468 835 1510 PYRRHAE
859 1463 946 1508 filia
967 1499 978 1517 ‚
997 1464 1194 1507 Nestoris
1218 1480 1408 1508 noverca
1422 1500 1434 1520 ‚

630 1538 774 1594 Quam
805 1534 915 1579 vidit
940 1534 1082 1579 Niobe
1107 1533 1252 1595 puella
1280 1550 1434 1578 canam
1452 1571 1462 1590 ‚

628 1609 807 1651 Laertes
831 1606 972 1649 aviam
999 1621 1129 1650 senex
1149 1606 1350 1657 vocavit,

628 1677 856 1722 Nutricem
881 1678 1104 1732 Priamus,
1129 1693 1304 1720 socrum
1328 1676 1563 1737 Thyestes;

625 1750 721 1793 Jam
746 1748 992 1792 cornicibus
1018 1747 1220 1791 omnibus
1245 1757 1482 1808 superstes,
1850 1764 1862 1787 s

632 1821 728 1863 Hoc
757 1818 929 1862 tandem
961 1819 1042 1861 sita
1073 1818 1214 1879 prurit
1243 1818 1286 1861 in
1314 1817 1515 1878 sepulcro

628 1889 764 1934 Calvo
786 1888 923 1933 Plotia
947 1906 1045 1932 cum
1066 1887 1378 1932 Melanthione.

512 2024 524 2038 “
553 2030 651 2061 Anus
680 2026 902 2066 libidinosae,
934 2027 967 2059 in
1003 2026 1129 2059 tumuli

456 2082 705 2128 inscriptione,
727 2080 838 2126 carpit
858 2088 892 2113 et
916 2087 1129 2113 senectutem

459 2137 551 2169 ultra
573 2135 652 2168 vitae
672 2135 833 2167 hunianae
857 2132 985 2166 limites
1005 2144 1132 2178 proro-

456 2198 566 2235 gatam
585 2213 595 2229 ‚
633 2197 667 2221 et
708 2187 908 2227 lasciviam3
945 2193 1133 2231 utrumque

454 2241 679 2288 ὑπερὲολικῶς.
692 2241 758 2273 En.

517 2308 548 2328 1.
567 2294 702 2339 Hyr-rho:
714 2293 802 2338 filia.
822 2292 941 2338 Epigr.
960 2304 1065 2325 xxxix
1081 2305 1135 2325 su-

458 2361 540 2394 pra,
567 2346 664 2393 quod
685 2355 735 2380 est
756 2347 859 2380 etiarn
886 2345 921 2378 in
947 2345 1098 2379 vetulam
1124 2357 1133 2378 :

459 2401 592 2446 Pyrrha
609 2413 692 2434 vero
705 2399 929 2433 Deucalionis
944 2411 1033 2432 uxor
1050 2399 1134 2440 fuit,

457 2457 556 2499 cujus
581 2453 724 2487 historia
751 2452 832 2486 satis
858 2460 957 2493 nota,
985 2452 1075 2485 sicut
1101 2460 1134 2485 ot

455 2520 576 2541 eorum
600 2506 758 2540 omnium
780 2518 931 2553 quorum
954 2505 1012 2539 hic
1033 2517 1132 2538 nien-

457 2561 586 2594 tionem
609 2560 690 2593 facit
711 2560 827 2593 Poeta.

512 2614 542 2647 5.
577 2613 650 2646 Jam
681 2613 866 2646 cornicibus.
904 2612 1129 2657 Hyperbolen

1190 2026 1372 2060 continuat
1396 2026 1500 2059 Poeta
1527 2038 1535 2059 :
1559 2025 1716 2059 cornices
1739 2025 1866 2060 diutis-

1190 2079 1276 2113 sime
1290 2079 1427 2111 vivunt.
1440 2079 1530 2112 Plin.
1549 2078 1702 2119 lib.VII,
1713 2091 1787 2125 cap.
1804 2080 1863 2120 48.

1242 2135 1277 2166 6.
1294 2133 1415 2165 Ρι·ιυ·ι”Ι.
1432 2132 1595 2166 Vetulam
1615 2139 1684 2165 tam
1702 2131 1867 2166 libidino-

1193 2197 1262 2218 sam
1287 2185 1390 2219 fuisse
1413 2183 1518 2224 dicit,
1543 2193 1581 2218 ut
1604 2185 1706 2219 etiam
1728 2193 1865 2219 mortua

1193 2239 1389 2284 pru1·iat.—
1400 2239 1514 2271 Immo
1526 2265 1534 2279 ,
1545 2247 1584 2271 ut
1599 2251 1714 2272 senem
1725 2240 1822 2284 juxta
1832 2247 1866 2272 et

1193 2290 1388 2325 deformem
1421 2292 1622 2337 consepulta
1634 2317 1643 2332 ,
1677 2304 1746 2325 non
1779 2304 1867 2325 con-

1193 2345 1368 2391 quiescat,
1390 2352 1423 2377 et
1440 2344 1581 2378 libidini
1599 2357 1672 2378 non
1693 2345 1865 2391 imperet,

1194 2410 1395 2444 quanquam
1429 2398 1488 2431 cui
1523 2398 1665 2432 misellae
1710 2397 1867 2432 libidinis

1192 2464 1314 2485 sensus
1333 2451 1491 2485 excitarit
1506 2451 1729 2485 Melanthio?
1746 2451 1867 2485 Innuit

1193 2505 1282 2538 forte
1318 2513 1484 2550 praeterea
1514 2504 1712 2538 adulterum
1746 2504 1866 2538 Plotia!

1192 2558 1467 2591 Melanthionem
1480 2584 1489 2598 ‚
1505 2558 1630 2592 vetulae
1645 2570 1779 2598 senem,
1796 2557 1864 2591 cal-

1190 2624 1241 2643 vm
1262 2612 1408 2644 calvum.
1430 2612 1496 2644 En.
