1978 3305
330 237 921 283 EPIGRAMMATUM
957 237 1083 279 LIB.
1111 236 1232 278 VII.

1392 251 1481 279 221

648 389 927 445 XXVII.

305 549 369 576 DE
408 546 547 575 Arno
585 545 689 573 SIBI
732 545 760 572 A
798 542 1012 572 DEXTRO
1052 522 1260 571 Missa*

146 668 309 718 Tuscffi
340 669 510 732 glandis
540 684 646 729 aper
676 665 930 727 populator,
955 675 998 709 et
1028 664 1123 709 ilice
1148 665 1285 710 multa

218 745 314 787 Jam
340 742 483 802 piger,
509 737 662 782 AEtolae
689 737 803 781 fama
829 736 1020 798 secunda
1045 735 1170 791 ferae,

148 816 292 871 Quem
320 827 443 854 meus
473 809 652 853 intravit
677 806 921 869 splendenti
948 806 1127 868 cuspide
1152 808 1339 858 Dexter,

215 882 365 927 Praeda
384 882 504 942 jaces
533 880 693 923 nostris
716 877 930 922 invidiosa
956 877 1076 921 focis.

146 955 439 1015 Pinguescant
466 949 643 994 madido
673 950 774 993 tetri
797 948 951 992 nidore
979 950 1185 1004 Penates,

217 1023 393 1084 Flagret
417 1031 460 1066 et
483 1021 629 1065 exciso
655 1019 764 1064 festa
786 1018 929 1063 culina
950 1019 1070 1080 jugo.

148 1095 232 1139 Sed
258 1109 424 1155 coquus
447 1093 668 1153 ingentem
691 1091 852 1151 piperis
875 1099 1106 1134 consumet
1130 1105 1338 1134 acervum
1354 1125 1366 1145 ‚

215 1164 360 1209 Addet
388 1172 431 1207 et
460 1178 621 1207 arcano
647 1162 781 1205 mixta
807 1159 989 1204 Falerna
1020 1176 1138 1221 garo.

127 1302 141 1316 ³
153 1307 205 1340 De
217 1318 294 1352 apro
309 1318 329 1337 α
346 1317 378 1336 se
396 1305 497 1337 occiso
515 1301 552 1335 in
569 1299 652 1334 edd.
667 1308 752 1334 vett.

76 1360 136 1393 Ad
151 1372 260 1406 aprum
278 1361 402 1391 missum
424 1355 535 1389 codex
553 1354 753 1388 Pulmanni.

126 1435 180 1439 -—
196 1414 247 1445 De
259 1425 348 1458 apro.
361 1411 503 1454 Legunt
519 1408 596 1444 alii.
613 1408 666 1440 De
678 1420 755 1452 apro

75 1481 94 1498 ιι
112 1480 144 1499 se
161 1468 282 1505 occiso5
298 1473 332 1498 et
351 1464 387 1497 in
408 1461 511 1496 tertio
532 1473 638 1494 versu
658 1460 757 1493 culter

71 1533 132 1564 pro
155 1520 278 1552 Dexter·
298 1532 310 1552 .·
334 1515 395 1550 sed
421 1513 505 1548 huic
527 1513 674 1547 lectioni
699 1526 755 1546 re-

76 1581 207 1619 pugnat
240 1572 402 1605 ultimum
440 1567 631 1602 distichum
665 1578 673 1600 :
711 1564 755 1599 ad

76 1628 248 1660 Dextrum
272 1624 367 1658 enim
395 1634 498 1656 suum
526 1620 677 1654 amicum
701 1619 755 1652 vi-

75 1679 178 1713 detur
205 1678 384 1713 remittere
409 1686 554 1720 aprum,
584 1673 641 1706 cui
669 1684 755 1705 con·

75 1731 206 1766 diendo
226 1744 299 1765 non
324 1729 529 1763 sufficerent
555 1738 624 1760 suae
652 1738 754 1771 opes;

76 1799 181 1832 quem
193 1797 259 1819 nec
269 1783 362 1829 capit
372 1780 461 1827 ignis
472 1777 662 1813 modestus.

133 1852 164 1873 1.
186 1839 298 1871 Tuscoe
311 1835 452 1882 glandiS.
468 1835 511 1866 In
528 1844 610 1878 agro
627 1844 754 1877 nempe

75 1892 191 1925 Tusco
206 1904 289 1937 aper
301 1887 486 1936 glandibus
499 1886 673 1931 saginatus
684 1885 756 1917 len-

76 1953 110 1978 te
125 1943 328 1984 incedebat,
341 1938 560 1988 pinguedine
576 1939 690 1984 piger.

132 2011 164 2032 2.
191 1998 330 2042 Impiger
347 1994 495 2032 AEtoloe;
515 1992 563 2026 sic
579 1991 754 2025 Gruterus

74 2051 142 2097 legi
166 2063 266 2096 posse
291 2047 414 2083 credit.
439 2046 513 2079 Jam
537 2047 632 2091 piger
651 2045 753 2077 AEto-

75 2104 128 2137 liae
153 2105 249 2147 sama
275 2101 444 2136 exhibent
472 2097 588 2133 Codd.
610 2099 689 2131 Vat.
719 2106 753 2131 et

75 2157 231 2191 Florent.
248 2156 362 2189 invito
378 2151 752 2193 metro.—-AEt0lcefa-

76 2223 137 2243 ma.
153 2211 220 2243 Hic
234 2209 364 2243 scilicet
381 2218 465 2251 aper
481 2205 664 2251 proximus
681 2211 754 2237 erat

76 2263 118 2296 ab
146 2262 281 2308 ingenti
300 2273 387 2307 apro
406 2257 622 2303 Calydonio,
645 2268 753 2303 quem

73 2316 111 2349 in
131 2315 330 2349 AEtolorum
347 2324 446 2358 agros
459 2311 650 2344 immiserat
667 2310 754 2343 irata

74 2369 196 2402 Diana.
217 2366 312 2400 Vide
332 2366 394 2398 lib.
416 2365 530 2410 Spect.
553 2364 661 2409 epigr.
684 2376 742 2396 xv.

128 2421 162 2453 3.
191 2419 283 2454 Edd.
307 2427 393 2452 vett.
424 2417 600 2462 splendenti
629 2416 754 2461 cuspide

73 2475 192 2513 calcem
212 2481 246 2507 et
266 2481 351 2506 tunc
373 2469 416 2504 ad
436 2469 632 2503 Martialem
651 2467 755 2502 debet

73 2527 209 2561 referri.
233 2548 286 2553 —
310 2523 457 2568 Cmpisle.
476 2521 676 2555 Venabulo.
702 2542 754 2547 --

77 2581 204 2614 Dexter.
235 2580 265 2611 A
293 2591 365 2624 quo
396 2576 550 2609 occisum
578 2583 612 2608 et
643 2582 754 2620 poetae

74 2640 195 2666 nostro
223 2632 368 2665 missum
394 2637 514 2662 nostro
543 2627 658 2672 arguit
697 2640 753 2660 su-

75 2698 234 2731 premum
256 2683 443 2717 distichon.

871 1305 904 1341 4.
924 1300 1044 1334 Proeda
1055 1302 1145 1346 jacet
1158 1300 1195 1333 in
1210 1300 1493 1347 quibusdam.—

815 1353 934 1387 Praeda
946 1355 1036 1398 jaces
1055 1354 1230 1394 inuidiosa;
1248 1354 1315 1388 hoc
1333 1364 1400 1398 est,
1420 1368 1493 1391 ma-

812 1410 869 1452 jor
891 1419 996 1452 quam
1021 1407 1108 1441 ferat
1133 1419 1209 1440 mea
1234 1407 1417 1451 conditi03
1441 1411 1494 1444 vel

815 1460 931 1506 opima
944 1486 954 1501 ‚
972 1460 1029 1493 cui
1049 1460 1160 1506 possit
1178 1460 1341 1495 invideri.
1360 1462 1428 1496 En.

869 1512 899 1547 5.
930 1512 1051 1547 Codex
1081 1514 1269 1547 Pulmanni
1303 1523 1337 1548 et
1367 1516 1494 1550 Bever-

814 1565 912 1599 landi
933 1566 1010 1599 MS.
1035 1566 1162 1599 madido
1184 1567 1262 1600 laeti.
1289 1567 1370 1602 Ald.
1393 1569 1493 1604 Junt.

815 1619 930 1653 Colin.
943 1619 1083 1667 Gryph.
1096 1620 1209 1654 Plant.
1224 1621 1367 1655 Junian.
1383 1623 1495 1669 Lang.

814 1673 942 1718 Delph.
968 1681 1035 1706 etc-
1068 1673 1189 1706 madidi
1216 1673 1299 1715 leto,
1324 1675 1379 1708 vel
1407 1676 1492 1710 laeto.

815 1725 905 1758 Sunt
935 1738 1018 1759 vero
1052 1727 1188 1759 Penates
1220 1727 1276 1760 Dii
1310 1727 1493 1763 domestici

814 1779 945 1825 sumpti
961 1791 1026 1824 pro
1042 1779 1116 1824 ipsa
1132 1778 1252 1813 domo.
1268 1781 1398 1815 Sensus
1414 1792 1465 1817 est
1480 1796 1488 1817 ε

814 1833 927 1866 Lauta
954 1844 1049 1866 coena
1075 1832 1291 1876 instruatur,
1317 1847 1394 1880 quae
1421 1849 1495 1870 ma-

813 1884 914 1918 didos
945 1885 1130 1932 ebriosque
1155 1887 1260 1920 Lares
1290 1895 1325 1921 et
1353 1901 1493 1923 ornnem

814 1938 935 1972 focum
951 1938 1078 1984 pingui
1094 1938 1219 1972 nidore
1235 1949 1383 1986 spargat.
1399 1943 1469 1977 En.

869 1994 902 2025 6.
918 1992 1038 2025 Exciso
1046 1994 1139 2037 jugo.
1154 1993 1288 2027 Montis
1303 1995 1493 2037 nimirum,

813 2043 852 2078 id
869 2052 937 2085 est,
954 2057 1039 2078 caesa
1058 2045 1152 2091 ligna
1169 2047 1297 2092 largius
1315 2060 1493 2093 reponan-

813 2106 871 2132 tur
896 2110 1000 2144 supra
1027 2099 1164 2141 focum,
1185 2098 1229 2133 ad
1257 2113 1385 2146 corpus
1413 2102 1494 2136 ferae

815 2150 1012 2185 assandum.
1033 2150 1100 2185 En.

868 2217 900 2249 7.
921 2204 1093 2248 Sedfhcus
1112 2205 1319 2239 Beverlaudi
1344 2207 1417 2241 MS.
1438 2230 1490 2236 -—

813 2257 880 2291 Sed
896 2271 1025 2303 coquus,
1048 2266 1112 2291 etc.
1138 2257 1207 2292 Sed
1229 2258 1384 2304 impensa
1406 2273 1492 2295 con-

814 2309 935 2344 diendi
966 2311 1143 2356 superabit
1175 2311 1353 2346 facultates
1377 2326 1490 2353 meas:

813 2364 922 2397 satius
942 2364 1060 2409 itaque
1078 2372 1129 2397 est
1150 2372 1187 2397 ut
1205 2365 1381 2399 remittam
1398 2369 1489 2401 Dex-

813 2424 886 2455 tro,
904 2416 970 2449 nisi
987 2417 1076 2450 forte
1093 2424 1126 2449 et
1139 2417 1198 2451 ille
1212 2418 1300 2451 mihi
1314 2419 1379 2453 hos
1394 2433 1489 2454 sum-

814 2478 895 2514 ptus
917 2468 1126 2515 suppeditet.

869 2523 903 2555 8.
925 2523 1035 2555 Addet
1050 2531 1080 2555 et
1096 2536 1223 2557 arcano.
1242 2524 1318 2558 Hoc
1335 2534 1405 2566 est,
1423 2540 1492 2561 nie-

815 2575 891 2608 liori
921 2583 954 2608 et
978 2576 1152 2610 interiori.
1175 2578 1228 2610 De
1251 2591 1332 2622 garo
1354 2577 1486 2614 dictum

813 2628 874 2660 lib.
892 2629 966 2669 VI,
995 2629 1105 2674 epigr.
1133 2642 1238 2664 xcui.
1269 2631 1388 2665 Genus
1417 2643 1488 2666 erat

812 2680 1012 2726 liquaminis
1021 2707 1030 2723 ,
1041 2681 1084 2716 de
1095 2695 1166 2728 quo
1178 2683 1303 2718 iterum
1315 2685 1376 2719 lib.
1390 2686 1490 2725 XIII,
