1978 3305
397 228 973 289 EPIGRAMMATUM
1013 248 1134 290 Lm.
1176 250 1227 290 x.
1406 246 1489 291 ξω,

677 397 922 452 XXIX.

540 550 606 578 AD
646 550 1062 579 SEXTILIANUM.

170 678 316 730 QUAM
348 673 453 716 mihi
485 673 685 718 mittebas
715 676 889 718 Saturni
921 684 1115 735 tempore
1146 675 1336 727 lancem,

241 744 395 787 Misisti
425 743 634 798 dominae,
657 743 912 796 Sextiliane,
927 755 1047 798 .tuae;

170 815 224 856 Et
254 829 382 874 quam
415 812 606 857 donabas
636 813 759 858 dictis
789 831 813 857 a
845 816 987 859 Marte
1015 815 1246 869 Kalendis,

240 885 306 927 De
327 893 474 927 nostra
495 884 667 944 prasina
693 894 757 928 est
777 885 988 945 synthesis
1013 896 1158 946 empta
1180 895 1292 947 toga.

168 955 264 996 Jam
287 963 484 996 constare
507 954 584 997 tibi
607 955 738 1015 gratis
760 972 930 1016 coepere
953 955 1131 1016 puellae;

239 1023 496 1067 Muneribus
519 1024 650 1068 futuis
665 1061 675 1075 ,
703 1025 956 1080 Sexfiliane,
980 1028 1097 1071 meis.

158 1159 351 1201 1.Saem-ni‚
371 1169 435 1194 etc.
458 1161 510 1194 De
530 1162 770 1195 Saturnalibus

103 1213 160 1246 hb.
182 1213 245 1251 IV,
263 1212 371 1258 epigr.
395 1225 477 1246 XLVI
494 1238 504 1253 ‚
524 1226 572 1247 vs.
599 1227 611 1247 1
626 1239 636 1256 ,
653 1221 687 1247 et
708 1214 769 1247 lib.

104 1266 147 1306 V,
163 1265 272 1310 epigr.
291 1277 433 1306 Lxxxrv,
453 1278 501 1299 vs.
525 1277 538 1299 1
551 1279 580 1299 1.

156 1317 190 1350 3.
209 1318 314 1351 Dictis
338 1332 358 1350 a
382 1319 488 1352 Marte
507 1319 675 1352 Kalendis.
699 1319 771 1360 Qui

102 1370 249 1404 Veneris
267 1371 400 1412 natalis,
413 1383 483 1417 quo
494 1383 640 1405 munera
654 1371 771 1405 mitte-

102 1424 227 1456 bantur
242 1423 379 1457 feminis
395 1424 437 1457 ab
455 1424 668 1458 amatoribus
680 1446 690 1462 ,
709 1424 771 1457 lib.

104 1476 147 1516 V,
163 1476 271 1521 epigr.
290 1489 426 1514 Lxxxlv‚
443 1473 493 1511 vs.
508 1490 528 1522 9
540 1503 549 1519 ,
570 1485 604 1511 et
621 1477 683 1511 lib.
702 1478 754 1510 IX
765 1504 774 1518 ‚

101 1528 210 1573 epigr.
231 1541 287 1562 xcx
300 1553 310 1570 ‚
330 1542 377 1563 vs.
400 1529 456 1563 15.
478 1530 548 1572 Qui
568 1529 664 1564 idem
683 1530 770 1563 mihi

104 1581 244 1623 natalis,
263 1594 332 1627 quo
351 1581 438 1615 mihi
456 1582 547 1616 mitti
566 1583 677 1617 solent
694 1595 770 1616 mu-

103 1645 184 1667 nera
197 1660 207 1675 ‚
222 1635 331 1680 epigr.
353 1647 451 1674 xxrv,
472 1647 586 1680 supra.

885 1167 919 1202 4.
941 1163 1104 1209 Synthesis
1126 1172 1240 1207 empta.
1262 1162 1346 1195 Tuae
1379 1160 1504 1205 puellae

831 1210 944 1258 (hanc
956 1215 1048 1249 enim
1067 1215 1246 1249 dominam
1266 1226 1368 1260 supra
1382 1206 1503 1253 vocat)

831 1268 943 1301 emisti
957 1267 1149 1312 synffiesin,
1163 1276 1292 1302 vestem
1303 1279 1428 1311 nempe
1441 1278 1505 1299 coe-

831 1320 1001 1353 natoriam
1013 1346 1023 1361 ,
1041 1320 1100 1354 lib.
1122 1321 1156 1354 ΙΙ
1172 1347 1180 1361 ,
1200 1321 1308 1366 epigr.
1330 1331 1423 1352 xrvr.

887 1373 918 1406 5.
936 1373 1089 1406 Constare
1110 1374 1164 1406 tibi
1183 1375 1296 1418 gratis.
1315 1371 1404 1413 Quia
1427 1383 1502 1403 mu-

833 1425 976 1459 neribus
990 1452 998 1468 ,
1012 1438 1090 1471 quae
1113 1424 1155 1459 ad
1181 1439 1236 1459 me
1258 1423 1428 1458 mittenda
1452 1436 1502 1455 es-

833 1486 928 1520 sent,
950 1479 1025 1512 illas
1054 1478 1116 1511 tihi
1143 1478 1318 1512 concilias.
1358 1476 1504 1512 Cicero,

835 1531 904 1563 VII
927 1532 962 1563 in
982 1532 1130 1564 Verrem
1146 1556 1156 1571 ‚
1183 1549 1195 1561 «ι
1213 1531 1317 1564 Navis
1340 1528 1404 1562 tibi
1425 1541 1504 1562 con-

832 1591 896 1616 stat
910 1584 1015 1629 gratis
1030 1602 1041 1613 »ι
1063 1584 1152 1624 ‚hoc
1175 1593 1244 1623 est,
1268 1596 1389 1616 navem
1410 1593 1505 1615 com·

832 1636 958 1681 parasti
980 1637 1095 1681 gratis.

703 1759 909 1814 XXX.

217 1903 282 1930 DE
323 1904 712 1932 APOLLINAnls
752 1904 998 1932 LITTORE
1038 1882 1395 1932 EOR1511ANO.'

243 2014 283 2053 Ο
315 2021 563 2073 temperatae
593 2009 719 2055 dulce
751 2012 932 2054 Formiae
963 2008 1083 2054 litus!

158 2133 172 2145 ¹
188 2137 386 2182 Apollinaris
404 2150 474 2170 non
496 2137 578 2170 dant
600 2135 680 2170 edd.
695 2145 776 2171 vett.

158 2210 209 2215 -—
236 2189 370 2223 Laudat
406 2189 618 2236 Apollinaris
654 2199 779 2236 praeto-

108 2242 198 2274 rium
226 2242 479 2284 Formianum,
510 2241 666 2288 illudque
710 2252 779 2277 tam

106 2294 269 2339 graphice
287 2294 473 2336 describit,
494 2303 534 2329 ut
549 2307 614 2329 nec
634 2295 782 2329 Formiae

108 2347 176 2380 sint
191 2355 258 2380 tam
275 2348 432 2382 formosae
453 2357 486 2381 et
501 2360 641 2381 amoenae
652 2374 660 2389 ,
676 2360 780 2393 quam

109 2400 174 2433 hoc
207 2401 430 2445 epigramma.
460 2399 565 2440 Quod
597 2408 637 2433 ut
670 2401 782 2446 capias

110 2452 261 2492 facilius,
293 2453 381 2498 ipsas
404 2453 559 2486 Formias
593 2452 779 2486 adumbra-

110 2504 225 2538 bimus
241 2532 249 2546 ,
272 2519 312 2539 ex
335 2506 487 2538 melioris
516 2514 606 2541 uotae
633 2506 780 2551 scripto-

112 2558 219 2591 ribus.
229 2558 376 2592 Formiae
385 2558 473 2591 Latii
487 2557 670 2604 oppidum,
686 2559 782 2603 prius

112 2610 264 2645 Hormiae
285 2610 416 2644 dictum
428 2637 436 2651 ,
456 2624 472 2643 a
490 2612 685 2645 Laconibus
703 2624 782 2645 con-

113 2662 224 2695 «litum
239 2689 247 2704 ,
267 2677 392 2698 nomen
412 2677 426 2697 a
444 2663 688 2698 commoditate
706 2677 782 2709 por-

840 2146 893 2170 tus
911 2134 1065 2183 (ἕρμευ),
1086 2147 1124 2170 ut
1149 2145 1266 2170 auctor
1289 2144 1337 2169 est
1359 2136 1484 2168 strabo
1502 2160 1510 2173 ‚

840 2191 983 2236 accepit.
999 2191 1079 2224 Fuit
1089 2189 1130 2223 ad
1146 2190 1234 2223 viam
1252 2188 1399 2234 Appiam
1410 2213 1418 2227 ,
1433 2188 1510 2220 loco

840 2243 942 2276 Molae
960 2243 1181 2289 propinquo,
1199 2243 1224 2275 si
1241 2253 1342 2275 verus
1355 2239 1511 2274 Leander

842 2296 876 2328 in
887 2295 1122 2340 descriptione
1131 2295 1233 2328 Latii.
1248 2295 1510 2338 Laestrvgonum

842 2347 957 2381 sedem
977 2348 1079 2382 fuisse
1097 2348 1171 2381 Cic.
1187 2347 1249 2380 lib.
1273 2347 1324 2384 11,
1341 2345 1383 2379 ad
1406 2346 1508 2379 Attic.

842 2401 941 2446 epist.
962 2413 974 2434 1
986 2400 1004 2434 3
1016 2427 1025 2440 ,
1039 2409 1072 2433 et
1091 2400 1228 2434 Solinus
1245 2399 1417 2432 affirmant
1430 2412 1439 2438 ;
1453 2398 1511 2431 ubi

842 2454 924 2486 olim
947 2453 1153 2497 Antiphates
1172 2465 1230 2486 rex
1250 2452 1510 2496 Laestrygonum

841 2506 1065 2551 imperitavit.
1084 2506 1198 2538 Rader.

900 2571 924 2592 1.
955 2559 1054 2591 Dulce
1077 2559 1213 2591 Formiae
1235 2558 1316 2590 lctus.
1339 2557 1414 2589 Hoc
1443 2564 1492 2588 est
1506 2581 1513 2589 .

842 2624 917 2656 quae
940 2611 1018 2645 estis
1047 2612 1126 2644 litus
1149 2622 1322 2644 amoenum
1341 2622 1348 2642 :
1371 2608 1414 2642 de
1433 2609 1516 2641 For-

844 2665 917 2697 miis
942 2677 1040 2698 vero.
1063 2663 1140 2697 vide
1164 2676 1239 2707 quae
1261 2661 1363 2695 modo
1379 2663 1411 2694 in
1435 2669 1513 2693 not-¹

1216 2723 1305 2776 32⁵
