1978 3305
814 200 874 242 M.
898 201 975 243 VA
991 201 1038 242 L.
1077 200 1470 244 MARTIALIS

647 286 742 329 Nec
767 285 907 346 longae
933 286 1093 330 cariem
1118 286 1244 330 timet
1267 297 1466 331 senectae.

650 358 775 399 Hanc
799 365 872 411 tu,
896 356 1088 416 quisquis
1115 371 1183 413 es,
1204 372 1230 400 o
1257 355 1396 401 malus
1411 392 1423 413 ,
1444 357 1618 410 timeto;

651 428 764 468 Nam
789 425 822 469 si
846 423 915 468 vel
938 426 1142 470 minimos
1164 442 1297 470 manu
1321 427 1468 487 rapaci

652 497 749 538 Hoc
778 494 832 538 de
859 494 1036 556 palmite
1062 495 1218 541 laeseris
1244 512 1462 551 racemos;

653 567 894 620 Nascetur,
923 565 1022 610 licet
1046 566 1132 612 hoc
1160 565 1268 611 velis
1293 583 1451 628 negare
1466 602 1478 622 ‚

654 636 823 679 Inserta
844 635 924 680 tibi
947 636 1055 681 ficus
1078 654 1103 681 a
1124 654 1343 699 cupresso.

498 777 534 808 6.
559 773 628 807 Nec
653 776 768 808 cariem
793 777 879 808 timet
902 784 1045 809 senectoe.
1072 777 1118 810 Et

442 839 564 861 verum
579 839 588 860 :
607 839 689 860 nam
703 828 889 874 proprium
906 837 957 862 est
973 828 1060 862 illud
1076 829 1119 862 li-

445 892 594 925 gnorum
604 879 716 914 resina
723 880 954 923 imbuturum,
964 890 1002 915 ut
1009 882 1067 915 lon
1071 895 1121 928 gae

446 945 619 966 annorum
637 933 738 967 seriei
756 934 930 968 resistant.
947 935 1016 969 En.

501 998 522 1031 7
536 1011 545 1028 ‚
567 988 602 1021 8·
622 987 718 1019 Hanc
731 1013 739 1026 ‚
759 995 792 1020 tu
805 989 944 1034 quisquis
958 1001 1003 1027 es,
1021 1001 1040 1020 o
1056 1000 1121 1020 ma-

446 1039 508 1079 lus,
527 1041 645 1080 timeto,
660 1040 757 1073 Hanc
768 1052 776 1074 :
787 1042 814 1073 si
822 1041 879 1073 vel
888 1043 1043 1081 minimos,
1056 1049 1123 1074 etc.

445 1092 466 1124 J
469 1091 593 1125 untina
608 1101 726 1126 nostra
739 1093 777 1126 in
789 1093 946 1139 margine
956 1119 965 1134 ‚
980 1106 1019 1127 ex
1034 1105 1123 1139 quo-

448 1143 530 1178 dam
544 1143 623 1179 cod.
641 1145 736 1179 haud
755 1145 885 1188 dubie;
904 1146 978 1180 haec
995 1146 1123 1180 etenim

448 1198 552 1232 verba
565 1224 574 1239 ,
590 1199 685 1232 Hanc
698 1207 732 1232 et
743 1199 846 1239 Nam,
868 1211 958 1245 saepe
975 1200 1010 1232 in
1027 1198 1124 1233 codi-

1177 777 1275 811 cibus
1287 784 1541 822 permutantur.
1556 795 1610 803 —·
1628 776 1748 811 Malus.
1771 777 1852 812 Fur.

1233 843 1268 874 9.
1284 829 1406 863 Heins.
1420 828 1462 863 ad
1476 828 1582 863 ovid.
1599 830 1674 863 Art.
1689 830 1768 863 Am.
1783 831 1853 871 ΠΙ,

1182 882 1380 928 703,putat
1398 883 1544 916 omnino
1563 881 1790 916 scribendum
1809 883 1854 916 le-

1179 936 1263 980 geris
1273 949 1286 975 ,·
1301 948 1374 969 non
1391 936 1529 974 Ζῶσαι-ῖς,-
1543 933 1639 981 quod
1654 943 1770 969 tamen
1786 934 1859 969 edi-

1184 996 1237 1022 tos
1255 1000 1294 1022 ae
1309 1000 1416 1021 manu
1437 996 1613 1029 exaratos,
1637 1000 1725 1033 quos
1745 987 1854 1027 vidit,

1183 1040 1322 1075 codices
1340 1053 1462 1074 omnes
1480 1042 1672 1087 occupavit.

1241 1106 1254 1127 1
1263 1106 1296 1127 ο.
1309 1094 1478 1128 Nascetur.
1490 1094 1572 1127 Tibi
1585 1094 1758 1127 inseretur
1773 1105 1859 1127 vena

1183 1159 1258 1180 mea
1275 1159 1457 1192 cupressea
1469 1173 1478 1187 ,
1497 1159 1573 1192 quae
1600 1146 1704 1180 ficum
1727 1145 1860 1192 produ-

1184 1208 1250 1233 cet.
1264 1200 1384 1246 Epigr.
1400 1212 1460 1234 xvr
1475 1212 1593 1245 supra.
1608 1200 1676 1233 En.

1123 1341 1187 1396 L.

921 1499 987 1526 DE
1025 1477 1397 1526 THELESINO.*

520 1626 670 1682 QUUM
699 1623 862 1669 coleret
886 1640 1020 1686 puros
1040 1639 1208 1684 pauper
1227 1621 1483 1666 Thelesinus
1506 1622 1688 1675 amicos,

590 1695 778 1739 Errabat
802 1693 943 1757 gelida
969 1693 1169 1738 sordidus
1197 1694 1240 1737 in
1265 1691 1427 1754 togula.

524 1765 769 1811 Obscoenos
789 1775 1021 1827 postquam
1044 1765 1175 1826 coepit
1196 1780 1349 1809 curare
1371 1762 1559 1808 cinaedos
1575 1799 1586 1816 ,

505 1889 519 1904 '
529 1894 569 1927 In
585 1894 781 1927 leelesinum
794 1893 839 1926 ad
851 1893 1052 1939 Bithynicum
1066 1891 1128 1925 Be-

453 1945 611 1981 verlandi
625 1946 701 1981 MS.

513 2012 544 2034 1.
573 1999 748 2034 Gruterus
776 1999 859 2045 legit
889 2011 1021 2037 amores,
1051 2010 1130 2044 pro·

455 2054 559 2087 hante
573 2053 924 2097 Farnabio.—Quum
944 2052 1059 2084 coleret
1070 2064 1132 2094 pu-

457 2119 526 2147 ros,
549 2114 614 2140 etc.
640 2106 766 2140 Sensus
790 2114 863 2139 est:
890 2105 989 2138 Nihil
1014 2115 1135 2138 conse-

456 2168 587 2206 quutus
608 2167 659 2193 est
676 2159 906 2200 Thelesinus‚
923 2157 1009 2191 dum
1029 2157 1137 2191 coluit

455 2214 583 2247 amicos
606 2220 732 2254 castos;
750 2220 786 2247 at
800 2225 883 2246 vero
906 2210 1003 2245 dives
1023 2210 1134 2245 sactus

458 2275 527 2308 est,
545 2266 662 2300 statim
685 2278 722 2299 ac
741 2265 851 2299 coluit
871 2265 1033 2299 homines
1061 2272 1134 2298 tur-

457 2333 517 2366 pes
530 2346 539 2361 ,
561 2319 706 2352 infames
728 2317 880 2353 cinaedos
893 2344 902 2359 ,
919 2330 1070 2364 quorum
1095 2317 1136 2349 li-

458 2372 590 2406 bidinis
621 2371 779 2406 conscius
806 2373 884 2406 fuit.
909 2371 1035 2405 Juven.
1068 2369 1138 2404 Sat.

462 2437 529 2467 111,
550 2430 594 2469 49
615 2437 623 2458 :
647 2425 761 2467 «Quis
782 2438 878 2460 nunc
895 2423 1053 2470 diligitur
1072 2423 1139 2457 nisi

461 2479 621 2513 conscius
633 2504 642 2519 ‚
665 2487 717 2512 etc
735 2497 747 2507 n

519 2546 551 2566 ‘1-
571 2532 688 2567 Gclitla
704 2546 734 2564 ιιι
753 2532 873 2575 togula.
891 2531 1061 2571 Errabat,
1078 2543 1137 2564 ne-

462 2585 552 2619 scius
570 2584 655 2631 quid
674 2585 820 2625 faceret,
840 2593 879 2618 ut
893 2585 1039 2618 meliore
1056 2596 1138 2617 con-

463 2637 596 2673 ditione
629 2639 824 2678 frueretur,
855 2638 950 2672 hunc
980 2647 1010 2671 et
1042 2638 1137 2671 illum

1190 1891 1326 1931 visens,
1346 1891 1382 1923 in
1401 1890 1517 1936 togula
1537 1888 1672 1934 gelida,
1692 1888 1774 1935 quia
1790 1888 1869 1923 trita

1188 1944 1293 1989 longo
1316 1956 1396 1977 usu.
1416 1944 1483 1976 En.

1244 1998 1280 2031 3.
1311 1997 1482 2030 Obscoenos
1510 2010 1548 2028 ex
1573 2008 1635 2042 quo
1662 1993 1871 2028 Beverlandi

1193 2049 1267 2084 MS.
1289 2063 1412 2082 servare
1433 2062 1498 2095 pro
1518 2061 1641 2088 curare,
1664 2047 1775 2082 codex
1792 2048 1873 2080 Pul·

1195 2103 1328 2137 manni.
1355 2103 1549 2142 Gruterus,
1572 2114 1613 2135 ex
1639 2114 1709 2134 uno
1733 2100 1870 2140 codice,

1195 2170 1334 2197 servare,
1360 2154 1456 2201 quod
1482 2156 1526 2188 sit
1546 2155 1726 2193 ohservare,
1750 2155 1848 2186 colere
1862 2181 1870 2193 ‚

1193 2210 1376 2255 θεραπεύειν
1385 2236 1392 2243 .
1402 2209 1476 2254 Ego
1486 2206 1628 2254 quidem
1643 2208 1712 2241 scio
1722 2207 1790 2240 hoc
1803 2219 1874 2241 esse

1195 2276 1304 2296 curat-e
1321 2275 1329 2296 ε
1351 2263 1415 2296 lib.
1441 2262 1489 2301 X,
1509 2274 1566 2307 ep.
1584 2272 1678 2294 xvm
1697 2273 1705 2294 :
1730 2260 1874 2293 «Turba

1197 2326 1313 2350 tamen
1329 2328 1402 2348 non
1419 2314 1536 2356 deest,
1553 2314 1704 2348 sterilem
1721 2325 1798 2359 quae
1814 2325 1875 2347 cu-

1197 2378 1250 2403 ret
1265 2369 1427 2403 amicum.
1445 2386 1458 2397 n
1477 2368 1567 2402 Plin.
1584 2367 1646 2401 lib.
1664 2368 1680 2400 Ι
1692 2392 1701 2408 ,
1718 2366 1816 2412 epist.
1832 2377 1875 2399 v:

1203 2423 1298 2456 «Nec
1330 2435 1386 2457 me
1417 2422 1572 2468 praeterit
1601 2433 1673 2454 esse
1704 2419 1876 2465 Regulum

1199 2474 1464 2522 δυσκαθαίρετον.
1494 2475 1555 2509 Est
1581 2474 1673 2508 enim
1700 2473 1877 2519 locuples,

1201 2530 1361 2563 factiosus
1374 2556 1382 2568 ,
1404 2536 1549 2562 curatur
1567 2540 1583 2560 a
1609 2526 1729 2560 multis
1742 2552 1751 2566 ,
1775 2526 1877 2559 time-

1201 2593 1284 2617 tura
1305 2580 1573 2629 pluribus.»Sed
1592 2592 1665 2614 non
1676 2593 1797 2612 servare
1811 2579 1878 2613 hoc

1202 2650 1302 2670 sensu
1327 2649 1391 2680 pro
1410 2635 1571 2668 observat-‹-
1604 2645 1777 2678 nusquam
1799 2631 1876 2677 legi.
