1978 3305
471 203 560 249 138

836 206 898 247 M.
928 206 1070 248 VAL.
1109 204 1498 248 MARTIALIS

599 291 773 335 Arbiter
797 292 982 345 invitus,
1003 290 1232 335 Caeciliane
1246 325 1258 346 ,
1281 290 1410 335 dedit.

530 363 587 405 At
615 371 663 405 tu
689 360 825 405 multa
854 361 929 404 diu
955 360 1063 405 dicis
1085 378 1093 404 :
1120 361 1352 421 vitreisque
1382 371 1599 422 tepentem

598 430 812 491 Ampullis
835 440 958 491 potas
985 432 1271 492 semisupinus
1296 446 1465 491 aquam.

460 587 501 608 ex
511 586 606 607 more
616 574 882 608 Atheniensium
891 575 1131 621 praescriptum

461 635 534 660 erat
552 634 688 672 tempus
709 638 716 660 :
736 634 886 661 attamen
908 640 1000 673 saepe
1015 626 1133 662 liberae

460 686 560 713 erant
595 679 746 713 actiones
763 705 774 721 ‚
812 693 877 714 nec
915 680 959 714 ad
1000 689 1132 715 certum

461 741 596 777 tempus
612 731 730 766 dicere
748 734 964 779 jubebantur
978 734 1131 779 patroni.

459 785 638 827 Quantum
666 798 750 819 vero
781 786 948 832 temporis
978 786 1133 820 dimensa

462 837 570 871 fuerit
598 850 668 871 una
696 838 901 885 clepsydra,
926 839 1012 872 mihi
1040 852 1134 873 com-

460 899 600 936 pertum
619 903 691 924 non
714 900 774 925 est.
796 891 885 925 Sunt
903 893 963 938 qui
983 892 1134 937 singulas

459 943 564 977 horas
576 943 722 989 singulis
737 944 930 990 clepsydris
946 945 1113 978 definiant
1125 971 1132 985 ‚

459 996 495 1029 in
522 1008 589 1041 qua
615 998 784 1031 sententia
812 1006 863 1031 est
889 997 1096 1031 Calderiuus
1123 1011 1131 1031 :

459 1049 517 1082 alii
534 1049 743 1095 clepsydrae‚
759 1049 908 1084 mediam
923 1051 1046 1083 horam
1057 1065 1065 1091 ;
1078 1050 1134 1083 alii

460 1102 573 1135 tribus
595 1102 788 1148 clepsydris
813 1104 934 1137 horam
961 1103 1133 1136 tribuunt.

459 1154 593 1189 Plinius
606 1155 734 1189 Junior
751 1157 813 1190 lib.
832 1157 884 1198 II,
902 1156 1002 1202 epist.
1019 1168 1067 1195 11,
1087 1156 1134 1189 sic

458 1206 504 1241 de
515 1207 697 1254 clepsydra
713 1221 721 1242 ε
740 1224 752 1235 «
766 1209 869 1251 Dixi,
883 1209 1000 1255 inquit
1013 1235 1021 1250 ‚
1037 1209 1134 1242 horis

457 1273 558 1306 paene
573 1261 728 1307 quinque
746 1273 754 1294 ε
772 1275 852 1295 nam
867 1261 987 1295 decem
1000 1262 1134 1307 clepsy-

458 1312 531 1347 dris
541 1326 625 1360 quas
638 1315 902 1359 spatiosissimas
915 1327 1114 1360 acceperam
1125 1341 1133 1355 ‚

458 1375 540 1401 sunt
549 1366 675 1401 additae
685 1375 872 1414 quatuor.»
885 1368 959 1401 Nisi
971 1368 1134 1401 hielocus

458 1420 551 1454 varie
569 1420 744 1465 legeretur
756 1446 765 1461 ‚
786 1433 860 1454 rem
879 1420 1061 1462 definiret3
1083 1429 1133 1454 et-

458 1473 551 1506 enim
571 1473 627 1506 alii
647 1473 767 1519 legunt
784 1486 849 1519 pro
866 1473 984 1507 decem
1004 1474 1134 1519 clepsy-

459 1525 552 1567 dris,
576 1526 726 1571 viginti,
755 1527 813 1560 alii
839 1526 1026 1560 duodecim
1042 1553 1051 1568 ‚
1077 1527 1134 1560 alii

458 1579 589 1613 tribus:
607 1579 747 1613 tandem
762 1593 828 1625 pro
844 1581 949 1626 longo
966 1581 1134 1625 temporis

457 1632 571 1677 spatio
584 1641 717 1678 septem
730 1632 931 1680 clepsydras
946 1633 1003 1667 hic
1016 1633 1135 1679 posuit

457 1693 574 1731 poeta.
586 1684 669 1718 Vid.
690 1685 780 1718 Plin.
794 1686 845 1718 VI
859 1712 867 1728 ‚
886 1686 987 1732 epist.
1010 1699 1026 1719 2
1042 1699 1050 1727 3
1065 1687 1133 1719 Bu·

458 1737 572 1772 daeum
595 1737 631 1771 in
654 1738 822 1773 Pandect.
847 1752 923 1785 pag.
948 1740 1034 1783 371.
1066 1740 1133 1772 Da-

456 1792 585 1825 bantur
609 1791 800 1838 clepsydrae
826 1805 842 1825 a
872 1791 1071 1838 judicibus,
1097 1801 1135 1825 ut

455 1844 539 1878 hinc
553 1844 656 1879 etiam
674 1846 898 1879 manifestum
916 1854 966 1878 est
982 1867 990 1882 ‚
1007 1854 1039 1879 et
1057 1845 1135 1890 plu-

458 1910 512 1931 res
525 1897 731 1932 defendenti
746 1911 849 1944 quam
862 1897 1134 1932 accusanti.Vid.

459 1951 550 1985 Plin.
573 1951 633 1985 lib.
664 1953 728 1993 IV,
749 1952 849 1997 epist.
873 1948 950 1995 9‚§
974 1963 1017 1995 93
1043 1950 1136 1985 unde

460 2003 565 2037 fiebat
585 2004 774 2051 aliquando
793 2014 831 2038 ut
849 2013 1002 2038 oratores
1021 2005 1136 2038 elabo-

459 2065 548 2092 ratas
566 2070 643 2092 suas
668 2059 864 2099 orationes,
891 2066 923 2090 ct
947 2058 1135 2090 multarum

458 2110 573 2156 pretio
594 2111 753 2145 noctium
781 2111 962 2145 aestimatas
989 2111 1135 2144 recitare

458 2176 529 2197 non
543 2173 694 2210 possent.
710 2165 760 2198 M.
774 2164 991 2205 Antoninus,
1004 2164 1088 2209 imp.
1104 2172 1136 2197 et

459 2217 709 2263 philosophus,
728 2216 927 2264 clepsydras
940 2217 1136 2250 oratoribus

459 2270 649 2305 liberaliter
660 2269 768 2304 dedit.
777 2270 954 2304 Lucianus
965 2270 1000 2303 in
1010 2265 1135 2304 hasam

460 2323 662 2369 simpliciter
678 2321 764 2369 ὕδωρ
787 2337 852 2370 pro
870 2322 1052 2370 clepsydra
1072 2336 1136 2369 po-

462 2376 524 2410 nit.
552 2378 697 2411 Inventa
727 2389 782 2411 res
813 2385 864 2410 est
890 2390 908 2410 a
932 2376 1083 2417 Graecis,
1104 2385 1137 2409 et

463 2429 604 2463 tandem
624 2431 772 2464 Romam
790 2431 827 2463 in
852 2430 955 2464 tertio
978 2429 1136 2475 Pompeii

462 2483 644 2516 consulatu
673 2485 847 2517 translata.
876 2482 943 2516 Sed
975 2495 1051 2529 quae
1080 2495 1136 2515 su-

462 2548 524 2581 pra
543 2537 725 2569 retulimus
738 2563 746 2577 ,
765 2537 869 2569 vcrba
895 2536 996 2569 Plinii
1019 2536 1136 2580 junio-

462 2589 509 2622 ris
525 2589 736 2630 ostendunt,
750 2603 819 2622 non
841 2603 960 2622 onmes
981 2588 1135 2634 ejusdcm

464 2642 566 2677 fuisse
588 2642 847 2687 magnitudinis.
867 2642 1022 2677 Vidcatis
1041 2651 1137 2677 notas

1192 575 1304 608 nostri
1319 574 1422 608 Plinii
1434 575 1502 608 vol.
1517 575 1533 607 I
1544 599 1554 615 ‚
1570 587 1605 620 p.
1626 574 1669 608 65
1681 601 1690 617 ,
1706 588 1753 620 99
1767 602 1777 618 ,
1794 590 1811 610 2
1822 589 1865 621 19

1192 636 1227 661 et
1250 627 1336 662 328.
1357 629 1409 661 De
1436 628 1547 661 forma
1578 626 1769 674 clepsydrae
1794 641 1866 663 non

1192 680 1415 714 consentiunt
1455 680 1661 721 Vitruvius;
1696 682 1868 726 Apuleius

1191 733 1252 766 lib.
1276 734 1329 767 III
1351 733 1462 767 Miles.
1491 734 1671 768 Catanaeus
1699 741 1732 766 et
1763 734 1867 767 Clau-

1193 785 1272 819 dius
1302 786 1420 819 Minos
1448 785 1490 819 ad
1516 786 1580 819 loc.
1611 786 1704 819 citat.
1734 786 1838 820 Plinii
1857 800 1866 828 ;

1194 838 1383 873 Beroaldus
1402 838 1444 872 ad
1462 838 1606 873 secund.
1623 839 1766 872 Tuscul.
1790 839 1868 872 Sui-

1193 891 1254 925 das
1269 891 1305 924 in
1320 904 1395 926 voc.
1413 889 1589 937 χλέψυὸρσ..
1608 891 1733 926 Caelius
1750 891 1866 925 Rhod.

1194 945 1255 978 lib.
1286 945 1410 977 XVIII
1423 970 1432 986 ,
1465 956 1540 990 cap.
1569 956 1633 989 19;
1663 944 1866 990 Christoph.

1194 997 1351 1039 Clavius,
1367 997 1428 1030 lib.
1447 998 1463 1030 I
1475 1023 1483 1036 ‚
1497 997 1628 1030 Gnom.
1644 1010 1676 1042 p.
1695 998 1729 1030 1:
1748 1005 1782 1030 et
1798 997 1866 1031 alii.

1192 1050 1325 1083 Tamen
1339 1076 1348 1091 ‚
1381 1049 1479 1095 quod
1517 1048 1622 1084 credo
1635 1075 1643 1091 ‚
1675 1049 1868 1096 clepsydris

1193 1103 1391 1136 consimilia
1429 1111 1510 1136 sunt
1547 1111 1668 1135 nostro
1709 1111 1868 1148 tempore

1192 1156 1328 1188 vascula
1351 1155 1408 1188 illa
1431 1155 1539 1189 vitrea
1570 1168 1634 1188 usu
1663 1155 1841 1189 notissima
1856 1183 1865 1195 ,

1194 1220 1272 1253 quae
1292 1208 1326 1240 in
1349 1207 1464 1241 medio
1486 1208 1594 1242 instar
1615 1207 1766 1241 (luorum
1795 1217 1868 1242 tur-

1194 1261 1316 1294 binum
1334 1269 1576 1301 coarctantur3
1595 1274 1635 1294 ex
1652 1261 1780 1306 quibus
1795 1261 1870 1306 pul-

1193 1314 1347 1347 visculus
1383 1327 1444 1359 per
1479 1315 1636 1347 foramen
1675 1314 1869 1348 minutissi-

1194 1379 1290 1400 mum
1311 1368 1439 1400 sensim
1459 1379 1499 1401 ex
1520 1375 1616 1412 parte
1635 1366 1814 1412 superiore
1834 1368 1868 1400 in

1193 1420 1398 1453 inferiorem
1418 1419 1604 1462 delabitur,
1621 1428 1725 1464 atque
1746 1420 1793 1453 ita
1813 1433 1869 1454 va-

1192 1472 1253 1505 riis
1269 1473 1558 1506 conversionibus
1571 1499 1580 1514 ,
1599 1473 1691 1506 ultro
1710 1472 1870 1518 citroque

1193 1525 1424 1559 commeando
1435 1552 1443 1567 ‚
1457 1526 1652 1572 legitimum
1668 1525 1764 1558 horae
1783 1534 1870 1559 tem-

1193 1591 1257 1624 pus
1277 1580 1431 1612 metitur.
1451 1579 1517 1612 En.
1529 1578 1716 1623 —M'agna
1727 1578 1785 1611 tibi
1795 1591 1870 1611 voce

1189 1634 1318 1677 pelenti.
1331 1633 1512 1677 Tanquam
1531 1632 1675 1678 gratiam
1697 1631 1761 1664 tibi
1781 1631 1870 1665 sace-

1194 1694 1246 1718 ret
1266 1683 1371 1731 judex
1390 1685 1533 1730 longum
1558 1682 1697 1718 dicendi
1722 1684 1870 1730 spatium

1195 1737 1432 1772 concedendo.

1252 1804 1268 1824 2
1276 1819 1283 1825 .
1296 1792 1437 1824 Arbiter.
1448 1789 1562 1823 Judex
1572 1815 1580 1827 ‚
1591 1791 1720 1824 electus
1731 1791 1773 1823 ab
1781 1798 1872 1823 utra·

1196 1856 1265 1890 que
1288 1853 1411 1890 parte,
1437 1845 1495 1889 qui
1523 1843 1620 1876 litem
1644 1843 1753 1876 amice
1777 1855 1871 1877 com-

1195 1906 1315 1943 ponat.
1339 1898 1404 1930 En.

1252 1950 1284 1984 3.
1308 1951 1497 1996 Vim-eisque.
1520 1950 1787 1994 Nonnunquam
1809 1961 1872 1981 au-

1197 2012 1266 2037 tem
1294 2002 1485 2037 comedisse
1514 2010 1547 2035 ct
1569 2002 1696 2036 bibisse
1720 2010 1874 2035 oratores

1198 2058 1233 2089 in
1250 2057 1321 2102 ipsa
1341 2056 1477 2090 actione
1490 2082 1498 2096 ,
1516 2054 1610 2088 disce
1623 2067 1640 2088 a
1651 2055 1872 2096 Quintiliano

1196 2110 1258 2143 lib.
1276 2110 1346 2151 XI,
1365 2122 1440 2154 cap.
1459 2109 1584 2141 ultimo
1603 2120 1610 2140 :
1637 2108 1802 2147 «Bibere,
1819 2108 1872 2141 in·

1196 2163 1289 2209 quit,
1303 2171 1362 2195 aut
1374 2162 1477 2196 etiam
1489 2174 1560 2195 esse
1574 2161 1665 2194 inter
1679 2159 1851 2205 agendum
1863 2186 1872 2199 ‚

1196 2214 1292 2262 quod
1311 2216 1429 2249 inultis
1449 2214 1556 2247 moris
1573 2214 1639 2246 fuit
1652 2240 1659 2252 ,
1682 2222 1715 2247 et
1733 2222 1782 2247 est
1799 2213 1874 2259 qui-

1196 2267 1342 2302 busdam
1356 2294 1364 2308 ‚
1394 2269 1436 2301 ab
1467 2275 1605 2300 oratore
1636 2278 1715 2300 meo
1749 2267 1874 2311 procul

1197 2322 1284 2355 absit
1297 2348 1305 2363 ,
1319 2330 1385 2355 etc.
1396 2339 1407 2350 ι·
1424 2343 1474 2347 —-
1491 2321 1666 2365 Telaentem.
1681 2320 1781 2353 Mora
1795 2332 1874 2365 egc-

1196 2374 1318 2409 lidam.
1339 2377 1391 2407 An
1409 2387 1427 2408 a
1446 2374 1517 2407 sole
1533 2374 1586 2406 vel
1605 2373 1684 2419 igne
1701 2371 1874 2407 calidam?

1198 2441 1305 2474 quam
1324 2428 1452 2473 supino
1470 2439 1529 2460 ore
1544 2426 1634 2460 bibis
1650 2424 1692 2458 ad
1707 2437 1828 2458 vocem
1842 2433 1875 2459 ct

1198 2482 1290 2515 vires
1304 2479 1509 2514 reficiendas
1520 2505 1529 2516 ,
1547 2479 1720 2524 simulque
1733 2486 1771 2511 ut
1788 2486 1874 2511 tom-

1198 2548 1263 2581 pus
1279 2534 1471 2581 protrahas.

1262 2593 1286 2628 Ῑ.
1314 2588 1471 2632 ,lmsmllis
1488 2595 1580 2631 potas
1600 2587 1790 2629 srmisostitus
1811 2585 1874 2616 Bo-

1200 2642 1352 2674 vmlauuli
1383 2640 1453 2673 MS.
1480 2662 1530 2667 -
1557 2639 1776 2682 Svrnisustinus.
1807 2637 1874 2670 Ex-
