1978 3305
338 227 925 272 EPIGRAMMATUM
963 227 1087 271 LIB.
1113 228 1230 270 VII.

1393 230 1490 288 245)

687 380 880 435 LVII.

595 538 659 566 DE
699 516 988 566 ACHILLA.*

155 666 374 708 CASTORA
399 663 452 706 de
480 660 656 705 Polluce
683 660 872 705 Gabinia
899 660 1000 704 fecit
1032 661 1270 715 Acl1illam3

223 732 496 794 Pyxagathos
521 731 685 788 fuerat,
708 747 825 774 nunc
854 731 936 774 erit
957 731 1280 793 Hippodamus.

154 849 278 893 Ιππία
302 851 345 891 ἐκ
369 841 640 897 Πολυδεύκοις
665 846 863 908 Κάστορα
888 846 1002 894 θῆκεν
1029 850 1225 906 Αχιλλᾶν·

1026 918 1034 929 t

224 915 312 969 Πὺξ
337 918 485 980 ἀγαθός
509 920 603 961 ποτ’
629 918 696 965 ἔην
713 934 721 942 ·
742 925 807 960 νῦν
836 912 874 960 δ’
895 919 998 960 ἕπτ’
1025 913 1271 978 ιππόδαμος.

139 1056 152 1069 '‘
167 1059 307 1092 Nullam
323 1057 482 1092 lectionis
498 1057 702 1090 varietatem
721 1057 758 1090 in

86 1113 152 1146 hoc
177 1112 425 1158 epigrammate
452 1109 650 1144 exhibendo
675 1123 759 1156 pror

86 1165 175 1198 dunt
192 1162 412 1210 exemplaria.

143 1231 174 1252 1.
200 1217 351 1252 Gabinia.
377 1217 482 1250 Dives
504 1216 632 1249 femina
654 1227 758 1262 eque-

84 1271 149 1305 stri
181 1283 287 1304 censu
319 1268 463 1302 donavit
492 1269 683 1311 Achillam,
721 1276 760 1302 ut

85 1337 189 1370 eques
201 1323 311 1356 fieret.
325 1321 461 1356 Alludit
473 1331 589 1356 autem
602 1321 647 1356 ad
659 1322 760 1355 illum

85 1389 224 1410 versum
244 1375 391 1409 Homeri
415 1375 452 1408 in
471 1374 599 1408 Iliados
615 1389 647 1420 γ.
664 1379 759 1408 Kaio·-

85 1430 165 1475 τοροί
192 1430 224 1463 θ’
247 1427 454 1473 ἱππόδαμον,
477 1428 531 1462 καὶ
551 1428 614 1468 πὺξ
642 1429 759 1473 ἀγαθὸν

88 1480 294 1516 Πολυδεύκεα
313 1493 321 1514 2
341 1482 476 1515 Castora
493 1495 638 1528 equorum
659 1481 759 1513 domi-

88 1545 183 1568 torem
193 1562 202 1576 ‚
223 1543 253 1568 et
269 1535 427 1568 Pollucem
442 1537 559 1579 pugnis
570 1536 700 1578 fortem.
714 1535 759 1567 Et

87 1589 228 1622 solenne
253 1587 397 1634 quidem
425 1587 580 1629 Graecis,
614 1587 686 1620 sive
715 1587 761 1620 ob

88 1643 182 1675 hunc
205 1640 332 1674 Iliados
356 1641 586 1682 versiculum,
616 1640 688 1673 sive
716 1641 762 1674 ob

89 1694 258 1741 quosdam
285 1693 450 1734 Hesiodi,
475 1693 678 1734 Theocriti,
697 1701 761 1727 etc.

90 1761 155 1793 pro
175 1748 319 1782 Castore
337 1745 454 1780 dicere
469 1746 705 1791 Hippodamen,
727 1755 762 1780 et

819 1069 885 1102 pro
912 1057 1054 1091 Polluce
1084 1058 1313 1103 szagatlzon.
1344 1059 1496 1093 Achillas

818 1122 900 1155 ergo
918 1117 1018 1143 antea
1034 1109 1179 1156 quidem
1197 1111 1292 1156 pugil
1311 1119 1384 1144 erat
1406 1121 1493 1145 stre-

818 1175 911 1196 nuus
929 1175 937 1196 z
958 1164 1028 1208 jam
1054 1175 1138 1196 vero
1161 1172 1212 1196 est
1240 1176 1411 1209 equorum
1431 1164 1493 1198 do-

819 1216 945 1256 mitor;
966 1214 1001 1248 id
1023 1224 1096 1256 est,
1115 1229 1219 1262 eques
1241 1216 1353 1250 factus
1373 1226 1442 1259 est,
1463 1228 1495 1250 et

819 1268 1005 1302 Gabiniam
1034 1269 1148 1302 inibit.
1181 1269 1259 1303 Lib.
1286 1270 1358 1311 ΠΙ,
1385 1270 1495 1316 epigr.

818 1334 887 1355 xe1.
905 1322 1012 1355 Poeta
1031 1330 1146 1355 autem
1163 1324 1283 1368 jocum
1305 1323 1428 1368 quaerit
1459 1323 1494 1356 in

819 1375 1045 1420 ambiguitate
1063 1380 1118 1409 τεῦ
1141 1376 1220 1415 πὺξ,
1241 1374 1337 1421 quod
1365 1375 1498 1421 signifi-

820 1436 874 1462 cat
887 1431 1005 1473 pugnis
1027 1441 1039 1461 .·
1064 1437 1167 1474 atque
1191 1427 1285 1462 idem
1313 1441 1378 1474 pro
1406 1432 1494 1474 πυγὴ

820 1489 1009 1526 usurpatur
1018 1481 1196 1515 Aristoteli
1206 1481 1495 1527 inphysiognom.

820 1534 873 1568 Ita
892 1534 1044 1567 Achillas
1065 1546 1154 1580 puer
1172 1535 1330 1568 exoletus
1343 1542 1377 1567 et
1390 1534 1497 1568 modo

820 1588 884 1628 πὺξ
901 1596 1064 1621 strenuus
1077 1614 1085 1629 ‚
1104 1589 1176 1633 jam
1196 1588 1306 1621 factus
1324 1596 1375 1620 est
1400 1589 1498 1621 ἱππό-

821 1637 927 1686 ὃαμος
953 1652 1077 1686 eques,
1098 1654 1157 1686 per·
1181 1643 1383 1685 maneggiare
1410 1655 1426 1672 e
1450 1655 1499 1673 ca-

825 1694 945 1726 valcat-e
964 1694 995 1726 la
1014 1693 1120 1726 domm
1151 1693 1318 1732 Gabinia,·
1339 1694 1408 1727 hoc
1430 1702 1501 1734 est,

823 1759 841 1780 e
861 1746 1003 1780 Castore
1019 1759 1141 1780 versus
1158 1755 1209 1780 est
1225 1747 1261 1780 in
1281 1747 1473 1780 Pollucem.

687 1882 910 1938 LVIII.

589 2035 661 2063 AD
713 2014 998 2063 GALLAMf

162 2160 257 2201 JAM
289 2171 389 2217 sex,
420 2162 494 2196 aut
520 2162 685 2214 septem
717 2152 925 2213 nupsisti,
949 2151 1098 2206 Galla,
1129 2151 1325 2201 cinaedis;

231 2228 351 2270 Dum
376 2239 501 2268 coma
523 2233 565 2267 te
589 2223 769 2266 nimium
794 2238 991 2283 pexaque
1022 2222 1157 2266 barba
1186 2222 1322 2281 juvat.

163 2296 334 2340 Deinde
360 2303 537 2355 experta
561 2292 697 2347 latus,
724 2292 986 2353 madidoque
1013 2291 1227 2336 simillima
1253 2291 1346 2334 loro

232 2366 419 2426 Inguina
435 2399 446 2419 ,
471 2380 552 2408 nec
577 2362 687 2407 lassa
711 2372 825 2407 stare
851 2372 1004 2408 coacta
1031 2378 1163 2406 manu
1180 2397 1191 2414 .,

165 2437 339 2481 Deseris
363 2433 557 2478 imbelles
578 2433 816 2489 thalamos,
839 2432 1102 2494 mollemque
1126 2433 1331 2476 maritum
1353 2450 1361 2475 .·

147 2550 160 2561 ³
182 2552 225 2585 Et
246 2550 304 2584 hie
325 2550 420 2583 nulla
442 2549 599 2583 lectionis
621 2549 767 2582 varietas

95 2613 241 2651 apparet
262 2604 298 2636 in
319 2603 417 2637 libris
436 2601 611 2647 impressis
633 2610 691 2635 aut
713 2614 766 2635 ca-

95 2659 186 2691 lamo
204 2657 361 2691 exaratis.

884 2561 914 2582 1.
935 2549 1085 2583 Cinaedc‘s.
1106 2551 1199 2582 Dum
1217 2561 1256 2582 ex
1274 2548 1371 2582 cultu
1387 2556 1421 2581 et
1435 2548 1503 2581 elc-

827 2602 942 2646 gantia
973 2615 1031 2636 eos
1061 2601 1243 2647 judicabas
1274 2611 1434 2635 strenuos
1463 2600 1506 2635 aul

828 2656 1019 2690 κλινιποὶλην
1035 2678 1043 2694 ,
1065 2663 1099 2689 te
1121 2656 1232 2689 forma
1252 2654 1404 2699 decepit.
