1978 3305
474 218 570 274 254

849 219 911 262 M.
935 217 1076 260 VAL.
1114 217 1504 263 MARTIALIS

612 304 815 365 Implevit
839 304 986 364 magni
1011 319 1141 363 quam
1169 303 1391 348 Ciceronis
1414 320 1539 365 opus.

544 378 672 419 Hunc
704 375 886 418 miratur
912 373 1055 418 adhuc
1084 382 1259 418 centum
1289 375 1433 435 gravis
1458 375 1581 419 hasta
1606 375 1822 424 virorum,

616 448 744 488 Hunc
775 443 966 504 loquitur
993 453 1117 505 grato
1144 442 1357 505 plurimus
1387 461 1463 489 ore
1491 444 1638 489 cliens.

543 518 777 575 Postquam
805 515 870 558 bis
893 515 1006 558 senis
1037 515 1257 575 ingentem
1283 514 1471 559 fascibus
1501 531 1665 558 annum

616 587 830 639 Rexerat,
859 594 1023 629 asserto
1049 585 1123 645 qui
1148 601 1270 629 sacer
1293 584 1400 629 orbe
1425 585 1529 640 fuit;

544 657 763 700 Emeritos
791 656 930 700 Musis
959 665 1002 700 et
1029 655 1195 700 Phoebo
1218 655 1395 700 tradidit
1423 671 1586 710 annos,

617 728 788 787 Proque
817 743 896 770 suo
918 725 1110 770 celebrat
1133 742 1250 770 nunc
1275 725 1487 770 Helicona
1513 726 1621 770 foro.

479 868 545 913 ipsi
561 875 672 913 poetae
684 893 693 909 ,
714 875 752 900 ut
771 875 867 900 recte
886 866 1076 900 Turnebus
1092 877 1157 898 no-

480 928 546 962 tat,
567 921 630 954 lib.
648 919 737 953 Adv.
762 919 868 961 XXI,
885 931 960 964 cap.
984 921 1018 952 6.
1042 919 1158 951 Poetae

480 974 575 1007 enim
592 974 683 1007 inter
703 981 798 1006 vates
819 980 854 1004 et
874 972 1064 1017 prophetas
1082 983 1160 1004 cen·

481 1035 622 1067 semar,
642 1026 703 1071 qui
723 1024 812 1060 sacri
830 1024 1018 1058 habentur.
1039 1023 1158 1056 Valer.

482 1079 646 1120 Flaccus,
666 1079 728 1112 lib.
751 1079 768 1110 I
791 1078 984 1122 Argonaut·
1006 1088 1013 1109 ε
1038 1093 1050 1104 «
1070 1076 1161 1109 Ecce

482 1145 598 1173 sacer,
622 1140 787 1177 totusque
813 1131 878 1163 Dei
896 1147 909 1159 n
923 1155 933 1171 ‚
957 1137 1021 1162 etc.
1045 1128 1160 1166 Nota,

490 1187 647 1231 Totusque
668 1185 745 1223 Dei,
767 1182 804 1216 id
825 1191 893 1224 est,
915 1183 993 1216 Deo
1016 1181 1163 1227 plenus,

479 1247 513 1271 et
544 1239 663 1271 furore
691 1236 813 1269 divino
842 1235 1000 1270 adflatus.
1024 1234 1162 1268 Herald.

483 1292 562 1324 Lib.
585 1291 656 1330 ΙΙΙ,
684 1290 791 1335 epigr.
820 1302 882 1332 xx,
904 1302 953 1322 VS.
979 1301 998 1333 7
1013 1314 1022 1329 ,
1046 1296 1079 1321 et
1101 1287 1161 1321 lib.

487 1345 532 1385 V,
551 1344 660 1389 epigr.
681 1356 715 1384 v,
734 1355 785 1376 vs.
807 1343 840 1376 8.

539 1400 573 1430 6.
594 1396 739 1441 Implevit
759 1397 879 1440 magni.
896 1394 974 1428 Hoc
994 1402 1045 1428 est
1061 1420 1070 1435 ,
1089 1407 1164 1427 non

485 1451 581 1496 prius
602 1462 637 1483 se
654 1449 764 1482 Musis
786 1447 949 1489 tradidit,
972 1460 1078 1493 quam
1104 1447 1163 1482 Ci-

483 1503 618 1537 ceronis
637 1515 743 1548 opera
762 1502 975 1548 implevisset
992 1499 1144 1546 legendo
1156 1526 1165 1542 ‚

484 1565 518 1590 et
538 1554 721 1589 imitando,

540 1622 574 1654 7.
599 1609 731 1642 Centum
749 1610 871 1653 gravis,
895 1616 959 1641 etc.
980 1607 1001 1640 J
1005 1606 1162 1640 udicium

484 1670 627 1696 centum
641 1662 801 1695 virorum
816 1661 878 1707 qui
891 1659 935 1694 de
948 1660 1166 1694 testamentis

484 1725 519 1750 et
542 1714 805 1749 haereditatihus
825 1715 863 1747 in
883 1726 945 1747 suo
968 1714 1045 1746 foro
1066 1713 1167 1746 hasta

484 1769 597 1815 posita
617 1767 842 1814 judIcabant‚
865 1765 1165 1814 quemadmodum

486 1821 693 1856 auctionarii
709 1822 745 1854 iu
763 1821 853 1854 atrio
870 1819 1091 1854 auctionario
1106 1819 1168 1852 ha-

487 1884 538 1908 sta
556 1874 729 1921 praeconis
748 1874 873 1919 posita.
898 1872 980 1906 Vid.
1002 1873 1066 1906 lib.
1089 1873 1142 1905 VI
1157 1897 1168 1912 ,

487 1928 597 1974 epigr.
623 1939 787 1968 xxxvnI,
813 1939 863 1960 vs.
895 1927 912 1960 5
931 1953 940 1968 ‚
968 1934 1002 1959 et
1026 1925 1170 1960 consule

489 1981 696 2015 Cornelium
715 1980 838 2014 Vitell.
859 1981 1027 2013 Annotat.
1044 1980 1078 2013 in
1095 1979 1170 2012 Me-

492 2035 602 2068 rulam
616 2059 624 2072 ,
649 2047 726 2079 cap.
752 2045 811 2066 21.

546 2090 579 2122 8.
608 2088 705 2120 Hunc
724 2087 872 2132 loquitur.
895 2085 994 2127 Quos
1014 2083 1173 2118 defendit

495 2142 657 2182 clientes,
677 2139 778 2173 illum
797 2137 1000 2186 praedicant.

551 2207 584 2237 9.
609 2195 783 2239 Postquam
805 2193 850 2225 bis
871 2195 964 2225 senis.
985 2191 1176 2236 Postquam

496 2247 619 2281 consul
643 2247 759 2279 fuerat
785 2257 826 2279 eo
849 2258 963 2287 anno,
988 2257 1058 2290 quo
1082 2244 1177 2277 Nero

496 2299 617 2346 periit.
630 2299 805 2333 Plin.Sec.
818 2299 878 2332 lib.
890 2299 963 2340 111,
974 2298 1073 2344 epist.
1089 2310 1178 2342 7.—

498 2355 685 2398 lngentem..
694 2360 835 2391 .asserto,
846 2352 999 2394 etc.Quo
1007 2359 1177 2385 terrarum

1216 865 1311 899 orbis
1343 865 1380 898 in
1411 865 1609 899 libertatem
1642 871 1791 898 assertus
1821 871 1871 897 est
1882 889 1892 905 ,

1217 926 1368 964 tyranno
1393 918 1536 951 Nerone
1561 916 1605 950 ad
1623 917 1694 950 vim
1716 917 1782 950 sibi
1804 916 1892 950 infe-

1217 970 1366 1004 rendam
1386 969 1508 1004 adacto
1527 978 1561 1003 et
1582 970 1708 1004 occiso.

1277 1036 1290 1056 1
1303 1036 1334 1057 1.
1355 1024 1513 1056 Emeritos
1530 1023 1644 1062 Musis,
1664 1030 1728 1055 etc.
1749 1022 1842 1054 Foro
1860 1029 1894 1054 et

1218 1076 1413 1109 honoribus
1423 1076 1586 1108 emeritus
1599 1075 1735 1108 secessit
1744 1075 1781 1108 in
1792 1074 1894 1108 Cam·

1220 1128 1359 1174 panium
1374 1154 1382 1169 ,
1397 1129 1458 1162 ubi
1472 1128 1582 1161 Musis
1595 1127 1731 1161 vacavit
1743 1127 1896 1172 scripsit-

1220 1194 1288 1228 que
1320 1181 1477 1215 carmine
1505 1181 1648 1214 heroico
1680 1192 1758 1214 xvn
1788 1179 1896 1213 libros

1221 1234 1265 1269 de
1285 1235 1418 1268 Punico
1436 1234 1529 1268 bello
1545 1232 1712 1268 secundo.

1280 1300 1294 1321 1
1305 1301 1337 1321 2.
1358 1288 1484 1334 Proque
1502 1300 1575 1320 suus
1596 1287 1733 1320 celebrat
1748 1286 1895 1331 conject.

1222 1343 1303 1375 Ant.
1321 1342 1359 1373 de
1373 1341 1475 1385 Rooy.
1493 1339 1588 1380 Suus,
1605 1340 1641 1373 h.
1656 1352 1685 1373 e.
1704 1339 1794 1373 liber
1806 1338 1899 1372 curis

1223 1394 1373 1440 publicis
1383 1419 1393 1435 ‚
1410 1402 1444 1427 et
1459 1393 1556 1439 quasi
1570 1393 1623 1427 sui
1634 1392 1734 1438 juris,
1748 1401 1786 1426 ut
1800 1399 1899 1425 vocat

1226 1449 1296 1481 otia
1315 1456 1472 1481 senectae.
1484 1446 1597 1492 Supra
1608 1473 1617 1487 ‚
1632 1446 1692 1479 lib.
1712 1446 1778 1486 IV,
1790 1445 1899 1490 epigr.

1224 1502 1379 1542 xxv,vs.8
1389 1512 1395 1533 :
1406 1517 1418 1529 ιι
1428 1500 1465 1533 Si
1473 1500 1557 1544 juris
1567 1499 1697 1533 fuerint
1706 1498 1775 1532 otia
1782 1505 1901 1531 nostra

1225 1554 1291 1587 sui.
1306 1571 1319 1583 n
1348 1554 1428 1595 Quo
1454 1564 1558 1586 sensu
1583 1560 1617 1586 et
1639 1564 1722 1584 meus
1749 1549 1902 1584 occurrit

1225 1607 1263 1640 in
1278 1607 1372 1640 Pers.
1387 1606 1457 1639 Sat.
1473 1606 1573 1648 V,88
1587 1603 1795 1638 :uVindicta
1806 1611 1902 1650 post-

1227 1672 1333 1706 quam
1351 1672 1433 1692 meus
1449 1671 1468 1692 a
1484 1659 1637 1692 Praetore
1652 1657 1813 1691 recessi.»
1828 1656 1902 1689 Nec

1227 1725 1441 1759 quemquam
1457 1710 1615 1745 offendat
1628 1710 1796 1745 remotior
1807 1721 1825 1742 a
1841 1721 1904 1742 suo

1229 1778 1309 1800 casu
1328 1765 1543 1812 praepositio.
1564 1764 1666 1799 Conf.
1687 1764 1809 1797 Horat.
1830 1763 1904 1803 ΠΙ,

1227 1818 1286 1853 od.
1305 1832 1366 1865 27,
1379 1819 1396 1853 5
1407 1831 1421 1852 1
1431 1832 1439 1861 ;
1451 1818 1549 1863 Eleg.
1568 1818 1603 1851 in
1613 1817 1709 1850 Obit.
1724 1816 1904 1849 Maecenat.

1228 1886 1279 1906 vs.
1305 1885 1319 1906 1
1332 1886 1348 1906 2
1363 1885 1372 1913 ;
1385 1870 1490 1905 Ovid.
1507 1871 1617 1917 Epist.
1641 1882 1699 1911 lx,
1720 1871 1767 1913 96
1782 1880 1792 1909 ;
1810 1880 1881 1902 xm
1894 1891 1905 1907 ‚

1235 1928 1320 1968 161;
1340 1925 1436 1971 Eleg.
1463 1923 1506 1958 ad
1528 1924 1604 1957 Liv.
1628 1924 1716 1968 Aug.
1743 1935 1791 1955 vs.
1821 1920 1906 1961 254.

1230 1977 1323 2012 Vide
1342 1978 1446 2012 etiam
1465 1978 1560 2011 Jens.
1583 1976 1731 2010 observ.
1752 1975 1846 2020 Sing.
1866 1974 1908 2007 L.

1230 2033 1270 2066 L.
1290 2029 1309 2070 5
1331 2034 1387 2065 16.
1405 2030 1574 2072 Quamvis
1587 2043 1647 2075 pro
1659 2042 1716 2062 suo
1726 2029 1801 2072 soro
1813 2025 1908 2061 haud

1232 2083 1453 2119 incommode
1463 2083 1590 2129 exponi
1603 2082 1711 2128 possit
1721 2107 1730 2122 ,
1741 2090 1907 2126 tanquam

1234 2150 1335 2172 suum
1360 2138 1486 2171 forum.
1505 2135 1587 2169 Vid.
1607 2135 1726 2168 Heius.
1745 2133 1787 2167 ad
1803 2132 1907 2167 Ovid.

1235 2191 1347 2237 Epist.
1364 2202 1428 2232 111,
1443 2193 1501 2235 98,
1517 2198 1551 2222 et
1563 2185 1794 2222 Snake11b.ad
1808 2187 1909 2220 Curt.

1237 2245 1302 2285 IV,
1320 2256 1362 2277 10
1373 2270 1381 2285 ‚
1397 2247 1430 2283 4.
1445 2243 1598 2285 Prosom
1610 2239 1818 2275 Beverlandi
1831 2239 1908 2272 MS.

1238 2297 1343 2331 habet
1354 2322 1364 2337 ‚
1380 2297 1479 2329 thoro.
1498 2318 1550 2322 —
1566 2296 1702 2341 Proque.
1719 2294 1788 2327 Pro
1803 2293 1912 2327 causis

1240 2348 1403 2395 agendis,
1422 2350 1492 2394 jam
1514 2349 1624 2382 Musis
1647 2355 1753 2381 vacat.
