1978 3305
387 191 971 236 EPIGRAMMATUM
1009 192 1134 234 LIB.
1173 192 1228 234 V.

251 281 345 325 Nec
367 279 498 323 modo
522 278 705 340 politum
732 278 910 340 pecudis
934 277 1095 323 Indicae
1120 277 1294 322 dentem
1310 314 1319 330 ‚

249 351 467 411 Nivesque
492 351 674 411 primas,
696 349 915 410 liliumque
940 366 1025 393 non
1050 358 1214 392 tactum
1238 366 1247 392 :

249 422 360 477 Quae
384 422 502 464 crine
528 421 630 465 vicit
654 421 797 465 Baetici
823 419 965 481 gregis
992 418 1152 474 vellus,

250 491 479 552 Rhenique
507 491 668 546 nodos,
699 506 962 551 aureamque
990 488 1187 545 nitelam3

250 562 476 622 Fragravit
504 578 601 617 ore,
629 561 747 621 quod
778 561 990 604 rosarium
1017 561 1167 615 Paesti,

165 717 198 751 5.
216 715 421 750 Beverlandi
439 716 513 750 MS.
527 718 649 761 pecoris
663 716 779 749 Indici.

164 782 197 814 7.
224 770 306 813 Quoe
327 772 410 802 crine
430 771 542 801 vincit.
568 769 703 802 Ferrar.
726 781 780 801 an.

115 826 224 866 1471,
254 821 334 855 Ald.
362 823 460 855 Junt.
493 822 609 855 Colin.
641 821 780 866 Gryph.

106 874 247 907 Junian.
274 875 384 908 Plant.
412 875 519 920 Lang.
544 874 670 919 Delph.
695 874 780 907 alim.

109 928 194 970 (hue
222 930 305 960 crine
335 931 416 960 vicit
443 927 553 960 codex
582 927 780 960 Pulmanni.

107 981 187 1011 m'cit
209 980 369 1014 facillime
392 980 550 1025 migrarit
571 980 606 1013 in
634 975 725 1020 vicit,
754 980 777 1013 i.

106 1045 137 1065 e.
160 1035 282 1072 vincit;
307 1041 341 1066 et
365 1046 459 1066 versa
485 1033 571 1066 vice.
593 1054 646 1059 —-
667 1033 783 1066 Baetici

104 1088 223 1129 grego.
250 1086 341 1119 Oves
367 1086 502 1120 Baeticae
524 1087 644 1119 nativo
665 1086 781 1118 colore

107 1138 308 1172 rutilabant.
330 1138 422 1172 Vide
449 1139 510 1172 lib.
542 1139 642 1180 XIV,
669 1139 781 1184 epigr.

105 1203 244 1224 cxxxut
258 1217 267 1232 ,
284 1200 317 1225 et
331 1192 438 1237 epigr.
459 1204 495 1225 x1
507 1217 516 1233 ,
534 1204 583 1224 vs.
607 1191 664 1232 43.
681 1192 782 1224 Baetis

107 1243 234 1277 fluvius
257 1244 294 1276 in
311 1244 476 1290 Hispania
489 1270 498 1286 ‚
515 1243 621 1277 hodie
644 1244 782 1278 Gauda-

106 1297 232 1342 quilvc'r,
256 1296 481 1330 Andalusiam
499 1297 628 1342 irrigat.

162 1352 196 1384 8.
209 1350 366 1396 Rhenique
379 1350 484 1384 nodos.
500 1350 756 1383 Germanorum
771 1362 779 1382 :

105 1401 166 1447 qui
182 1403 293 1435 Rheni
307 1404 449 1442 accolae,
462 1403 569 1436 flavos
584 1403 708 1443 crines,
719 1415 780 1436 seu

106 1455 202 1488 rufos
222 1455 449 1501 obliquabant
464 1465 497 1490 et
516 1457 553 1489 in
572 1455 705 1489 nodum
723 1468 780 1489 co·

106 1509 243 1552 gebant.
255 1509 333 1542 Lib.
345 1509 462 1554 Spect.
477 1509 586 1555 epigr.
603 1521 649 1542 111
660 1534 669 1549 ,
686 1521 734 1541 vs.
747 1521 780 1551 9.

107 1582 158 1586 ——
175 1562 372 1607 Aureumque
403 1563 543 1595 mitellam
578 1561 659 1595 edd.
697 1570 779 1594 vett.

107 1613 217 1646 codex
241 1614 431 1648 Vaticanus
463 1615 568 1648 habet
596 1627 781 1660 aureamque

106 1667 280 1706 mitellam;
301 1675 334 1700 et
360 1667 407 1700 sic
429 1669 518 1713 conj.
543 1667 749 1701 Calderinus
770 1679 778 1701 :

111 1737 124 1749 u
142 1720 265 1753 Aureae
285 1720 422 1754 mitellae
440 1720 600 1754 meminit
619 1721 780 1766 Optatus,

107 1775 153 1805 82
168 1798 178 1814 ,
195 1773 240 1808 83
255 1798 265 1814 ‚
283 1785 386 1818 quem
400 1773 516 1806 locum
533 1774 622 1807 male
637 1773 780 1818 corrigit

107 1825 335 1859 casaubonus
352 1837 360 1859 t
385 1826 531 1859 Fiebant
550 1826 622 1859 istae
642 1826 780 1860 mitellae

105 1873 248 1922 (mitrae)
271 1891 311 1912 ex
333 1892 451 1924 panno
473 1887 507 1912 et
524 1879 601 1912 lana
621 1891 738 1912 aurea.
761 1896 773 1908 n

107 1930 189 1965 Isitl.
207 1932 324 1977 Etym.
339 1932 432 1965 Male
449 1932 636 1965 Salmasius
652 1933 779 1965 nitelam

106 1984 209 2029 legit,
224 1997 335 2030 quum
358 1985 462 2018 nitela
475 2011 484 2026 ,
505 1998 547 2018 eo
565 1994 648 2018 teste
661 2011 669 2024 ‚
686 1984 777 2018 idem'

105 2037 197 2071 sitae
208 2037 361 2074 sciurus,
375 2037 470 2083 quod
481 2038 638 2084 sequitur
652 2050 659 2071 ε
675 2051 777 2083 quam

106 2089 199 2122 idem
213 2091 302 2123 male
319 2104 335 2123 a
348 2090 495 2124 nitendo
509 2090 653 2125 deducit
665 2091 778 2137 prima

105 2142 298 2186 producta,
319 2143 363 2177 acl
383 2144 494 2178 Solin.
517 2157 549 2189 p.
576 2143 661 2177 316.
685 2144 777 2177 Hinc

104 2195 294 2230 Theocrito
334 2198 456 2242 Πέρσαι
493 2198 702 2242 αἰολόμιτραι.
735 2199 777 2230 Iu

105 2248 202 2291 Copa
233 2249 423 2294 corripitur
446 2250 558 2294 prima
586 2251 622 2282 in
647 2250 778 2284 mitella.

107 2299 174 2332 Sed
213 2309 325 2333 tamen
360 2301 479 2335 dixere
512 2315 610 2348 aeque
643 2303 777 2335 rum-ella

105 2361 139 2384 et
160 2353 302 2386 miscella.
321 2355 403 2386 «Est
422 2356 529 2386 mitella
543 2382 550 2393 ,
567 2355 754 2400 zinw-:pcv
767 2381 775 2392 ‚

105 2405 218 2438 Gloss.
236 2406 279 2438 H.
293 2407 411 2450 steph.
427 2407 492 2440 Sed
507 2407 599 2440 aliud
618 2407 671 2449 id3
686 2421 780 2441 nam-

105 2471 176 2503 que
200 2459 305 2491 nitela
329 2467 378 2491 cst
395 2459 658 2502 dentifricium,
680 2470 717 2493 ut
739 2473 777 2493 ex

107 2512 257 2556 Apuleio
270 2521 416 2545 constat.
427 2513 634 2545 »Bm-erland.
648 2515 686 2546 In
698 2513 777 2546 edd.

107 2564 284 2610 antiquiss.
311 2565 518 2610 quibusdam
544 2567 677 2598 nida-lam
698 2567 780 2611 legit

107 2618 316 2662 Caguerius;
340 2619 373 2650 in
401 2619 474 2651 aliis
501 2620 629 2664 repr-rit
645 2646 652 2660 ,
676 2620 779 2652 tuit-el-

842 715 904 747 lam
920 742 929 755 ,
954 715 977 748 i.
1004 727 1034 748 e.
1060 727 1202 760 parvam
1228 715 1371 757 micam,
1397 729 1474 761 quae
1500 731 1521 752 a.

839 767 956 800 Plinio
981 769 1134 801 sumitur
1159 781 1224 813 pro
1246 769 1372 814 lapillis
1399 770 1434 802 in
1462 770 1520 803 lii-

841 828 916 853 tore
932 821 1077 866 obliquo
1092 821 1169 854 auri
1186 821 1241 853 vel
1256 822 1389 866 argenti
1402 823 1518 867 specie

840 873 880 906 ad
906 874 1011 907 solen]
1033 874 1238 907 nitentibus.
1258 877 1518 919 —-.Aureamquae

840 927 979 959 nitelam.
1011 927 1147 960 Rutilos
1183 939 1222 960 ac
1255 927 1352 960 rufos
1393 929 1517 972 puellae

839 979 951 1012 crines
986 987 1165 1025 comparat
1202 980 1330 1013 Baetico
1369 981 1488 1013 velleri
1508 1008 1517 1022 ,

841 1033 1098 1066 Germanorum
1136 1033 1270 1078 capillis
1283 1058 1293 1074 ‚
1331 1041 1365 1066 et
1401 1034 1518 1067 nitelae

839 1085 924 1130 pilo.
947 1085 1089 1119 Baeticas
1110 1086 1227 1126 lanas,
1247 1086 1344 1119 rufas
1365 1085 1436 1119 sive
1454 1099 1517 1119 ru-

840 1139 916 1171 tilas
945 1139 1048 1172 fuisse
1073 1138 1294 1172 notissimum
1322 1147 1382 1172 est.
1407 1140 1517 1172 Nitela

841 1204 980 1236 quoque
1009 1187 1154 1224 rutilum
1185 1191 1290 1224 hahet
1314 1192 1452 1236 pilum,
1482 1201 1516 1226 et

840 1244 1014 1289 praecipue
1031 1245 1172 1278 sciurus
1185 1270 1193 1285 ‚
1209 1252 1247 1277 ut
1264 1253 1450 1290 propterea
1469 1249 1518 1278 ηἰ-

840 1297 933 1329 telam
950 1296 992 1330 de
1008 1297 1130 1331 Sciuro
1147 1297 1304 1342 accipere
1318 1298 1433 1342 potius
1449 1299 1515 1335 sit;

839 1363 920 1383 nain
943 1350 1007 1383 etsi
1027 1363 1094 1382 mus
1114 1352 1248 1395 agrestis
1267 1350 1369 1383 etiam
1386 1352 1515 1384 rubens

840 1403 883 1436 sit
906 1410 940 1436 et
964 1403 1114 1444 rutilus,
1139 1416 1210 1436 non
1235 1412 1350 1442 tamen
1375 1413 1413 1437 ut
1433 1417 1516 1437 cum

839 1456 954 1489 sciuro
968 1456 1011 1489 sit
1025 1455 1289 1501 comparandus.
1308 1456 1352 1489 Et
1366 1457 1461 1489 nitela
1478 1457 1515 1489 in

840 1509 973 1542 Glossis
991 1517 1042 1542 est
1060 1510 1189 1542 Scimus
1204 1523 1216 1549 ;
1235 1521 1314 1541 nam
1334 1506 1514 1554 ὃενδροὲοί-

838 1574 895 1601 της
913 1562 1057 1607 proprie
1077 1562 1216 1596 dicitur.
1236 1562 1329 1596 Hinc
1352 1564 1449 1595 color
1465 1565 1514 1595 ηἰ-

840 1615 952 1647 ίείίιιιω
965 1614 1057 1660 apud
1068 1615 1157 1649 Plin.
1170 1615 1231 1648 lib.
1243 1616 1344 1655 XVI,
1361 1628 1437 1661 cap.
1454 1615 1515 1660 37,

839 1666 883 1700 de
899 1669 1024 1708 rubeo,
1039 1680 1096 1701 seu
1108 1668 1230 1702 rutilo.
1241 1669 1294 1700 Ita
1310 1677 1348 1701 ut
1366 1681 1438 1701 non
1453 1670 1517 1702 mi-

838 1733 916 1753 rum
936 1721 979 1754 sit
992 1746 1001 1762 ‚
1022 1721 1135 1754 crines
1150 1720 1195 1754 ad
1211 1721 1355 1766 plenum
1370 1722 1465 1754 rufos
1479 1730 1513 1755 et

838 1774 961 1808 rutilos
988 1775 1100 1807 miteloe
1127 1786 1343 1819 comparasse
1371 1774 1514 1807 Martia-

838 1827 907 1860 lem
917 1853 926 1867 ,
943 1835 975 1860 et
985 1840 1112 1860 aut-eam
1121 1839 1272 1861 vocasse.
1288 1827 1492 1860 SalmasNel
1504 1852 1512 1863 ,

839 1880 996 1919 mitellam,
1022 1888 1061 1913 ut
1082 1880 1138 1913 alii
1170 1880 1292 1913 volunt
1315 1881 1516 1925 Aut-eamque

838 1934 978 1967 nitelam.
990 1933 1099 1966 Micas
1108 1933 1261 1979 pulveris
1272 1934 1345 1966 auri
1359 1941 1516 1978 repertas

839 1987 874 2020 in
886 1987 1016 2026 arenis,
1030 1986 1167 2019 scobem
1181 1994 1214 2019 et
1225 1995 1379 2019 ramenta
1393 1998 1514 2026 aurea,

839 2039 967 2085 quibus
986 2051 1207 2085 conspersam
1227 2051 1361 2072 comam
1381 2039 1514 2072 illumi-

839 2100 1023 2125 naverunt.

891 2158 925 2188 9.
954 2146 1119 2178 [iasar-inm
1146 2146 1258 2177 Paestt.
1286 2145 1385 2177 Rosae
1411 2144 1511 2177 Paesti

837 2197 961 2243 oppidi
990 2198 1024 2230 in
1055 2197 1228 2237 Lucania,
1262 2195 1368 2229 hodie
1398 2198 1489 2230 Posti
1503 2225 1511 2237 ,

837 2251 1078 2283 suavissimum
1116 2250 1321 2282 emittebant
1353 2248 1512 2283 odorem.

837 2303 988 2336 Lucania
1016 2315 1099 2335 vero
1124 2302 1230 2335 hodie
1252 2301 1395 2343 dicitur,
1416 2303 1514 2335 Prin-

837 2359 962 2399 cl'pueele‘
978 2357 1137 2388 citou-ieme
1160 2356 1196 2388 in
1214 2367 1320 2400 regno
1346 2355 1512 2401 Neapoli-

839 2418 931 2441 tano.
951 2409 1131 2442 Rosam-ium
1149 2417 1198 2441 est
1215 2409 1310 2442 locus
1325 2408 1413 2441 rosis
1429 2421 1513 2441 con-

838 2461 932 2494 situs.
957 2462 1106 2495 Paestana
1130 2469 1245 2494 autem
1265 2462 1393 2494 rosaria
1419 2474 1513 2494 rosas

839 2515 890 2546 bis
922 2515 956 2547 in
976 2527 1102 2547 annum
1120 2515 1362 2561 proferebant,
1386 2514 1514 2547 mensi-

838 2567 902 2600 bus
923 2568 1014 2600 maio
1036 2576 1069 2601 et
1090 2566 1385 2613 septembri.Vid.
1411 2579 1514 2612 supra

840 2619 881 2653 ad
904 2621 1013 2667 epigr.
1033 2633 1101 2657 xii,
1123 2621 1182 2654 31.

1218 2695 1246 2746 4
1265 2692 1271 2708 .
