<?xml version="1.0" encoding="UTF-8"?>
<!DOCTYPE html PUBLIC "-//W3C//DTD XHTML 1.0 Transitional//EN"
    "http://www.w3.org/TR/xhtml1/DTD/xhtml1-transitional.dtd">
<html xmlns="http://www.w3.org/1999/xhtml" xml:lang="en" lang="en">
 <head>
  <title>
</title>
<meta http-equiv="Content-Type" content="text/html;charset=utf-8" />
  <meta name='ocr-system' content='tesseract 3.04.00' />
  <meta name='ocr-capabilities' content='ocr_page ocr_carea ocr_par ocr_line ocrx_word'/>
</head>
<body>
  <div class='ocr_page' id='page_1' title='image "./epigrammata02martuoft/epigrammata02martuoft_0596.png"; bbox 0 0 1978 3305; ppageno 0'>
   <div class='ocr_carea' id='block_1_1' title="bbox 445 231 540 278">
    <p class='ocr_par' dir='ltr' id='par_1_1' title="bbox 445 231 540 278">
     <span class='ocr_line' id='line_1_1' title="bbox 445 231 540 278; baseline -0.021 0"><span class='ocrx_word' id='word_1_1' title='bbox 445 231 540 278; x_wconf 84' lang='lat'>582</span> 
     </span>
    </p>
   </div>
   <div class='ocr_carea' id='block_1_2' title="bbox 817 227 1477 272">
    <p class='ocr_par' dir='ltr' id='par_1_2' title="bbox 817 227 1477 272">
     <span class='ocr_line' id='line_1_2' title="bbox 817 227 1477 272; baseline -0.002 0"><span class='ocrx_word' id='word_1_2' title='bbox 817 229 879 272; x_wconf 89' lang='lat' dir='ltr'>M.</span> <span class='ocrx_word' id='word_1_3' title='bbox 903 228 1043 271; x_wconf 86' lang='lat' dir='ltr'><strong>VAL.</strong></span> <span class='ocrx_word' id='word_1_4' title='bbox 1083 227 1477 271; x_wconf 81' lang='lat' dir='ltr'><strong>MARTIALIS</strong></span> 
     </span>
    </p>
   </div>
   <div class='ocr_carea' id='block_1_3' title="bbox 513 314 1620 801">
    <p class='ocr_par' dir='ltr' id='par_1_3' title="bbox 581 314 1410 378">
     <span class='ocr_line' id='line_1_3' title="bbox 581 314 1410 378; baseline -0.006 -16"><span class='ocrx_word' id='word_1_5' title='bbox 581 316 778 378; x_wconf 89' lang='lat' dir='ltr'>Elysium</span> <span class='ocrx_word' id='word_1_6' title='bbox 804 314 931 359; x_wconf 77' lang='lat' dir='ltr'>lice-at</span> <span class='ocrx_word' id='word_1_7' title='bbox 957 315 991 358; x_wconf 91' lang='lat' dir='ltr'>si</span> <span class='ocrx_word' id='word_1_8' title='bbox 1016 330 1204 359; x_wconf 80' lang='lat' dir='ltr'>vacuare</span> <span class='ocrx_word' id='word_1_9' title='bbox 1229 330 1410 370; x_wconf 85' lang='lat' dir='ltr'>nemus;</span> 
     </span>
    </p>

    <p class='ocr_par' dir='ltr' id='par_1_4' title="bbox 513 384 1529 513">
     <span class='ocr_line' id='line_1_4' title="bbox 513 384 1520 446; baseline -0.004 -14"><span class='ocrx_word' id='word_1_10' title='bbox 513 391 575 432; x_wconf 89' lang='lat' dir='ltr'>Te</span> <span class='ocrx_word' id='word_1_11' title='bbox 600 387 716 432; x_wconf 88' lang='lat' dir='ltr'>colet</span> <span class='ocrx_word' id='word_1_12' title='bbox 744 386 932 429; x_wconf 86' lang='lat' dir='ltr'>invictus</span> <span class='ocrx_word' id='word_1_13' title='bbox 955 401 1037 446; x_wconf 87' lang='lat' dir='ltr'>pro</span> <span class='ocrx_word' id='word_1_14' title='bbox 1061 384 1262 429; x_wconf 85' lang='lat' dir='ltr'>libertate</span> <span class='ocrx_word' id='word_1_15' title='bbox 1285 384 1520 439; x_wconf 86' lang='lat' dir='ltr'>Camillus;</span> 
     </span>
     <span class='ocr_line' id='line_1_5' title="bbox 585 454 1529 513; baseline -0.003 -11"><span class='ocrx_word' id='word_1_16' title='bbox 585 460 755 502; x_wconf 87' lang='lat' dir='ltr'>Aurum</span> <span class='ocrx_word' id='word_1_17' title='bbox 787 456 1036 513; x_wconf 80' lang='lat' dir='ltr'>Fabricius,</span> <span class='ocrx_word' id='word_1_18' title='bbox 1066 465 1109 500; x_wconf 88' lang='lat' dir='ltr'>te</span> <span class='ocrx_word' id='word_1_19' title='bbox 1134 455 1378 511; x_wconf 77' lang='lat' dir='ltr'>tribuente,</span> <span class='ocrx_word' id='word_1_20' title='bbox 1398 454 1529 499; x_wconf 86' lang='lat' dir='ltr'>volet.</span> 
     </span>
    </p>

    <p class='ocr_par' dir='ltr' id='par_1_5' title="bbox 514 525 1620 660">
     <span class='ocr_line' id='line_1_6' title="bbox 514 525 1620 589; baseline -0.003 -16"><span class='ocrx_word' id='word_1_21' title='bbox 514 531 575 573; x_wconf 86' lang='lat' dir='ltr'>Te</span> <span class='ocrx_word' id='word_1_22' title='bbox 600 529 711 573; x_wconf 90' lang='lat' dir='ltr'>duce</span> <span class='ocrx_word' id='word_1_23' title='bbox 734 526 941 589; x_wconf 83' lang='lat' dir='ltr'>gaudebit</span> <span class='ocrx_word' id='word_1_24' title='bbox 964 529 1152 581; x_wconf 67' lang='lat' dir='ltr'>Brutus,</span> <span class='ocrx_word' id='word_1_25' title='bbox 1175 526 1254 571; x_wconf 88' lang='lat' dir='ltr'>tibi</span> <span class='ocrx_word' id='word_1_26' title='bbox 1272 525 1388 588; x_wconf 84' lang='lat' dir='ltr'>Sylla</span> <span class='ocrx_word' id='word_1_27' title='bbox 1411 535 1620 571; x_wconf 85' lang='lat' dir='ltr'>cruentus</span> 
     </span>
     <span class='ocr_line' id='line_1_7' title="bbox 585 597 1541 660; baseline -0.002 -17"><span class='ocrx_word' id='word_1_28' title='bbox 585 600 827 660; x_wconf 79' lang='lat' dir='ltr'><strong>Imperium</strong></span> <span class='ocrx_word' id='word_1_29' title='bbox 853 597 1019 655; x_wconf 81' lang='lat' dir='ltr'>tradet,</span> <span class='ocrx_word' id='word_1_30' title='bbox 1040 615 1175 660; x_wconf 89' lang='lat' dir='ltr'>quum</span> <span class='ocrx_word' id='word_1_31' title='bbox 1199 598 1423 659; x_wconf 86' lang='lat' dir='ltr'>positurus</span> <span class='ocrx_word' id='word_1_32' title='bbox 1446 598 1541 642; x_wconf 80' lang='lat' dir='ltr'>erit.</span> 
     </span>
    </p>

    <p class='ocr_par' dir='ltr' id='par_1_6' title="bbox 514 668 1584 801">
     <span class='ocr_line' id='line_1_8' title="bbox 514 668 1584 731; baseline -0.002 -17"><span class='ocrx_word' id='word_1_33' title='bbox 514 672 570 714; x_wconf 89' lang='lat' dir='ltr'>Et</span> <span class='ocrx_word' id='word_1_34' title='bbox 592 679 634 714; x_wconf 88' lang='lat' dir='ltr'>te</span> <span class='ocrx_word' id='word_1_35' title='bbox 657 671 828 731; x_wconf 85' lang='lat' dir='ltr'>privato</span> <span class='ocrx_word' id='word_1_36' title='bbox 852 685 953 713; x_wconf 91' lang='lat' dir='ltr'>cum</span> <span class='ocrx_word' id='word_1_37' title='bbox 978 670 1150 714; x_wconf 84' lang='lat' dir='ltr'>Caesare</span> <span class='ocrx_word' id='word_1_38' title='bbox 1178 669 1370 730; x_wconf 83' lang='lat' dir='ltr'>Magnus</span> <span class='ocrx_word' id='word_1_39' title='bbox 1394 668 1584 723; x_wconf 79' lang='lat' dir='ltr'>amabit3</span> 
     </span>
     <span class='ocr_line' id='line_1_9' title="bbox 588 740 1460 801; baseline -0.001 -17"><span class='ocrx_word' id='word_1_40' title='bbox 588 740 784 785; x_wconf 81' lang='lat' dir='ltr'>Donabit</span> <span class='ocrx_word' id='word_1_41' title='bbox 812 749 926 784; x_wconf 85' lang='lat' dir='ltr'>totas</span> <span class='ocrx_word' id='word_1_42' title='bbox 954 750 998 784; x_wconf 87' lang='lat' dir='ltr'>et</span> <span class='ocrx_word' id='word_1_43' title='bbox 1024 740 1103 784; x_wconf 88' lang='lat' dir='ltr'>tibi</span> <span class='ocrx_word' id='word_1_44' title='bbox 1129 741 1315 793; x_wconf 85' lang='lat' dir='ltr'>Crassus</span> <span class='ocrx_word' id='word_1_45' title='bbox 1340 756 1460 801; x_wconf 90' lang='lat' dir='ltr'>opes.</span> 
     </span>
    </p>
   </div>
   <div class='ocr_carea' id='block_1_4' title="bbox 521 868 1534 1082">
    <p class='ocr_par' dir='ltr' id='par_1_7' title="bbox 521 868 1534 1082">
     <span class='ocr_line' id='line_1_10' title="bbox 589 868 1423 931; baseline -0.001 -9"><span class='ocrx_word' id='word_1_46' title='bbox 589 871 706 930; x_wconf 76' lang='grc' dir='ltr'>Εξείη</span> <span class='ocrx_word' id='word_1_47' title='bbox 733 897 778 923; x_wconf 86' lang='grc' dir='ltr'>τε</span> <span class='ocrx_word' id='word_1_48' title='bbox 807 886 941 923; x_wconf 83' lang='grc' dir='ltr'>κενοῦν</span> <span class='ocrx_word' id='word_1_49' title='bbox 970 882 1049 922; x_wconf 78' lang='grc' dir='ltr'>πᾶν</span> <span class='ocrx_word' id='word_1_50' title='bbox 1076 872 1200 922; x_wconf 73' lang='grc' dir='ltr'>πέδον</span> <span class='ocrx_word' id='word_1_51' title='bbox 1228 868 1423 931; x_wconf 59' lang='grc' dir='ltr'>ΙῘΙλύσιον,</span> 
     </span>
     <span class='ocr_line' id='line_1_11' title="bbox 521 947 1534 1011; baseline -0.003 -17"><span class='ocrx_word' id='word_1_52' title='bbox 521 951 685 1011; x_wconf 71' lang='grc' dir='ltr'>Αἱρῆσει</span> <span class='ocrx_word' id='word_1_53' title='bbox 710 968 753 994; x_wconf 86' lang='grc' dir='ltr'>σε</span> <span class='ocrx_word' id='word_1_54' title='bbox 780 951 990 1010; x_wconf 77' lang='grc' dir='ltr'>Κάμιλλος</span> <span class='ocrx_word' id='word_1_55' title='bbox 1019 947 1234 1009; x_wconf 77' lang='grc' dir='ltr'>ἐλευθερίης</span> <span class='ocrx_word' id='word_1_56' title='bbox 1261 949 1358 1010; x_wconf 81' lang='grc' dir='ltr'>ὑπὲρ</span> <span class='ocrx_word' id='word_1_57' title='bbox 1387 951 1534 1001; x_wconf 78' lang='grc' dir='ltr'>αὐτῆς,</span> 
     </span>
     <span class='ocr_line' id='line_1_12' title="bbox 591 1013 1481 1082; baseline -0.002 -19"><span class='ocrx_word' id='word_1_58' title='bbox 591 1021 750 1082; x_wconf 81' lang='grc' dir='ltr'>Χρυσὸν</span> <span class='ocrx_word' id='word_1_59' title='bbox 779 1017 1016 1080; x_wconf 63' lang='grc' dir='ltr'>Φαὲρίκιος,</span> <span class='ocrx_word' id='word_1_60' title='bbox 1045 1023 1126 1062; x_wconf 85' lang='grc' dir='ltr'>σεῖο</span> <span class='ocrx_word' id='word_1_61' title='bbox 1151 1013 1360 1075; x_wconf 74' lang='grc' dir='ltr'>διδόντος,</span> <span class='ocrx_word' id='word_1_62' title='bbox 1383 1022 1481 1062; x_wconf 82' lang='grc' dir='ltr'>ἑλεῖ·</span> 
     </span>
    </p>
   </div>
   <div class='ocr_carea' id='block_1_5' title="bbox 477 1084 1504 1293">
    <p class='ocr_par' dir='ltr' id='par_1_8' title="bbox 477 1084 1504 1293">
     <span class='ocr_line' id='line_1_13' title="bbox 477 1084 1504 1153; baseline -0.003 -18"><span class='ocrx_word' id='word_1_63' title='bbox 477 1093 481 1098; x_wconf 75' lang='grc'><strong>’</strong></span> <span class='ocrx_word' id='word_1_64' title='bbox 524 1092 590 1136; x_wconf 82' lang='grc' dir='ltr'>Σοὶ</span> <span class='ocrx_word' id='word_1_65' title='bbox 614 1097 729 1153; x_wconf 80' lang='grc' dir='ltr'>ταγῷ</span> <span class='ocrx_word' id='word_1_66' title='bbox 756 1094 928 1151; x_wconf 83' lang='grc' dir='ltr'>Βροῦτος</span> <span class='ocrx_word' id='word_1_67' title='bbox 953 1092 1157 1151; x_wconf 67' lang='grc' dir='ltr'>χαιρήσει,</span> <span class='ocrx_word' id='word_1_68' title='bbox 1183 1089 1246 1132; x_wconf 90' lang='grc' dir='ltr'>σοὶ</span> <span class='ocrx_word' id='word_1_69' title='bbox 1269 1084 1504 1149; x_wconf 79' lang='grc' dir='ltr'>παραδώσει</span> 
     </span>
     <span class='ocr_line' id='line_1_14' title="bbox 594 1159 1485 1224; baseline -0.001 -19"><span class='ocrx_word' id='word_1_70' title='bbox 594 1165 725 1224; x_wconf 84' lang='grc' dir='ltr'>Κῦρος</span> <span class='ocrx_word' id='word_1_71' title='bbox 749 1160 855 1222; x_wconf 75' lang='grc' dir='ltr'>ἄφαρ</span> <span class='ocrx_word' id='word_1_72' title='bbox 882 1163 1036 1212; x_wconf 76' lang='grc' dir='ltr'>Σύλλας</span> <span class='ocrx_word' id='word_1_73' title='bbox 1063 1164 1141 1204; x_wconf 78' lang='grc' dir='ltr'>πᾶν</span> <span class='ocrx_word' id='word_1_74' title='bbox 1169 1159 1485 1220; x_wconf 78' lang='grc' dir='ltr'>ἀποειποίμενος·</span> 
     </span>
     <span class='ocr_line' id='line_1_15' title="bbox 524 1228 1462 1293; baseline -0.002 -18"><span class='ocrx_word' id='word_1_75' title='bbox 524 1235 600 1277; x_wconf 83' lang='grc' dir='ltr'>Σοῦ</span> <span class='ocrx_word' id='word_1_76' title='bbox 625 1228 821 1283; x_wconf 74' lang='grc' dir='ltr'>ἰδιάζοντι</span> <span class='ocrx_word' id='word_1_77' title='bbox 849 1233 917 1275; x_wconf 86' lang='grc' dir='ltr'>σὺν</span> <span class='ocrx_word' id='word_1_78' title='bbox 942 1231 1118 1291; x_wconf 83' lang='grc' dir='ltr'>Καίσαρι</span> <span class='ocrx_word' id='word_1_79' title='bbox 1143 1231 1310 1293; x_wconf 75' lang='grc' dir='ltr'>Μάγνος</span> <span class='ocrx_word' id='word_1_80' title='bbox 1337 1233 1436 1291; x_wconf 84' lang='grc' dir='ltr'>ἐρῴη</span> <span class='ocrx_word' id='word_1_81' title='bbox 1452 1266 1462 1282; x_wconf 83' lang='grc'>,</span> 
     </span>
    </p>
   </div>
   <div class='ocr_carea' id='block_1_6' title="bbox 596 1298 1560 1365">
    <p class='ocr_par' dir='ltr' id='par_1_9' title="bbox 596 1298 1560 1365">
     <span class='ocr_line' id='line_1_16' title="bbox 596 1298 1560 1365; baseline -0.002 -19"><span class='ocrx_word' id='word_1_82' title='bbox 596 1303 665 1347; x_wconf 83' lang='grc' dir='ltr'>Σοὶ</span> <span class='ocrx_word' id='word_1_83' title='bbox 689 1298 778 1351; x_wconf 79' lang='grc' dir='ltr'>δοίη</span> <span class='ocrx_word' id='word_1_84' title='bbox 806 1303 994 1365; x_wconf 79' lang='grc' dir='ltr'>Κράσσος</span> <span class='ocrx_word' id='word_1_85' title='bbox 1020 1307 1196 1347; x_wconf 84' lang='grc' dir='ltr'>πλοῦτον</span> <span class='ocrx_word' id='word_1_86' title='bbox 1225 1303 1388 1346; x_wconf 80' lang='grc' dir='ltr'>ἅπαντα</span> <span class='ocrx_word' id='word_1_87' title='bbox 1413 1301 1560 1363; x_wconf 87' lang='grc' dir='ltr'>προείς.</span> 
     </span>
    </p>
   </div>
   <div class='ocr_carea' id='block_1_7' title="bbox 460 1447 1154 2719">
    <p class='ocr_par' dir='ltr' id='par_1_10' title="bbox 460 1447 1143 1802">
     <span class='ocr_line' id='line_1_17' title="bbox 460 1447 1139 1495; baseline 0 -14"><span class='ocrx_word' id='word_1_88' title='bbox 460 1448 561 1495; x_wconf 81' lang='lat' dir='ltr'>gend.</span> <span class='ocrx_word' id='word_1_89' title='bbox 574 1447 760 1482; x_wconf 87' lang='lat' dir='ltr'>contendit</span> <span class='ocrx_word' id='word_1_90' title='bbox 766 1456 887 1494; x_wconf 79' lang='lat' dir='ltr'>partes.</span> <span class='ocrx_word' id='word_1_91' title='bbox 904 1449 1082 1482; x_wconf 87' lang='lat' dir='ltr'>Caeterum</span> <span class='ocrx_word' id='word_1_92' title='bbox 1097 1449 1139 1481; x_wconf 86' lang='lat' dir='ltr'>ab</span> 
     </span>
     <span class='ocr_line' id='line_1_18' title="bbox 463 1502 1141 1548; baseline -0.001 -13"><span class='ocrx_word' id='word_1_93' title='bbox 463 1504 527 1536; x_wconf 85' lang='lat' dir='ltr'>hoc</span> <span class='ocrx_word' id='word_1_94' title='bbox 549 1502 723 1535; x_wconf 86' lang='lat' dir='ltr'>versiculo</span> <span class='ocrx_word' id='word_1_95' title='bbox 755 1502 978 1548; x_wconf 85' lang='lat' dir='ltr'>Epigramma</span> <span class='ocrx_word' id='word_1_96' title='bbox 1007 1514 1141 1535; x_wconf 84' lang='lat' dir='ltr'>novum</span> 
     </span>
     <span class='ocr_line' id='line_1_19' title="bbox 460 1554 1142 1601; baseline -0.001 -12"><span class='ocrx_word' id='word_1_97' title='bbox 460 1555 566 1601; x_wconf 86' lang='lat' dir='ltr'>aliqui</span> <span class='ocrx_word' id='word_1_98' title='bbox 579 1554 772 1588; x_wconf 86' lang='lat' dir='ltr'>ordiuntur</span> <span class='ocrx_word' id='word_1_99' title='bbox 782 1568 800 1588; x_wconf 87' lang='lat' dir='ltr'>a</span> <span class='ocrx_word' id='word_1_100' title='bbox 814 1555 1027 1601; x_wconf 84' lang='lat' dir='ltr'>praecedenti</span> <span class='ocrx_word' id='word_1_101' title='bbox 1041 1563 1142 1588; x_wconf 83' lang='lat' dir='ltr'>tetra-</span> 
     </span>
     <span class='ocr_line' id='line_1_20' title="bbox 465 1607 1141 1654; baseline -0.001 -12"><span class='ocrx_word' id='word_1_102' title='bbox 465 1609 576 1642; x_wconf 85' lang='lat' dir='ltr'>sticho</span> <span class='ocrx_word' id='word_1_103' title='bbox 593 1607 759 1642; x_wconf 88' lang='lat' dir='ltr'>divisum.</span> <span class='ocrx_word' id='word_1_104' title='bbox 776 1630 827 1635; x_wconf 89' lang='lat'>—</span> <span class='ocrx_word' id='word_1_105' title='bbox 838 1609 986 1654; x_wconf 77' lang='lat' dir='ltr'>Ingentia</span> <span class='ocrx_word' id='word_1_106' title='bbox 1003 1610 1141 1641; x_wconf 79' lang='lat' dir='ltr'>nomina.</span> 
     </span>
     <span class='ocr_line' id='line_1_21' title="bbox 465 1661 1142 1708; baseline -0.003 -13"><span class='ocrx_word' id='word_1_107' title='bbox 465 1663 531 1696; x_wconf 89' lang='lat' dir='ltr'>Per</span> <span class='ocrx_word' id='word_1_108' title='bbox 556 1661 833 1708; x_wconf 85' lang='lat' dir='ltr'>appositionem,</span> <span class='ocrx_word' id='word_1_109' title='bbox 861 1662 930 1696; x_wconf 91' lang='lat' dir='ltr'>hoc</span> <span class='ocrx_word' id='word_1_110' title='bbox 955 1670 1025 1703; x_wconf 84' lang='lat' dir='ltr'>est,</span> <span class='ocrx_word' id='word_1_111' title='bbox 1052 1674 1142 1707; x_wconf 91' lang='lat' dir='ltr'>quo-</span> 
     </span>
     <span class='ocr_line' id='line_1_22' title="bbox 466 1715 1143 1749; baseline -0.001 -1"><span class='ocrx_word' id='word_1_112' title='bbox 466 1728 547 1748; x_wconf 87' lang='lat' dir='ltr'>rum</span> <span class='ocrx_word' id='word_1_113' title='bbox 577 1723 734 1749; x_wconf 88' lang='lat' dir='ltr'>veterum</span> <span class='ocrx_word' id='word_1_114' title='bbox 766 1716 910 1749; x_wconf 85' lang='lat' dir='ltr'>nomina</span> <span class='ocrx_word' id='word_1_115' title='bbox 940 1726 1075 1749; x_wconf 76' lang='lat' dir='ltr'>sumina</span> <span class='ocrx_word' id='word_1_116' title='bbox 1107 1715 1143 1747; x_wconf 90' lang='lat' dir='ltr'>in</span> 
     </span>
     <span class='ocr_line' id='line_1_23' title="bbox 467 1767 809 1802; baseline 0.003 -1"><span class='ocrx_word' id='word_1_117' title='bbox 467 1767 698 1801; x_wconf 84' lang='lat' dir='ltr'>admiratione</span> <span class='ocrx_word' id='word_1_118' title='bbox 716 1776 809 1802; x_wconf 88' lang='lat' dir='ltr'>sunt.</span> 
     </span>
    </p>

    <p class='ocr_par' dir='ltr' id='par_1_11' title="bbox 470 1820 1143 1916">
     <span class='ocr_line' id='line_1_24' title="bbox 520 1820 1143 1868; baseline -0.002 -13"><span class='ocrx_word' id='word_1_119' title='bbox 520 1824 553 1855; x_wconf 89' lang='grc'>6.</span> <span class='ocrx_word' id='word_1_120' title='bbox 574 1821 732 1868; x_wconf 78' lang='lat' dir='ltr'>Elysium.</span> <span class='ocrx_word' id='word_1_121' title='bbox 756 1820 850 1854; x_wconf 86' lang='lat' dir='ltr'>Vide</span> <span class='ocrx_word' id='word_1_122' title='bbox 867 1821 928 1855; x_wconf 90' lang='lat' dir='ltr'>lib.</span> <span class='ocrx_word' id='word_1_123' title='bbox 948 1822 1017 1863; x_wconf 88' lang='lat' dir='ltr'>VI,</span> <span class='ocrx_word' id='word_1_124' title='bbox 1035 1821 1143 1867; x_wconf 82' lang='lat' dir='ltr'>epigr.</span> 
     </span>
     <span class='ocr_line' id='line_1_25' title="bbox 470 1879 699 1916; baseline -0.004 -8"><span class='ocrx_word' id='word_1_125' title='bbox 470 1886 560 1908; x_wconf 70' lang='lat' dir='ltr'>LVIII</span> <span class='ocrx_word' id='word_1_126' title='bbox 573 1901 582 1916; x_wconf 91' lang='lat'>‚</span> <span class='ocrx_word' id='word_1_127' title='bbox 595 1887 645 1907; x_wconf 92' lang='lat' dir='ltr'>vs.</span> <span class='ocrx_word' id='word_1_128' title='bbox 665 1879 699 1916; x_wconf 79' lang='grc'>4.</span> 
     </span>
    </p>

    <p class='ocr_par' dir='ltr' id='par_1_12' title="bbox 471 1926 1153 2453">
     <span class='ocr_line' id='line_1_26' title="bbox 523 1926 1148 1972; baseline 0.003 -13"><span class='ocrx_word' id='word_1_129' title='bbox 523 1941 556 1972; x_wconf 90' lang='lat'>7.</span> <span class='ocrx_word' id='word_1_130' title='bbox 575 1927 672 1960; x_wconf 84' lang='lat' dir='ltr'>Volet</span> <span class='ocrx_word' id='word_1_131' title='bbox 686 1926 766 1961; x_wconf 91' lang='lat' dir='ltr'>edd.</span> <span class='ocrx_word' id='word_1_132' title='bbox 785 1935 884 1969; x_wconf 63' lang='lat' dir='ltr'>vett„</span> <span class='ocrx_word' id='word_1_133' title='bbox 902 1928 1094 1961; x_wconf 82' lang='lat' dir='ltr'>Farnabius</span> <span class='ocrx_word' id='word_1_134' title='bbox 1113 1936 1148 1961; x_wconf 89' lang='lat' dir='ltr'>et</span> 
     </span>
     <span class='ocr_line' id='line_1_27' title="bbox 473 1980 1145 2027; baseline 0 -13"><span class='ocrx_word' id='word_1_135' title='bbox 473 1980 584 2015; x_wconf 85' lang='lat' dir='ltr'>Maitt.</span> <span class='ocrx_word' id='word_1_136' title='bbox 601 2002 653 2008; x_wconf 79' lang='lat'>-—</span> <span class='ocrx_word' id='word_1_137' title='bbox 669 1981 737 2014; x_wconf 83' lang='lat' dir='ltr'>Pro</span> <span class='ocrx_word' id='word_1_138' title='bbox 756 1981 909 2015; x_wconf 77' lang='lat' dir='ltr'>libertate.</span> <span class='ocrx_word' id='word_1_139' title='bbox 927 1982 1020 2027; x_wconf 87' lang='lat' dir='ltr'>Lips.</span> <span class='ocrx_word' id='word_1_140' title='bbox 1039 1981 1101 2014; x_wconf 84' lang='lat' dir='ltr'>lib.</span> <span class='ocrx_word' id='word_1_141' title='bbox 1117 1983 1145 2014; x_wconf 88' lang='lat' dir='ltr'>I.</span> 
     </span>
     <span class='ocr_line' id='line_1_28' title="bbox 471 2034 1146 2080; baseline 0 -12"><span class='ocrx_word' id='word_1_142' title='bbox 471 2034 586 2080; x_wconf 90' lang='lat' dir='ltr'>Epist.</span> <span class='ocrx_word' id='word_1_143' title='bbox 607 2042 728 2080; x_wconf 84' lang='lat' dir='ltr'>quaest.</span> <span class='ocrx_word' id='word_1_144' title='bbox 750 2035 784 2075; x_wconf 88' lang='lat'>5,</span> <span class='ocrx_word' id='word_1_145' title='bbox 806 2034 890 2080; x_wconf 83' lang='lat' dir='ltr'>legit</span> <span class='ocrx_word' id='word_1_146' title='bbox 906 2034 1146 2079; x_wconf 73' lang='lat' dir='ltr'>p1·1elibereatc.</span> 
     </span>
     <span class='ocr_line' id='line_1_29' title="bbox 471 2087 1150 2134; baseline 0 -13"><span class='ocrx_word' id='word_1_147' title='bbox 471 2087 571 2134; x_wconf 81' lang='lat' dir='ltr'>quasi</span> <span class='ocrx_word' id='word_1_148' title='bbox 591 2087 702 2129; x_wconf 85' lang='lat' dir='ltr'>dicat,</span> <span class='ocrx_word' id='word_1_149' title='bbox 721 2088 886 2121; x_wconf 84' lang='lat' dir='ltr'>Camillus</span> <span class='ocrx_word' id='word_1_150' title='bbox 900 2096 932 2121; x_wconf 88' lang='lat' dir='ltr'>te</span> <span class='ocrx_word' id='word_1_151' title='bbox 952 2087 1150 2134; x_wconf 75' lang='lat' dir='ltr'>principem</span> 
     </span>
     <span class='ocr_line' id='line_1_30' title="bbox 472 2141 1149 2187; baseline 0 -13"><span class='ocrx_word' id='word_1_152' title='bbox 472 2141 584 2178; x_wconf 88' lang='lat' dir='ltr'>malit,</span> <span class='ocrx_word' id='word_1_153' title='bbox 598 2153 704 2187; x_wconf 79' lang='lat' dir='ltr'>quarn</span> <span class='ocrx_word' id='word_1_154' title='bbox 715 2153 813 2175; x_wconf 89' lang='lat' dir='ltr'>suam</span> <span class='ocrx_word' id='word_1_155' title='bbox 825 2141 921 2174; x_wconf 87' lang='lat' dir='ltr'>illam</span> <span class='ocrx_word' id='word_1_156' title='bbox 931 2141 1128 2175; x_wconf 87' lang='lat' dir='ltr'>libertatem</span> <span class='ocrx_word' id='word_1_157' title='bbox 1141 2156 1149 2182; x_wconf 90' lang='lat'>;</span> 
     </span>
     <span class='ocr_line' id='line_1_31' title="bbox 473 2192 1151 2240; baseline 0 -11"><span class='ocrx_word' id='word_1_158' title='bbox 473 2195 527 2229; x_wconf 89' lang='lat' dir='ltr'>vel</span> <span class='ocrx_word' id='word_1_159' title='bbox 549 2192 636 2228; x_wconf 84' lang='lat' dir='ltr'>adeo</span> <span class='ocrx_word' id='word_1_160' title='bbox 659 2194 781 2240; x_wconf 89' lang='lat' dir='ltr'>potior</span> <span class='ocrx_word' id='word_1_161' title='bbox 804 2195 872 2228; x_wconf 90' lang='lat' dir='ltr'>eris</span> <span class='ocrx_word' id='word_1_162' title='bbox 888 2195 962 2240; x_wconf 84' lang='lat' dir='ltr'>ipsa</span> <span class='ocrx_word' id='word_1_163' title='bbox 977 2195 1151 2229; x_wconf 82' lang='lat' dir='ltr'>libertate.</span> 
     </span>
     <span class='ocr_line' id='line_1_32' title="bbox 474 2247 1153 2289; baseline 0 -7"><span class='ocrx_word' id='word_1_164' title='bbox 474 2247 641 2282; x_wconf 82' lang='lat' dir='ltr'>Camillus</span> <span class='ocrx_word' id='word_1_165' title='bbox 658 2261 742 2281; x_wconf 88' lang='lat' dir='ltr'>vero</span> <span class='ocrx_word' id='word_1_166' title='bbox 758 2248 871 2289; x_wconf 86' lang='lat' dir='ltr'>exsul,</span> <span class='ocrx_word' id='word_1_167' title='bbox 890 2248 1045 2281; x_wconf 85' lang='lat' dir='ltr'>Dictator</span> <span class='ocrx_word' id='word_1_168' title='bbox 1061 2259 1153 2282; x_wconf 86' lang='lat' dir='ltr'>crea-</span> 
     </span>
     <span class='ocr_line' id='line_1_33' title="bbox 474 2300 1152 2346; baseline 0 -12"><span class='ocrx_word' id='word_1_169' title='bbox 474 2309 529 2335; x_wconf 81' lang='lat' dir='ltr'>tus</span> <span class='ocrx_word' id='word_1_170' title='bbox 547 2301 591 2334; x_wconf 89' lang='lat' dir='ltr'>ab</span> <span class='ocrx_word' id='word_1_171' title='bbox 611 2300 752 2335; x_wconf 89' lang='lat' dir='ltr'>obsidio</span> <span class='ocrx_word' id='word_1_172' title='bbox 775 2301 958 2335; x_wconf 84' lang='lat' dir='ltr'>Gallorum</span> <span class='ocrx_word' id='word_1_173' title='bbox 980 2302 1152 2346; x_wconf 81' lang='lat' dir='ltr'>ingratam</span> 
     </span>
     <span class='ocr_line' id='line_1_34' title="bbox 475 2355 1150 2400; baseline 0 -13"><span class='ocrx_word' id='word_1_174' title='bbox 475 2355 621 2400; x_wconf 88' lang='lat' dir='ltr'>partiam</span> <span class='ocrx_word' id='word_1_175' title='bbox 652 2355 825 2388; x_wconf 89' lang='lat' dir='ltr'>liberavit.</span> <span class='ocrx_word' id='word_1_176' title='bbox 858 2355 999 2398; x_wconf 89' lang='lat' dir='ltr'>Livius,</span> <span class='ocrx_word' id='word_1_177' title='bbox 1026 2355 1086 2389; x_wconf 89' lang='lat' dir='ltr'>lib.</span> <span class='ocrx_word' id='word_1_178' title='bbox 1106 2355 1150 2387; x_wconf 90' lang='lat' dir='ltr'>V.</span> 
     </span>
     <span class='ocr_line' id='line_1_35' title="bbox 475 2420 664 2453; baseline 0 -13"><span class='ocrx_word' id='word_1_179' title='bbox 475 2420 550 2453; x_wconf 84' lang='lat' dir='ltr'>cap.</span> <span class='ocrx_word' id='word_1_180' title='bbox 569 2420 664 2441; x_wconf 76' lang='lat' dir='ltr'>xmx.</span> 
     </span>
    </p>

    <p class='ocr_par' dir='ltr' id='par_1_13' title="bbox 474 2461 1154 2719">
     <span class='ocr_line' id='line_1_36' title="bbox 527 2461 1154 2503; baseline 0.003 -10"><span class='ocrx_word' id='word_1_181' title='bbox 527 2462 563 2494; x_wconf 91' lang='lat'>8.</span> <span class='ocrx_word' id='word_1_182' title='bbox 591 2461 758 2494; x_wconf 79' lang='lat' dir='ltr'>Fabricius</span> <span class='ocrx_word' id='word_1_183' title='bbox 771 2488 779 2501; x_wconf 94' lang='lat'>‚</span> <span class='ocrx_word' id='word_1_184' title='bbox 811 2469 877 2495; x_wconf 85' lang='lat' dir='ltr'>etc.</span> <span class='ocrx_word' id='word_1_185' title='bbox 913 2461 983 2503; x_wconf 91' lang='lat' dir='ltr'>Qui</span> <span class='ocrx_word' id='word_1_186' title='bbox 1012 2470 1154 2495; x_wconf 82' lang='lat' dir='ltr'>senator</span> 
     </span>
     <span class='ocr_line' id='line_1_37' title="bbox 475 2514 1153 2560; baseline 0.001 -13"><span class='ocrx_word' id='word_1_187' title='bbox 475 2514 774 2547; x_wconf 74' lang='lat' dir='ltr'>continentissime</span> <span class='ocrx_word' id='word_1_188' title='bbox 804 2514 840 2547; x_wconf 92' lang='lat' dir='ltr'>in</span> <span class='ocrx_word' id='word_1_189' title='bbox 872 2523 1077 2560; x_wconf 80' lang='lat' dir='ltr'>paupertate</span> <span class='ocrx_word' id='word_1_190' title='bbox 1102 2515 1153 2548; x_wconf 91' lang='lat' dir='ltr'>vi-</span> 
     </span>
     <span class='ocr_line' id='line_1_38' title="bbox 474 2567 1153 2614; baseline 0.001 -14"><span class='ocrx_word' id='word_1_191' title='bbox 474 2579 574 2608; x_wconf 78' lang='lat' dir='ltr'>venS‚</span> <span class='ocrx_word' id='word_1_192' title='bbox 590 2580 733 2602; x_wconf 86' lang='lat' dir='ltr'>munera</span> <span class='ocrx_word' id='word_1_193' title='bbox 748 2568 856 2601; x_wconf 89' lang='lat' dir='ltr'>multa</span> <span class='ocrx_word' id='word_1_194' title='bbox 867 2576 901 2601; x_wconf 83' lang='lat' dir='ltr'>ct</span> <span class='ocrx_word' id='word_1_195' title='bbox 913 2567 1153 2614; x_wconf 82' lang='lat' dir='ltr'>splendissima</span> 
     </span>
     <span class='ocr_line' id='line_1_39' title="bbox 475 2621 1152 2665; baseline 0.004 -13"><span class='ocrx_word' id='word_1_196' title='bbox 475 2621 539 2653; x_wconf 71' lang='lat' dir='ltr'>sibi</span> <span class='ocrx_word' id='word_1_197' title='bbox 559 2634 576 2653; x_wconf 86' lang='lat' dir='ltr'>a</span> <span class='ocrx_word' id='word_1_198' title='bbox 600 2621 756 2665; x_wconf 81' lang='lat' dir='ltr'>Pyrrho,</span> <span class='ocrx_word' id='word_1_199' title='bbox 774 2630 808 2654; x_wconf 73' lang='lat' dir='ltr'>et</span> <span class='ocrx_word' id='word_1_200' title='bbox 831 2634 953 2655; x_wconf 84' lang='lat' dir='ltr'>aurum</span> <span class='ocrx_word' id='word_1_201' title='bbox 976 2634 993 2654; x_wconf 82' lang='lat' dir='ltr'>a</span> <span class='ocrx_word' id='word_1_202' title='bbox 1018 2622 1152 2655; x_wconf 85' lang='lat' dir='ltr'>Samni-</span> 
     </span>
     <span class='ocr_line' id='line_1_40' title="bbox 478 2673 1154 2719; baseline 0.003 -12"><span class='ocrx_word' id='word_1_203' title='bbox 478 2673 571 2707; x_wconf 77' lang='lat' dir='ltr'>tibus</span> <span class='ocrx_word' id='word_1_204' title='bbox 597 2674 737 2707; x_wconf 85' lang='lat' dir='ltr'>missum</span> <span class='ocrx_word' id='word_1_205' title='bbox 761 2674 971 2719; x_wconf 71' lang='lat' dir='ltr'>repudiavit.</span> <span class='ocrx_word' id='word_1_206' title='bbox 996 2676 1154 2709; x_wconf 68' lang='lat' dir='ltr'>Deillius</span> 
     </span>
    </p>
   </div>
   <div class='ocr_carea' id='block_1_8' title="bbox 1198 1447 1893 2720">
    <p class='ocr_par' dir='ltr' id='par_1_14' title="bbox 1198 1447 1878 1546">
     <span class='ocr_line' id='line_1_41' title="bbox 1198 1447 1878 1489; baseline 0.001 -8"><span class='ocrx_word' id='word_1_207' title='bbox 1198 1447 1408 1481; x_wconf 82' lang='lat' dir='ltr'>abstinentia</span> <span class='ocrx_word' id='word_1_208' title='bbox 1437 1447 1512 1482; x_wconf 85' lang='lat' dir='ltr'>fuse</span> <span class='ocrx_word' id='word_1_209' title='bbox 1539 1449 1578 1481; x_wconf 91' lang='lat' dir='ltr'>A.</span> <span class='ocrx_word' id='word_1_210' title='bbox 1601 1447 1757 1489; x_wconf 86' lang='lat' dir='ltr'>Gellius,</span> <span class='ocrx_word' id='word_1_211' title='bbox 1780 1448 1878 1482; x_wconf 70' lang='lat' dir='ltr'>Noct.</span> 
     </span>
     <span class='ocr_line' id='line_1_42' title="bbox 1202 1501 1627 1546; baseline 0 -12"><span class='ocrx_word' id='word_1_212' title='bbox 1202 1501 1307 1534; x_wconf 86' lang='lat' dir='ltr'>Attic.</span> <span class='ocrx_word' id='word_1_213' title='bbox 1324 1501 1386 1534; x_wconf 87' lang='lat' dir='ltr'>lib.</span> <span class='ocrx_word' id='word_1_214' title='bbox 1409 1502 1444 1542; x_wconf 86' lang='lat' dir='ltr'>I,</span> <span class='ocrx_word' id='word_1_215' title='bbox 1467 1512 1542 1546; x_wconf 88' lang='lat' dir='ltr'>cap.</span> <span class='ocrx_word' id='word_1_216' title='bbox 1570 1504 1627 1541; x_wconf 70' lang='lat'>14.</span> 
     </span>
    </p>

    <p class='ocr_par' dir='ltr' id='par_1_15' title="bbox 1201 1554 1884 1855">
     <span class='ocr_line' id='line_1_43' title="bbox 1255 1554 1881 1600; baseline 0 -13"><span class='ocrx_word' id='word_1_217' title='bbox 1255 1567 1292 1598; x_wconf 85' lang='lat'>9.</span> <span class='ocrx_word' id='word_1_218' title='bbox 1314 1555 1448 1588; x_wconf 77' lang='lat' dir='ltr'>Brutus.</span> <span class='ocrx_word' id='word_1_219' title='bbox 1473 1554 1546 1595; x_wconf 91' lang='lat' dir='ltr'>Qui</span> <span class='ocrx_word' id='word_1_220' title='bbox 1578 1554 1704 1587; x_wconf 80' lang='lat' dir='ltr'>exactis</span> <span class='ocrx_word' id='word_1_221' title='bbox 1729 1554 1881 1600; x_wconf 87' lang='lat' dir='ltr'>Tarqui·</span> 
     </span>
     <span class='ocr_line' id='line_1_44' title="bbox 1202 1607 1882 1648; baseline 0 -8"><span class='ocrx_word' id='word_1_222' title='bbox 1202 1607 1271 1641; x_wconf 87' lang='lat' dir='ltr'>niis</span> <span class='ocrx_word' id='word_1_223' title='bbox 1284 1608 1433 1641; x_wconf 84' lang='lat' dir='ltr'>Romam</span> <span class='ocrx_word' id='word_1_224' title='bbox 1455 1607 1492 1640; x_wconf 89' lang='lat' dir='ltr'>in</span> <span class='ocrx_word' id='word_1_225' title='bbox 1509 1607 1709 1641; x_wconf 89' lang='lat' dir='ltr'>libertatem</span> <span class='ocrx_word' id='word_1_226' title='bbox 1723 1607 1882 1648; x_wconf 86' lang='lat' dir='ltr'>asseruit,</span> 
     </span>
     <span class='ocr_line' id='line_1_45' title="bbox 1201 1660 1884 1706; baseline -0.001 -12"><span class='ocrx_word' id='word_1_227' title='bbox 1201 1660 1339 1703; x_wconf 89' lang='lat' dir='ltr'>Livius,</span> <span class='ocrx_word' id='word_1_228' title='bbox 1349 1661 1411 1696; x_wconf 88' lang='lat' dir='ltr'>lib.</span> <span class='ocrx_word' id='word_1_229' title='bbox 1428 1661 1445 1694; x_wconf 96' lang='lat' dir='ltr'>I</span> <span class='ocrx_word' id='word_1_230' title='bbox 1455 1685 1465 1701; x_wconf 88' lang='lat'>‚</span> <span class='ocrx_word' id='word_1_231' title='bbox 1480 1673 1556 1706; x_wconf 86' lang='lat' dir='ltr'>cap.</span> <span class='ocrx_word' id='word_1_232' title='bbox 1567 1673 1647 1702; x_wconf 75' lang='lat' dir='ltr'>L1x3</span> <span class='ocrx_word' id='word_1_233' title='bbox 1663 1668 1722 1694; x_wconf 85' lang='lat' dir='ltr'>aut</span> <span class='ocrx_word' id='word_1_234' title='bbox 1736 1661 1884 1694; x_wconf 83' lang='lat' dir='ltr'>alterum</span> 
     </span>
     <span class='ocr_line' id='line_1_46' title="bbox 1203 1714 1883 1760; baseline 0 -14"><span class='ocrx_word' id='word_1_235' title='bbox 1203 1715 1351 1747; x_wconf 89' lang='lat' dir='ltr'>Brutum</span> <span class='ocrx_word' id='word_1_236' title='bbox 1383 1714 1528 1748; x_wconf 77' lang='lat' dir='ltr'>Caesaris</span> <span class='ocrx_word' id='word_1_237' title='bbox 1555 1726 1796 1760; x_wconf 87' lang='lat' dir='ltr'>percussorem</span> <span class='ocrx_word' id='word_1_238' title='bbox 1830 1714 1883 1747; x_wconf 91' lang='lat' dir='ltr'>in-</span> 
     </span>
     <span class='ocr_line' id='line_1_47' title="bbox 1203 1765 1884 1814; baseline -0.001 -13"><span class='ocrx_word' id='word_1_239' title='bbox 1203 1767 1330 1814; x_wconf 89' lang='lat' dir='ltr'>tellige.</span> <span class='ocrx_word' id='word_1_240' title='bbox 1357 1789 1406 1794; x_wconf 93' lang='lat'>——-</span> <span class='ocrx_word' id='word_1_241' title='bbox 1428 1767 1533 1813; x_wconf 76' lang='lat' dir='ltr'>Sylla.</span> <span class='ocrx_word' id='word_1_242' title='bbox 1569 1765 1768 1801; x_wconf 83' lang='lat' dir='ltr'>Videantur</span> <span class='ocrx_word' id='word_1_243' title='bbox 1801 1767 1884 1801; x_wconf 90' lang='lat' dir='ltr'>Plu-</span> 
     </span>
     <span class='ocr_line' id='line_1_48' title="bbox 1204 1820 1723 1855; baseline -0.004 0"><span class='ocrx_word' id='word_1_244' title='bbox 1204 1821 1315 1855; x_wconf 86' lang='lat' dir='ltr'>tarch.</span> <span class='ocrx_word' id='word_1_245' title='bbox 1337 1829 1372 1854; x_wconf 89' lang='lat' dir='ltr'>et</span> <span class='ocrx_word' id='word_1_246' title='bbox 1391 1820 1577 1855; x_wconf 88' lang='lat' dir='ltr'>Sallustius</span> <span class='ocrx_word' id='word_1_247' title='bbox 1597 1829 1632 1854; x_wconf 88' lang='lat' dir='ltr'>et</span> <span class='ocrx_word' id='word_1_248' title='bbox 1654 1820 1723 1854; x_wconf 89' lang='lat' dir='ltr'>alii.</span> 
     </span>
    </p>

    <p class='ocr_par' dir='ltr' id='par_1_16' title="bbox 1205 1872 1887 2123">
     <span class='ocr_line' id='line_1_49' title="bbox 1263 1872 1885 1920; baseline -0.003 -12"><span class='ocrx_word' id='word_1_249' title='bbox 1263 1887 1322 1909; x_wconf 88' lang='lat'>10.</span> <span class='ocrx_word' id='word_1_250' title='bbox 1351 1872 1522 1920; x_wconf 81' lang='lat' dir='ltr'>Imperium</span> <span class='ocrx_word' id='word_1_251' title='bbox 1551 1874 1664 1907; x_wconf 81' lang='lat' dir='ltr'>tradet.</span> <span class='ocrx_word' id='word_1_252' title='bbox 1695 1874 1745 1907; x_wconf 91' lang='lat' dir='ltr'>Ut</span> <span class='ocrx_word' id='word_1_253' title='bbox 1770 1885 1885 1919; x_wconf 87' lang='lat' dir='ltr'>quon-</span> 
     </span>
     <span class='ocr_line' id='line_1_50' title="bbox 1205 1926 1885 1973; baseline -0.001 -12"><span class='ocrx_word' id='word_1_254' title='bbox 1205 1927 1286 1961; x_wconf 89' lang='lat' dir='ltr'>dam</span> <span class='ocrx_word' id='word_1_255' title='bbox 1303 1927 1512 1962; x_wconf 86' lang='lat' dir='ltr'>dictaturam</span> <span class='ocrx_word' id='word_1_256' title='bbox 1529 1926 1693 1973; x_wconf 85' lang='lat' dir='ltr'>deposuit</span> <span class='ocrx_word' id='word_1_257' title='bbox 1705 1953 1713 1968; x_wconf 96' lang='lat'>,</span> <span class='ocrx_word' id='word_1_258' title='bbox 1730 1927 1885 1961; x_wconf 85' lang='lat' dir='ltr'>secessit-</span> 
     </span>
     <span class='ocr_line' id='line_1_51' title="bbox 1207 1978 1887 2028; baseline -0.003 -13"><span class='ocrx_word' id='word_1_259' title='bbox 1207 1994 1278 2028; x_wconf 90' lang='lat' dir='ltr'>que</span> <span class='ocrx_word' id='word_1_260' title='bbox 1288 1981 1466 2015; x_wconf 77' lang='lat' dir='ltr'>Puteolos.</span> <span class='ocrx_word' id='word_1_261' title='bbox 1479 1981 1524 2014; x_wconf 86' lang='lat' dir='ltr'>Et</span> <span class='ocrx_word' id='word_1_262' title='bbox 1537 1992 1643 2027; x_wconf 89' lang='lat' dir='ltr'>quem</span> <span class='ocrx_word' id='word_1_263' title='bbox 1658 1980 1772 2014; x_wconf 84' lang='lat' dir='ltr'>Caesar</span> <span class='ocrx_word' id='word_1_264' title='bbox 1783 1978 1887 2021; x_wconf 82' lang='lat' dir='ltr'>dixit,</span> 
     </span>
     <span class='ocr_line' id='line_1_52' title="bbox 1207 2032 1886 2081; baseline -0.003 -13"><span class='ocrx_word' id='word_1_265' title='bbox 1207 2035 1357 2069; x_wconf 86' lang='lat' dir='ltr'>nescisse</span> <span class='ocrx_word' id='word_1_266' title='bbox 1376 2035 1527 2075; x_wconf 87' lang='lat' dir='ltr'>litteras,</span> <span class='ocrx_word' id='word_1_267' title='bbox 1547 2032 1643 2081; x_wconf 88' lang='lat' dir='ltr'>quod</span> <span class='ocrx_word' id='word_1_268' title='bbox 1666 2034 1774 2067; x_wconf 84' lang='lat' dir='ltr'>fasces</span> <span class='ocrx_word' id='word_1_269' title='bbox 1794 2034 1886 2079; x_wconf 83' lang='lat' dir='ltr'>abje-</span> 
     </span>
     <span class='ocr_line' id='line_1_53' title="bbox 1209 2095 1309 2123; baseline -0.02 0"><span class='ocrx_word' id='word_1_270' title='bbox 1209 2095 1309 2123; x_wconf 79' lang='lat' dir='ltr'>cerit.</span> 
     </span>
    </p>

    <p class='ocr_par' dir='ltr' id='par_1_17' title="bbox 1209 2139 1892 2549">
     <span class='ocr_line' id='line_1_54' title="bbox 1266 2139 1888 2185; baseline -0.003 -10"><span class='ocrx_word' id='word_1_271' title='bbox 1266 2153 1279 2175; x_wconf 93' lang='lat'>1</span> <span class='ocrx_word' id='word_1_272' title='bbox 1293 2152 1324 2175; x_wconf 90' lang='lat'>1.</span> <span class='ocrx_word' id='word_1_273' title='bbox 1347 2140 1498 2185; x_wconf 75' lang='lat' dir='ltr'>Magnus.</span> <span class='ocrx_word' id='word_1_274' title='bbox 1522 2139 1712 2184; x_wconf 86' lang='lat' dir='ltr'>Pompeius</span> <span class='ocrx_word' id='word_1_275' title='bbox 1731 2151 1860 2185; x_wconf 91' lang='lat' dir='ltr'>nempe</span> <span class='ocrx_word' id='word_1_276' title='bbox 1880 2166 1888 2180; x_wconf 92' lang='lat'>,</span> 
     </span>
     <span class='ocr_line' id='line_1_55' title="bbox 1209 2193 1889 2240; baseline -0.001 -13"><span class='ocrx_word' id='word_1_277' title='bbox 1209 2195 1269 2240; x_wconf 90' lang='lat' dir='ltr'>qui</span> <span class='ocrx_word' id='word_1_278' title='bbox 1295 2206 1376 2227; x_wconf 86' lang='lat' dir='ltr'>cum</span> <span class='ocrx_word' id='word_1_279' title='bbox 1402 2193 1498 2226; x_wconf 82' lang='lat' dir='ltr'>Julio</span> <span class='ocrx_word' id='word_1_280' title='bbox 1528 2193 1663 2227; x_wconf 80' lang='lat' dir='ltr'>Caesare</span> <span class='ocrx_word' id='word_1_281' title='bbox 1688 2193 1821 2226; x_wconf 85' lang='lat' dir='ltr'>bellum</span> <span class='ocrx_word' id='word_1_282' title='bbox 1839 2193 1889 2227; x_wconf 85' lang='lat' dir='ltr'>ci-</span> 
     </span>
     <span class='ocr_line' id='line_1_56' title="bbox 1211 2245 1889 2293; baseline -0.003 -12"><span class='ocrx_word' id='word_1_283' title='bbox 1211 2247 1278 2281; x_wconf 87' lang='lat' dir='ltr'>vile</span> <span class='ocrx_word' id='word_1_284' title='bbox 1302 2247 1405 2293; x_wconf 86' lang='lat' dir='ltr'>gessit</span> <span class='ocrx_word' id='word_1_285' title='bbox 1433 2246 1509 2280; x_wconf 83' lang='lat' dir='ltr'>fuse</span> <span class='ocrx_word' id='word_1_286' title='bbox 1537 2245 1755 2292; x_wconf 87' lang='lat' dir='ltr'>descriptum</span> <span class='ocrx_word' id='word_1_287' title='bbox 1776 2258 1794 2279; x_wconf 85' lang='lat' dir='ltr'>a</span> <span class='ocrx_word' id='word_1_288' title='bbox 1816 2246 1889 2279; x_wconf 88' lang='lat' dir='ltr'>Lu-</span> 
     </span>
     <span class='ocr_line' id='line_1_57' title="bbox 1210 2299 1891 2346; baseline -0.001 -12"><span class='ocrx_word' id='word_1_289' title='bbox 1210 2313 1309 2334; x_wconf 81' lang='lat' dir='ltr'>cano.</span> <span class='ocrx_word' id='word_1_290' title='bbox 1321 2301 1543 2346; x_wconf 78' lang='lat' dir='ltr'>—Namque</span> <span class='ocrx_word' id='word_1_291' title='bbox 1561 2299 1628 2333; x_wconf 91' lang='lat' dir='ltr'>hoc</span> <span class='ocrx_word' id='word_1_292' title='bbox 1645 2311 1727 2334; x_wconf 89' lang='lat' dir='ltr'>eum</span> <span class='ocrx_word' id='word_1_293' title='bbox 1745 2300 1891 2333; x_wconf 79' lang='lat' dir='ltr'>nomine</span> 
     </span>
     <span class='ocr_line' id='line_1_58' title="bbox 1210 2352 1886 2401; baseline -0.003 -13"><span class='ocrx_word' id='word_1_294' title='bbox 1210 2354 1400 2401; x_wconf 77' lang='lat' dir='ltr'>saepissime</span> <span class='ocrx_word' id='word_1_295' title='bbox 1417 2352 1577 2399; x_wconf 85' lang='lat' dir='ltr'>designat</span> <span class='ocrx_word' id='word_1_296' title='bbox 1597 2362 1719 2387; x_wconf 80' lang='lat' dir='ltr'>auctor</span> <span class='ocrx_word' id='word_1_297' title='bbox 1738 2353 1886 2387; x_wconf 83' lang='lat' dir='ltr'>Pharsa-</span> 
     </span>
     <span class='ocr_line' id='line_1_59' title="bbox 1211 2406 1892 2453; baseline -0.003 -12"><span class='ocrx_word' id='word_1_298' title='bbox 1211 2408 1282 2447; x_wconf 83' lang='lat' dir='ltr'>liae,</span> <span class='ocrx_word' id='word_1_299' title='bbox 1298 2420 1403 2453; x_wconf 85' lang='lat' dir='ltr'>quem</span> <span class='ocrx_word' id='word_1_300' title='bbox 1414 2407 1564 2441; x_wconf 84' lang='lat' dir='ltr'>amicum</span> <span class='ocrx_word' id='word_1_301' title='bbox 1575 2407 1730 2453; x_wconf 86' lang='lat' dir='ltr'>alioquin</span> <span class='ocrx_word' id='word_1_302' title='bbox 1751 2415 1784 2440; x_wconf 85' lang='lat' dir='ltr'>et</span> <span class='ocrx_word' id='word_1_303' title='bbox 1797 2406 1892 2452; x_wconf 87' lang='lat' dir='ltr'>opti-</span> 
     </span>
     <span class='ocr_line' id='line_1_60' title="bbox 1212 2459 1889 2495; baseline -0.003 0"><span class='ocrx_word' id='word_1_304' title='bbox 1212 2474 1268 2495; x_wconf 89' lang='lat' dir='ltr'>me</span> <span class='ocrx_word' id='word_1_305' title='bbox 1291 2460 1335 2495; x_wconf 86' lang='lat' dir='ltr'>de</span> <span class='ocrx_word' id='word_1_306' title='bbox 1356 2473 1392 2494; x_wconf 85' lang='lat' dir='ltr'>sc</span> <span class='ocrx_word' id='word_1_307' title='bbox 1421 2460 1586 2494; x_wconf 82' lang='lat' dir='ltr'>meritum</span> <span class='ocrx_word' id='word_1_308' title='bbox 1616 2460 1773 2494; x_wconf 75' lang='lat' dir='ltr'>imitatur</span> <span class='ocrx_word' id='word_1_309' title='bbox 1795 2459 1889 2493; x_wconf 87' lang='lat' dir='ltr'>Mar-</span> 
     </span>
     <span class='ocr_line' id='line_1_61' title="bbox 1214 2515 1315 2549; baseline 0 -1"><span class='ocrx_word' id='word_1_310' title='bbox 1214 2515 1315 2549; x_wconf 80' lang='lat' dir='ltr'>tialis.</span> 
     </span>
    </p>

    <p class='ocr_par' dir='ltr' id='par_1_18' title="bbox 1213 2564 1893 2720">
     <span class='ocr_line' id='line_1_62' title="bbox 1273 2564 1890 2602; baseline -0.008 0"><span class='ocrx_word' id='word_1_311' title='bbox 1273 2582 1283 2602; x_wconf 92' lang='lat'>1</span> <span class='ocrx_word' id='word_1_312' title='bbox 1295 2583 1326 2601; x_wconf 77' lang='lat'>2.</span> <span class='ocrx_word' id='word_1_313' title='bbox 1342 2568 1487 2601; x_wconf 45' lang='lat' dir='ltr'>(ramus.</span> <span class='ocrx_word' id='word_1_314' title='bbox 1504 2568 1681 2600; x_wconf 77' lang='lat' dir='ltr'>Romanus</span> <span class='ocrx_word' id='word_1_315' title='bbox 1695 2566 1779 2599; x_wconf 83' lang='lat' dir='ltr'>civis</span> <span class='ocrx_word' id='word_1_316' title='bbox 1791 2564 1890 2598; x_wconf 75' lang='lat' dir='ltr'>ditis-</span> 
     </span>
     <span class='ocr_line' id='line_1_63' title="bbox 1213 2619 1893 2659; baseline -0.006 -5"><span class='ocrx_word' id='word_1_317' title='bbox 1213 2622 1342 2655; x_wconf 82' lang='lat' dir='ltr'>simus:</span> <span class='ocrx_word' id='word_1_318' title='bbox 1362 2621 1524 2654; x_wconf 72' lang='lat' dir='ltr'>Valerius</span> <span class='ocrx_word' id='word_1_319' title='bbox 1548 2620 1722 2653; x_wconf 50' lang='lat' dir='ltr'>Maximus</span> <span class='ocrx_word' id='word_1_320' title='bbox 1745 2619 1803 2651; x_wconf 86' lang='lat' dir='ltr'>lib.</span> <span class='ocrx_word' id='word_1_321' title='bbox 1822 2619 1871 2651; x_wconf 62' lang='lat' dir='ltr'>Vl</span> <span class='ocrx_word' id='word_1_322' title='bbox 1886 2645 1893 2659; x_wconf 67' lang='lat'><em>‚</em></span> 
     </span>
     <span class='ocr_line' id='line_1_64' title="bbox 1213 2672 1893 2720; baseline -0.006 -12"><span class='ocrx_word' id='word_1_323' title='bbox 1213 2689 1286 2720; x_wconf 71' lang='lat' dir='ltr'>vap.</span> <span class='ocrx_word' id='word_1_324' title='bbox 1305 2688 1357 2714; x_wconf 73' lang='grc' dir='ltr'>ιι,</span> <span class='ocrx_word' id='word_1_325' title='bbox 1373 2689 1402 2708; x_wconf 79' lang='lat'>2.</span> <span class='ocrx_word' id='word_1_326' title='bbox 1424 2674 1553 2708; x_wconf 78' lang='lat' dir='ltr'>Plinius</span> <span class='ocrx_word' id='word_1_327' title='bbox 1571 2674 1631 2706; x_wconf 84' lang='lat' dir='ltr'>lib.</span> <span class='ocrx_word' id='word_1_328' title='bbox 1654 2673 1753 2706; x_wconf 55' lang='lat' dir='ltr'>xxl.</span> <span class='ocrx_word' id='word_1_329' title='bbox 1771 2685 1844 2717; x_wconf 67' lang='lat' dir='ltr'>cap.</span> <span class='ocrx_word' id='word_1_330' title='bbox 1862 2672 1893 2705; x_wconf 74' lang='lat'>3.</span> 
     </span>
    </p>
   </div>
  </div>
 </body>
</html>
