1978 3305
386 227 965 272 EPIGRAMMATUM
1002 230 1126 273 LIB.
1167 232 1219 274 V.

1435 235 1490 279 81

171 316 256 358 Res
281 315 425 358 uxoris
455 313 571 376 agit?
595 332 661 359 res
687 315 825 360 nullas
852 315 1065 377 crispulus
1093 319 1196 362 iste:

241 386 327 428 Res
357 401 444 429 non
473 386 642 440 uxoris,
672 403 739 430 res
767 387 858 447 agit
884 387 961 430 iste
985 396 1096 431 tuas.

156 528 169 548 1
181 515 213 549 3.
236 516 297 548 Res
310 516 391 548 ullas
406 543 415 557 ‚
434 515 544 549 codex
562 516 747 550 Pulmanni
759 542 768 555 ‚

99 580 224 613 nempe
248 567 360 602 deleta
389 577 461 602 erat
490 569 616 602 lineola
632 594 642 609 ‚
666 581 770 614 quam

97 621 208 653 vocali
227 620 437 666 imposuerat
451 621 625 654 librarius.
645 643 696 649 --
710 622 770 653 Res

98 675 203 705 ‹urm-is
223 675 316 718 agit?
337 675 427 707 Cum
454 673 693 718 indignatione
714 686 769 706 re-

100 734 221 770 petens
254 726 322 759 hoc
349 726 466 760 Poeta.
497 747 549 751 ——
580 726 641 758 Res
667 726 770 758 nullas

96 779 247 823 crispulus
271 781 339 811 iste.
359 778 465 811 Nulla
484 778 640 823 negotia,
657 779 769 812 nullas

96 829 132 862 in
158 831 235 864 foro
254 830 372 864 uxoris
391 839 458 864 tuae
476 839 590 876 partes
616 830 685 876 agit
705 831 768 864 iste

95 891 301 927 procurator
325 883 519 929 crispulus;
546 895 695 928 namque
722 883 766 916 is-

831 517 995 551 tiusmodi
1021 518 1180 553 homines
1206 518 1295 552 nihil
1321 519 1414 554 aliud
1440 533 1500 554 cu-

829 578 928 610 rant,
957 571 1022 603 nisi
1044 583 1080 604 se
1108 584 1268 612 comere,
1297 573 1420 615 otiari,
1446 586 1500 607 ar-

828 621 983 655 deliones
1016 635 1051 655 se
1077 636 1195 668 gerere
1223 636 1232 658 :
1263 625 1372 658 immo
1402 634 1501 659 tuum

827 674 943 707 locum
965 683 999 707 et
1021 675 1112 709 vices
1131 677 1268 721 supplet
1287 677 1323 711 in
1343 678 1501 712 thalamis

828 726 891 759 iste
912 727 1078 761 moechus.

886 783 943 819 14.
964 780 1024 811 Res
1043 781 1113 823 agit
1127 782 1189 824 ipse
1209 788 1290 822 tuas,
1307 782 1342 815 in
1359 782 1501 828 quibus-

827 830 919 865 dam.
937 837 988 858 -‘-
1001 832 1062 865 Res
1081 835 1151 876 agit
1167 835 1223 866 iste
1242 842 1321 867 tuus.
1344 835 1501 869 Moechus

827 883 959 930 quippe
980 884 1094 918 mariti
1109 894 1224 931 partes
1239 887 1395 921 sustinet.

700 1016 895 1072 LXII.

604 1167 671 1194 AD
710 1165 987 1195 IIOSPITES.

161 1287 183 1329 J
190 1300 280 1328 ΗΒΕ
305 1293 381 1327 tuo
406 1283 562 1326 nostris
585 1297 760 1326 maneas
783 1281 902 1337 licet,
925 1282 1105 1342 hospes,
1132 1285 1175 1326 in
1199 1284 1359 1340 hortis,

231 1355 274 1397 Si
304 1363 427 1414 potes
457 1354 501 1396 in
531 1352 650 1396 nudo
680 1368 843 1413 ponere
870 1352 1067 1395 membra
1097 1353 1211 1409 solo,

164 1425 249 1468 Aut
278 1425 312 1468 si
339 1432 539 1485 portatur
567 1433 710 1467 tecum
743 1422 819 1466 tibi
843 1438 999 1483 magna
1025 1423 1241 1484 supellex3

229 1496 340 1538 Nam
366 1510 463 1538 mea
479 1493 568 1553 jam
594 1493 778 1553 digitum
804 1493 976 1536 sustulit
1000 1493 1257 1554 hospitibus.

159 1563 289 1608 Nulla
315 1565 419 1625 tegit
444 1564 604 1608 fractos
632 1580 711 1607 nec
741 1564 879 1606 inanis
909 1562 1065 1607 culcita
1090 1563 1222 1608 lectos
1244 1581 1253 1606 ε
1480 1587 1493 1610 5

148 1710 178 1731 1.
199 1698 276 1731 Jure
296 1706 347 1731 tuo
366 1699 501 1738 nostris,
523 1705 588 1730 etc.
610 1696 762 1730 Hortum

91 1762 126 1783 se
148 1750 345 1796 hospitibus
366 1751 493 1784 offerre
511 1749 596 1783 dicit
616 1764 624 1789 3
648 1749 675 1782 si
698 1750 762 1782 ho·

90 1803 195 1848 spites
230 1812 406 1848 sumptum
443 1812 476 1837 et
513 1802 762 1848 supellectilem

89 1856 254 1890 offerant.

147 1922 178 1942 2.
197 1909 234 1942 Si
252 1917 341 1954 potes
369 1910 401 1941 ιἰι
428 1907 522 1941 nudo.
552 1907 643 1939 Mihi
668 1906 763 1940 enim

89 1972 203 2006 neque
217 1962 323 2003 sellae,
341 1973 453 2006 neque
472 1959 552 1993 lecti
571 1968 663 1993 sunt.

145 2017 177 2053 4.
187 2015 313 2047 Lectum
323 2014 460 2051 sustulit,
472 2011 677 2046 Beverlandi
688 2012 762 2046 MS.

90 2074 125 2099 et
143 2067 192 2100 sic
208 2066 382 2112 adjectum
398 2066 516 2099 eratin
531 2064 687 2110 margine
703 2077 760 2098 co-

88 2118 175 2152 dicis
203 2119 402 2154 Pulmanni.
419 2118 503 2152 Vid.
532 2119 694 2151 Erasmus
724 2117 761 2150 in

89 2170 198 2217 Adag.
224 2173 312 2205 Tolle
330 2173 474 2217 digitum,
498 2193 549 2197 —
572 2171 658 2204 Nam
682 2183 760 2203 mea.

89 2223 166 2258 Hoc
183 2232 234 2258 est
251 2236 258 2257 :
279 2226 357 2258 Mea
379 2224 534 2270 supellex
555 2231 761 2268 consumpta

90 2285 140 2310 est
161 2277 332 2323 frequenti
362 2277 527 2322 hospitio.
557 2276 762 2321 Metaphora

90 2337 142 2362 est
169 2330 276 2375 petita
305 2343 322 2361 a
359 2329 608 2375 gladiatoribus
626 2354 635 2369 ,
668 2328 729 2373 qui
750 2352 761 2370 ,

90 2394 198 2427 quum
221 2390 334 2415 essent
355 2382 461 2421 victi,
486 2381 636 2426 digitum
661 2381 760 2413 tolle-

90 2436 173 2467 bant
189 2434 224 2467 in
241 2435 377 2480 siguum
393 2434 545 2467 victoriae
564 2432 760 2466 adversario

89 2499 269 2521 concessae.
296 2486 388 2520 Vide
419 2487 480 2519 lib.
507 2485 620 2530 Spect.
651 2485 759 2530 epigr.

91 2552 185 2573 xxlx.
215 2540 289 2573 Mea
311 2540 448 2584 supellex
474 2538 600 2571 sustulit
628 2538 763 2581 digitum

93 2592 261 2637 hospitibus
275 2619 282 2631 ,
305 2593 371 2625 hoc
394 2600 443 2625 est
458 2617 466 2631 ,
487 2590 575 2624 victa
591 2598 641 2623 est
659 2598 762 2635 atque

91 2645 206 2678 attrita
223 2646 264 2678 ab
277 2645 482 2691 hospitibus.
498 2644 565 2676 Vel
586 2643 673 2676 forte
691 2642 764 2675 haec

162 2718 223 2758 ΙΙ.

822 1697 1025 1742 metaphora
1044 1698 1175 1742 petitur
1193 1710 1211 1730 a
1223 1696 1472 1732 licitationibus
1484 1725 1494 1740 ‚

823 1749 858 1782 in
888 1749 1042 1794 quibus,
1065 1757 1151 1783 teste
1182 1750 1285 1784 Festo
1316 1750 1353 1783 in
1387 1751 1495 1785 verbo

822 1801 972 1846 Μαηεεμε
984 1828 993 1842 ‚
1014 1801 1125 1847 digito
1144 1802 1279 1836 sublato
1301 1811 1495 1850 emptorem

822 1866 858 1887 se
880 1854 1005 1899 aliquis
1032 1854 1277 1900 profitebatur.
1305 1856 1350 1888 Et
1375 1869 1494 1890 sensus

822 1907 915 1939 erit:
936 1908 1013 1939 Mea
1049 1907 1202 1953 supellex
1228 1916 1343 1954 empta
1370 1917 1421 1942 est
1450 1910 1493 1942 ab

823 1959 897 1992 aliis
916 1960 1133 2005 hospitibus,
1155 1958 1191 1992 id
1205 1968 1278 2002 est,
1301 1960 1356 1994 alii
1377 1961 1495 2006 hospi·

822 2019 871 2045 tes
902 2012 1153 2058 supellectilem
1184 2024 1297 2046 meam
1328 2021 1492 2059 tanquam

823 2077 840 2097 a
866 2076 902 2098 se
927 2073 1078 2110 emptam
1097 2074 1401 2112 consumpserunt.
1417 2066 1491 2100 Cic.

820 2117 856 2149 in
884 2118 1030 2150 Vei-rem
1047 2144 1055 2158 ,
1080 2118 1098 2150 I
1121 2130 1130 2151 :
1160 2135 1173 2147 «
1191 2118 1317 2151 Junius
1350 2126 1492 2163 patruus

821 2170 911 2203 tollit
931 2169 1092 2215 digitum.
1117 2187 1129 2199 n
1154 2171 1274 2204 Horat.
1294 2170 1361 2204 Sat.
1376 2183 1426 2212 11,
1448 2173 1491 2204 8:

825 2240 837 2252 «
853 2221 975 2255 Indice
996 2231 1205 2256 monstraret
1222 2222 1341 2268 digito.
1364 2240 1377 2252 n
1407 2223 1493 2258 Vid.

821 2275 924 2308 Briss.
955 2275 1109 2308 Formul.
1138 2275 1199 2307 lib.
1226 2276 1295 2316 VI,
1322 2276 1382 2320 qui
1399 2275 1491 2310 idem

821 2327 981 2361 affirmat.
1001 2328 1113 2373 Eligat
1130 2327 1250 2360 lector.

876 2380 909 2412 5.
934 2380 1035 2412 Nulla
1056 2382 1133 2424 tegit
1145 2380 1270 2421 sal-ctos
1291 2379 1327 2412 in
1351 2380 1496 2426 quibus-

821 2431 912 2465 dam.
933 2453 983 2457 —
1001 2433 1146 2465 Fractos.
1161 2457 1187 2465 ..
1200 2433 1324 2465 culcita.
1348 2433 1496 2467 Culcitae

823 2492 982 2517 tomento
1001 2485 1096 2518 fartae
1108 2492 1226 2518 erant:
1244 2493 1276 2517 et
1291 2483 1376 2518 dicit
1391 2486 1495 2519 Poeta

822 2549 892 2569 non
912 2535 1015 2569 modo
1034 2550 1068 2570 se
1086 2537 1171 2570 male
1191 2537 1330 2577 fartam,
1345 2537 1404 2571 sed
1421 2551 1494 2571 om-

823 2590 906 2622 uino
939 2590 1072 2622 nullam
1101 2590 1248 2629 habere,
1273 2603 1376 2636 quam
1405 2591 1495 2624 lecto

824 2642 968 2686 injiciat.
991 2643 1032 2676 At
1051 2641 1093 2675 de
1114 2642 1237 2676 culcita
1253 2669 1260 2683 ‚
1280 2643 1379 2687 plura
1395 2642 1493 2681 vide,

1224 2711 1253 2755 6
