1978 3305
488 224 576 268 182
848 224 909 266 M.
943 224 1022 267 VA
1034 225 1084 266 L.

1124 225 1515 268 MARTIALIS

549 311 618 355 Sic
641 325 915 370 quacumque
936 326 1072 371 vagus
1098 326 1380 372 gressumque
1406 309 1642 372 oculosque
1665 310 1853 363 ferebat,

617 379 861 423 Tonsilibus
889 380 1012 424 sertis
1034 397 1165 424 omne
1189 380 1375 425 rubebat
1394 381 1488 424 iter.

549 452 605 493 At
634 459 680 493 tu
712 451 921 493 Romanae
949 450 1092 510 jussus
1117 451 1209 511 jam
1242 450 1395 495 cedere
1420 450 1608 506 brumae,

619 520 746 563 Mitte
769 528 865 563 tuas
890 535 1075 578 messe53
1102 521 1274 582 accipe,
1292 519 1417 576 Nile,
1443 536 1574 565 rosas.

550 641 677 702 ὅππη
703 653 781 716 γὰρ
805 656 1052 718 μετενεγκὴ

1039 654 1148 716 μὲν
1175 649 1364 708 πόδας,’
1347 655 1393 703 ἦε
1419 655 1486 698 καὶ
1509 653 1616 712 ὄψεις
1630 688 1641 707 ,

621 703 710 776 Πιοῖς
734 726 985 785 στεφάνοισιν
1013 727 1077 774 ἔην
1102 731 1231 787 χῶρος
1257 725 1471 786 ἐρενθιόων.

550 788 666 839 Ᾰλλὰ
690 813 736 838 συ
760 803 959 857 χειμερινῇ
981 786 1129 856 ῥώμης
1154 798 1368 855 νικώμενος
1396 799 1500 857 ὥρη,

619 867 767 921 Νεῖλε,
797 865 977 928 θερισμὸν
1009 868 1070 910 ἑὸν
1098 860 1182 917 δός·
1216 861 1318 926 ῥόδα
1345 861 1384 909 δ’
1413 861 1619 909 ἀντίλαὲε.

479 1006 667 1039 Paestanus.
695 1003 776 1037 Lib.
797 1004 845 1044 V,
868 1003 978 1049 epigr.
1006 1014 1150 1043 xxxvn,

479 1070 530 1092 vs.
551 1070 572 1102 9
584 1083 594 1099 ‚
611 1066 646 1091 et
661 1057 722 1091 lib.
742 1057 834 1097 XII,
852 1056 961 1102 epigr.
982 1068 1080 1089 xxm.

533 1123 568 1156 7.
593 1111 786 1156 Quocunque
805 1122 908 1154 vagus
926 1108 1062 1142 Beverl.
1077 1108 1153 1142 MS.

533 1166 568 1198 8.
595 1163 830 1207 Testilibusque
847 1163 938 1194 sertis
953 1160 1033 1194 Ald.
1052 1161 1073 1194 J
1077 1169 1153 1195 unt.

480 1216 595 1251 Colin.
618 1216 756 1261 Gryph.
776 1215 933 1248 Pulman.
957 1214 1070 1248 Plant.
1090 1215 1155 1248 Ju-

479 1268 575 1302 nian.
599 1269 706 1314 Lang.
732 1268 858 1313 Delph.
883 1275 949 1301 etc.
976 1267 1155 1300 Tonsilibus

478 1324 569 1355 sectis
589 1322 626 1354 in
651 1320 756 1354 codd.
780 1321 920 1354 Thuan.
942 1328 977 1354 et
995 1320 1022 1353 F
1025 1320 1154 1355 lorent.

482 1375 662 1408 Tonsilibus
676 1377 763 1407 tectis
779 1373 815 1407 in
830 1372 953 1408 codice
967 1373 1153 1415 Vatican03

478 1427 630 1461 Sutilibus
645 1430 734 1460 sertis
753 1427 876 1472 legunt
892 1425 951 1460 alii
966 1419 1062 1470 (vid.
1081 1426 1154 1460 Sal-

477 1481 606 1514 masius
624 1480 660 1513 iu
672 1481 756 1513 Var.
774 1473 890 1523 Notis)
905 1491 1013 1512 :omne
1029 1479 1157 1512 subibat

478 1535 538 1566 iter
563 1532 672 1567 codex
695 1533 905 1574 Thuaneus3
933 1545 1022 1564 omne
1043 1532 1155 1565 ruebat

477 1589 537 1619 iter
553 1585 632 1621 cod.
650 1586 807 1620 Florent.
826 1608 879 1612 -—
898 1585 1072 1618 Textilibus
1091 1599 1154 1618 ser-

478 1642 529 1674 tis.
551 1639 702 1674 Coronis
719 1647 753 1672 et
771 1638 871 1673 sertis
894 1638 993 1672 textis
1013 1650 1032 1671 e
1053 1639 1151 1672 rosis.

476 1691 684 1738 Legendum
709 1705 774 1738 pro
797 1692 955 1725 textilibus
977 1704 996 1725 e
1021 1691 1120 1725 MSS.
1143 1704 1151 1726 :

481 1763 496 1776 ιι
516 1745 722 1779 Tonsilibus
746 1744 846 1779 sertis
871 1757 976 1778 omne
1003 1745 1154 1778 rubebat

476 1799 556 1833 iter.
573 1816 587 1828 ι»
618 1798 817 1832 Tonsilium
841 1810 1053 1832 coronarum
1083 1811 1153 1831 me-

476 1852 579 1885 minit
589 1850 732 1885 Servius
745 1850 788 1884 ad
799 1850 939 1896 Virgilii
950 1851 1079 1896 Georg.
1087 1851 1153 1893 III,

478 1916 546 1938 21:
568 1921 582 1935 α
602 1906 681 1950 Ipse
706 1912 810 1950 caput
844 1912 951 1937 tonsae
979 1903 1071 1937 foliis
1095 1916 1152 1937 or-

475 1967 580 1991 natus
615 1957 728 1991 olivae.
749 1974 763 1987 n
801 1957 916 1998 Quem
947 1955 992 1989 de
1024 1969 1153 1990 corona

475 2010 597 2045 tonsili
607 2010 859 2056 interpretatur
868 2017 902 2043 et
910 2017 1015 2043 recte.
1023 2010 1055 2043 T
1052 2023 1150 2051 onsae,

474 2063 612 2109 inquit,
635 2064 745 2103 olivoe,
767 2065 894 2096 minutis
912 2063 1006 2106 soliis
1027 2076 1151 2107 compo·

473 2119 555 2150 sita».
569 2116 763 2150 Habitumm
773 2130 804 2149 se
815 2123 917 2149 autem
930 2129 1073 2149 coronam
1086 2123 1153 2148 ton-

473 2170 560 2203 silem
583 2171 677 2203 dizit.
700 2170 806 2203 Poeta
828 2169 902 2215 ipse
922 2176 1043 2202 tonsam
1062 2182 1151 2202 cot-o-

474 2235 546 2256 nam
562 2235 627 2268 pro
644 2223 762 2256 tonsili
777 2222 965 2268 appellavit
980 2234 988 2256 :
1008 2221 1152 2255 «Omni-

472 2276 539 2309 bus
564 2276 599 2309 in
626 2288 759 2310 morem
786 2284 885 2309 tonsa
908 2287 1005 2308 coma
1034 2287 1150 2320 pressa

473 2339 614 2362 corona.
637 2346 650 2359 υ
670 2330 829 2375 Namque
844 2337 942 2363 tonsa
959 2341 1090 2364 corona
1117 2337 1150 2361 ct

1213 1001 1348 1036 tonsilis
1373 1001 1487 1042 idem,
1518 1011 1556 1036 ut
1579 1014 1724 1048 porrum
1752 1010 1889 1037 sectum

1215 1063 1251 1088 et
1263 1055 1393 1089 sectile.
1410 1056 1567 1088 Coronas
1585 1055 1764 1090 interdum
1779 1069 1822 1090 ex
1835 1057 1890 1090 in-

1214 1108 1320 1154 tegris
1340 1106 1526 1142 frondibus
1549 1115 1583 1141 et
1605 1108 1754 1142 intonsis
1772 1118 1890 1143 necte·

1213 1161 1298 1194 bant
1311 1161 1457 1194 Veteres
1468 1187 1478 1203 ‚
1492 1169 1530 1195 ut
1545 1173 1587 1194 ex
1604 1161 1705 1195 lauro
1719 1186 1729 1203 ,
1747 1162 1839 1195 oliva
1856 1170 1892 1196 et

1214 1213 1300 1248 aliis.
1320 1213 1505 1247 Interdum
1523 1227 1565 1248 ex
1581 1226 1679 1248 mero
1694 1214 1780 1247 folio
1797 1215 1890 1248 funi·

1213 1267 1300 1301 culis
1314 1279 1370 1300 eas
1385 1267 1541 1300 suebant.
1561 1267 1625 1300 Hae
1645 1267 1771 1300 tonsiles
1788 1280 1890 1301 voca·

1213 1328 1276 1362 tae;
1293 1320 1361 1353 illae
1376 1320 1507 1354 nexiles
1522 1320 1577 1353 vel
1593 1320 1750 1366 plexileS.
1763 1321 1890 1354 Tonsae

1211 1373 1268 1406 vel
1299 1373 1443 1406 tonsiles
1454 1399 1465 1415 ,
1491 1372 1572 1406 ideo
1602 1372 1697 1418 quod
1727 1385 1769 1406 ex
1799 1374 1891 1407 foliis

1212 1425 1367 1460 detonsis
1378 1434 1480 1460 textae
1490 1434 1620 1468 essent;
1634 1427 1689 1459 vel
1702 1425 1797 1472 quod
1808 1426 1891 1460 folia

1213 1479 1249 1512 in
1270 1479 1324 1512 his
1342 1491 1467 1525 parum
1486 1479 1682 1512 eminerent
1695 1505 1703 1518 ,
1725 1486 1890 1524 tanquam

1212 1532 1242 1566 si
1256 1540 1355 1566 tonsa
1372 1540 1497 1565 essent.
1517 1532 1609 1565 Hinc
1629 1532 1771 1566 tonsiles
1792 1540 1889 1576 tape-

1213 1592 1264 1620 tas
1276 1585 1446 1619 brevibus
1463 1597 1501 1618 ac
1513 1585 1622 1618 tonsis
1632 1585 1735 1618 villis.
1749 1584 1888 1619 Salmas.

1219 1659 1256 1664 -
1279 1638 1381 1671 Omne
1395 1641 1463 1671 iter.
1478 1638 1585 1672 Urbis
1600 1638 1695 1672 vicus
1710 1638 1889 1671 omnis.—

1217 1691 1397 1725 Tonsilibus
1407 1685 1616 1734 (Tettt'libus)
1624 1694 1724 1724 sertis.
1734 1691 1810 1725 Hoc
1819 1699 1871 1725 est
1880 1719 1888 1733 ‚

1212 1744 1351 1778 coronis
1374 1744 1475 1778 textis
1494 1757 1535 1778 ex
1557 1744 1656 1778 rosis.
1676 1744 1745 1777 Alii
1768 1744 1890 1790 legunt

1212 1797 1366 1832 Sueilc'bus
1383 1811 1394 1830 :
1417 1810 1563 1831 coronas
1583 1810 1712 1842 nempe
1733 1809 1775 1830 ex
1795 1810 1889 1831 rosa-

1211 1863 1291 1884 rum
1314 1850 1406 1884 foliis
1426 1863 1594 1884 consuere
1611 1851 1768 1884 solebant
1782 1851 1887 1884 Vete-

1211 1903 1382 1938 res.Vide
1398 1904 1459 1937 lib.
1470 1905 1515 1945 V,
1529 1903 1639 1949 epigr.
1656 1915 1738 1936 Lxlv
1751 1929 1760 1945 ‚
1776 1911 1810 1936 et
1826 1903 1887 1936 lib.

1211 1957 1285 1998 IX,
1307 1957 1415 2003 epigr.
1437 1969 1540 1999 χειν,
1566 1956 1610 1990 tle
1638 1968 1707 2002 qua
1736 1956 1888 1990 lectione

1209 2009 1345 2055 judicet
1366 2010 1488 2043 lector.

1266 2076 1300 2107 9.
1318 2062 1434 2097 Cedere
1447 2063 1576 2097 hrumoe.
1589 2062 1666 2095 Hoc
1681 2069 1751 2103 est,
1766 2060 1888 2096 cedere

1211 2116 1298 2149 rosis
1325 2128 1402 2161 quae
1429 2116 1554 2149 hiemis
1586 2123 1744 2160 tempore
1767 2116 1887 2149 Romoe

1212 2177 1414 2203 nascuntur.

1270 2234 1282 2255 1
1293 2234 1326 2255 o.
1346 2223 1430 2254 Tuas
1441 2234 1560 2255 messes.
1572 2221 1771 2254 Frumentis
1781 2221 1889 2254 abuu-

1210 2274 1269 2308 dat
1292 2277 1483 2320 ffigyptus,
1507 2273 1599 2308 uude
1621 2273 1712 2307 dicta
1735 2282 1787 2308 est
1807 2274 1886 2308 Rei-

1211 2329 1359 2373 publicae
1380 2329 1543 2361 Romanae
1564 2327 1743 2361 horreum.
