1978 3305
490 230 585 276 560

866 231 927 272 Μ.
959 231 1097 273 VAL.
1138 230 1526 274 MARTIALIS

1021 380 1368 437 LXXXVI.

1050 532 1116 559 DF.
1156 531 1348 560 LAURO.

557 658 702 701 NEMO
731 672 845 700 nova
872 654 1004 699 caluit
1033 656 1092 699 sic
1117 654 1410 699 inflammatus
1432 656 1593 710 amica,

625 726 846 788 Flagravit
873 735 1038 788 quanto
1065 727 1234 770 Laurus
1261 742 1410 770 amore
1435 725 1546 787 pilae.

557 797 642 841 Sed
667 799 742 858 qui
770 798 937 859 primus
968 805 1062 840 erat
1090 796 1228 852 lusor,
1257 796 1362 841 dum
1389 797 1537 840 floruit
1564 807 1688 849 aetas,

626 869 757 912 Nunc
783 877 1013 928 postquam
1041 866 1150 911 desit
1175 866 1344 923 ludere,
1370 868 1508 928 prima
1536 867 1622 929 pila
1647 877 1725 912 est.

542 1020 575 1053 3.
591 1019 656 1063 Oai
665 1021 784 1064 primus
807 1026 876 1051 erat
897 1019 992 1052 lusor.
1013 1017 1166 1051 Exhibet

483 1074 638 1118 plurimus
663 1085 728 1118 pro
745 1074 866 1117 primus
888 1071 997 1104 codex
1020 1071 1164 1113 Thuan‚

489 1127 573 1159 lusus
606 1138 671 1171 pro
704 1125 790 1158 lusor
813 1124 948 1158 codices
975 1124 1165 1158 Vaticanus

489 1188 522 1212 et
537 1179 733 1211 Pulmanni.
748 1178 1069 1224 «Quijuventutem
1086 1177 1166 1223 pilae

488 1231 573 1264 ludo
606 1232 730 1272 elusit,
761 1243 865 1265 senex
889 1231 960 1277 jam
989 1243 1166 1276 pannosus

488 1293 538 1318 est
567 1284 674 1317 instar
697 1285 776 1330 pilae
797 1283 1013 1329 compitalis;
1037 1292 1070 1316 et
1096 1284 1165 1317 ele-

487 1346 610 1383 ganter
625 1339 762 1383 jocatur
777 1337 956 1384 inquiens,
974 1336 1166 1383 quiprimus

488 1399 555 1423 erat
573 1392 744 1436 lusorpilae
756 1418 764 1431 ,
778 1393 848 1437 jam
868 1391 979 1424 factus
997 1397 1047 1423 est
1059 1392 1164 1435 prima

482 1445 561 1489 pila.
587 1443 722 1477 Alludit
738 1457 819 1490 ergo
837 1444 872 1477 in
892 1444 971 1489 pilae
989 1443 1140 1477 lusorem
1156 1469 1165 1484 ‚

487 1497 546 1542 qui
562 1509 673 1543 quum
688 1497 834 1531 florente
847 1505 945 1531 aetate
960 1496 1096 1542 primus
1112 1509 1164 1529 es-

487 1558 537 1583 set
559 1551 594 1583 in
624 1559 696 1584 arte
717 1551 794 1596 pilae
809 1577 817 1592 ‚
848 1558 1035 1597 postquam
1062 1549 1166 1583 desiit

1225 1030 1288 1064 per
1307 1026 1522 1052 senectutem
1550 1018 1695 1059 ludere,
1716 1019 1826 1053 factus
1854 1029 1903 1054 est

1221 1074 1326 1116 prima
1343 1071 1412 1117 pila
1428 1085 1441 1111 ‚·
1463 1071 1498 1105 id
1520 1080 1590 1113 est,
1610 1074 1827 1118 contemptui
1847 1073 1904 1107 ha-

1225 1124 1349 1166 betur,
1368 1133 1408 1157 ut
1424 1124 1482 1158 illa
1506 1125 1576 1170 pila
1588 1150 1596 1165 ,
1618 1137 1697 1170 quae
1712 1125 1826 1170 prima
1845 1127 1906 1159 ob-

1223 1177 1345 1224 jicitur
1375 1178 1481 1210 tauris
1508 1178 1626 1219 iratis,
1645 1190 1747 1224 quam
1775 1177 1904 1212 discer-

1225 1239 1318 1276 punt
1331 1239 1364 1264 et
1374 1231 1528 1264 lacerant
1539 1230 1715 1264 cornibus.
1729 1230 1786 1264 Sic
1798 1231 1901 1265 Mart.

1226 1284 1288 1317 lib.
1311 1285 1366 1325 II,
1390 1284 1499 1329 epigr.
1521 1296 1613 1317 xun
1635 1295 1642 1316 :
1665 1284 1737 1316 nAt
1754 1297 1810 1318 me
1828 1298 1904 1331 quae

1226 1349 1323 1382 passa
1345 1345 1395 1370 est
1414 1337 1533 1370 furiati
1555 1349 1685 1370 cornua
1703 1338 1813 1378 tauri,
1832 1338 1904 1370 No-

1227 1389 1333 1423 luerit
1346 1388 1417 1423 dici
1431 1402 1533 1436 quam
1553 1390 1621 1436 pila
1637 1390 1751 1435 prima
1767 1403 1874 1423 suam.
1886 1408 1898 1420 a

1223 1443 1307 1476 Piloe
1335 1445 1486 1475 taut-aria?
1510 1451 1680 1476 vocantur
1710 1443 1745 1476 in
1777 1444 1904 1477 veteri-

1224 1496 1289 1529 bus
1309 1496 1450 1541 glossis,
1473 1505 1506 1530 εἰ
1535 1504 1759 1542 exponuntur
1789 1509 1903 1541 ταυρο-

1226 1549 1407 1583 καθάπται,
1429 1566 1442 1579 n
1462 1549 1646 1583 Salmasius.

993 1694 1395 1752 LXXXVII.

847 1854 915 1881 DE
953 1852 1162 1881 NATALl
1203 1851 1510 1880 RESTITUTI.
1529 1832 1546 1847 *

663 1985 905 2026 OCToBRI-:s
932 1997 1011 2041 age
1037 1981 1196 2024 sentiat
1220 1979 1440 2023 Kalendas

663 2053 855 2098 Facundi
886 2053 958 2113 pia
986 2053 1126 2095 Roma
1156 2051 1374 2094 Restituti.

662 2125 845 2186 Linguis
875 2122 1077 2167 omnibus
1103 2131 1145 2165 et
1171 2121 1312 2164 favete
1338 2121 1462 2165 votis.

660 2194 861 2239 Natalem
884 2193 1087 2247 colimus,
1113 2201 1254 2236 tacete
1279 2191 1386 2235 lites.

540 2335 554 2348 '
573 2340 685 2373 Multa
706 2341 875 2375 clientum
898 2348 932 2373 et
953 2338 1068 2384 ampla
1091 2350 1168 2371 mu-

488 2405 571 2426 nera
598 2394 772 2428 Restituto
806 2401 968 2439 precatur
995 2392 1030 2425 in
1059 2391 1165 2424 natali

487 2445 545 2478 die
569 2458 576 2479 ε
597 2458 632 2480 se
664 2459 729 2492 pro
764 2447 969 2481 muneribus
997 2457 1136 2478 carmen
1155 2469 1165 2485 ,

490 2498 583 2544 quod
604 2512 731 2535 munus
751 2509 801 2534 est
823 2509 954 2547 poetae,
976 2498 1128 2531 mittere.

549 2565 581 2585 2.
604 2553 679 2585 Pila
691 2554 768 2589 cod.
788 2554 922 2588 Beveri.
937 2573 988 2579 —-
1002 2553 1162 2584 Restituei.

490 2604 683 2639 Caussidici
706 2609 766 2654 qui
791 2607 826 2641 id
848 2605 1014 2652 temporis
1034 2616 1162 2638 nomeu

488 2659 631 2692 inseruit
652 2659 768 2702 famae,
783 2670 814 2694 et
831 2660 875 2693 de
890 2673 960 2704 quo
981 2657 1069 2691 Plin.
1089 2659 1161 2701 jun.

1224 2337 1284 2370 lib.
1301 2347 1352 2369 vx.
1365 2336 1466 2381 epist.
1485 2345 1585 2381 17.et
1601 2336 1739 2370 lib.vn.
1752 2338 1854 2384 epist.
1872 2351 1902 2372 ι.

1280 2388 1313 2422 3.
1335 2391 1477 2435 Linguis.
1493 2390 1625 2423 Favere
1642 2390 1771 2436 linguis
1785 2400 1835 2425 est
1853 2399 1902 2425 ta·

1224 2455 1320 2482 cere,
1341 2444 1430 2476 votis
1446 2455 1529 2476 vero
1543 2443 1659 2476 favere
1675 2452 1724 2477 est
1737 2443 1904 2478 accedere

1224 2495 1266 2529 ad
1297 2505 1374 2529 vota
1403 2495 1636 2530 sacerdotum.
1667 2497 1784 2530 FerIas
1812 2497 1901 2531 cele-

1224 2551 1364 2583 brantes
1393 2561 1409 2582 a
1440 2549 1557 2582 litibus
1588 2550 1808 2583 abstinebant
1841 2562 1901 2583 an-

1225 2603 1333 2647 tiqui,
1363 2611 1397 2635 et
1417 2602 1521 2635 sacris
1552 2603 1701 2648 publicis
1720 2604 1898 2636 vacabant.

1225 2654 1373 2688 Ovidius
1393 2656 1573 2688 Fastorum
1595 2656 1653 2689 lib.
1677 2656 1701 2687 1.
