1978 3305
463 199 522 246 50
842 204 904 246 M.
932 204 1008 245 VA
1025 205 1073 247 L.
1112 206 1381 248 MARTIA
1395 207 1499 249 LlS

1002 347 1305 404 XXXIV.

536 483 828 513 EPITAPHIUM
867 483 1022 512 EROTH
1064 484 1126 512 AD
1165 484 1456 514 FRONTONEM
1493 467 1788 516 PARENTEM.*

522 592 656 634 HANG
683 589 780 644 tibi,
807 591 969 632 Fronto
995 599 1137 650 pater,
1165 590 1349 651 genitrix
1375 590 1573 636 Flaccilla
1598 593 1810 654 puellam,

594 659 755 703 Oscula
785 660 1067 715 commendo,
1094 659 1353 721 deliciasque
1382 677 1523 717 meas;

522 789 610 837 Σοὶ,
639 789 826 846 Φρόντων
853 789 1037 848 γενέτη-ς,
1062 788 1143 841 σοὶ,
1168 788 1401 836 Φλακκίλλη
1429 791 1650 849 γενέτειρα,

589 853 769 901 Παιδικὰ
795 857 928 918 τάμὰ,
954 859 1072 917 κόρην
1106 852 1228 906 τήνδε
1256 859 1516 911 συνιςάμεθα.

501 994 514 1007 ”
529 997 679 1043 Utrique
699 997 834 1042 parenti
852 998 923 1041 jam
952 995 1120 1028 defuncto

449 1049 670 1084 commendat
681 1062 863 1083 sexennem
876 1049 1027 1094 puellam
1036 1049 1121 1082 Ero-

449 1104 541 1144 tion,
558 1103 737 1136 vernulam
749 1129 758 1143 ,
775 1102 961 1135 immaturo
982 1101 1053 1134 fato
1066 1114 1121 1134 ex-

448 1157 626 1198 stinctam3
639 1164 679 1189 ut
692 1155 865 1188 insontem
878 1155 950 1199 ejus
967 1153 1119 1187 animam

447 1208 542 1254 apud
561 1210 682 1243 Manes
696 1207 869 1253 excipiant
881 1232 890 1248 ‚
911 1215 946 1239 et
960 1219 1004 1239 ne
1018 1207 1119 1240 tellus

444 1262 657 1307 corpusculo
680 1261 792 1306 gravis
814 1259 869 1293 sit.
889 1259 1007 1293 Rader.
1027 1259 1118 1292 Male

445 1314 601 1348 Raderus
621 1315 762 1359 utrique
790 1312 926 1358 parenti
956 1312 1003 1345 ait
1023 1324 1117 1345 com·

446 1367 604 1401 mendari
622 1367 792 1400 Erotium.
808 1366 921 1398 Immo
937 1373 1046 1398 mater
1063 1378 1118 1398 su-

446 1430 576 1467 perstes
594 1419 795 1453 defunctam
814 1418 922 1451 filiam
943 1430 1120 1451 cominen-

444 1473 514 1507 dat.
528 1475 637 1506 Error
651 1485 690 1505 ex
706 1483 815 1518 pravo
828 1471 1004 1511 lemmate,
1021 1470 1115 1516 quod

443 1528 477 1559 in
499 1525 617 1560 codice
633 1524 793 1558 Leidensi
810 1532 944 1558 tantum
964 1532 1014 1557 est
1031 1549 1040 1563 ‚
1060 1524 1120 1557 Ad

443 1581 654 1618 Frontonem,
677 1587 710 1611 et
732 1585 808 1622 post
834 1576 990 1622 primum
1016 1575 1115 1609 disti-

444 1633 535 1665 chon
559 1644 567 1665 z
596 1631 802 1677 Epitaphium
830 1631 994 1662 Erotionis
1023 1623 1114 1672 (sed

443 1684 641 1719 faciendum
672 1693 722 1718 est
742 1695 750 1716 :
771 1682 978 1728 Epitaphium
1007 1682 1116 1715 Erotii

442 1739 487 1770 ad
508 1739 696 1771 Frontonem
717 1731 867 1782 patrem)
888 1747 896 1768 ε
915 1733 1044 1768 deinde
1071 1748 1113 1768 ex

442 1790 728 1836 interpunctione
764 1789 855 1822 inter
889 1788 1046 1822 Flaccilla
1078 1797 1113 1822 et

436 1845 593 1889 puellam,
633 1855 712 1889 quae
749 1840 901 1875 tollenda
928 1849 989 1874 est.
1022 1841 1112 1875 Nam

437 1899 579 1939 genitrix
593 1897 748 1929 Flaccilla
762 1894 940 1928 commendo
949 1895 1087 1939 puellam
1099 1922 1107 1934 ‚

439 1952 544 1982 ascula
570 1950 758 1994 deliciasque
785 1961 867 1980 meas
881 1975 889 1987 ,
920 1947 977 1980 tihi
990 1973 998 1987 ,
1017 1955 1112 1992 pater

438 2004 582 2042 I·‘t·ont0;
603 2011 651 2035 est
667 2014 749 2046 ergo
762 2001 909 2046 genitrix
929 2000 1086 2033 Flaccilla
1098 2025 1107 2039 ,

436 2069 516 2088 nam
546 2056 618 2102 ipsa
640 2054 785 2099 fingitur
814 2054 972 2099 loquens.
1005 2052 1107 2087 Grou.

433 2131 483 2135 —
504 2108 692 2142 ‚ronovius
709 2106 1108 2151 contenditcorruptum

434 2175 505 2195 esse
518 2162 583 2195 lior
601 2162 722 2194 lemma
734 2186 742 2201 ,
756 2169 789 2193 et
800 2159 952 2204 primum
968 2171 1108 2192 versum

432 2215 479 2247 sic
503 2213 768 2260 explicandum,
785 2221 823 2246 ut
848 2211 952 2245 modo
977 2210 1104 2245 vidisti.

429 2267 496 2300 Sed
524 2268 580 2300 hic
607 2279 726 2300 sensus
750 2266 803 2299 vix
837 2265 997 2311 congruit
1023 2277 1104 2298 cum

430 2329 595 2365 sequente
614 2332 716 2352 versu
735 2331 742 2352 :
768 2320 854 2351 Inter
874 2326 937 2351 tam
961 2326 1080 2350 'veteres
1094 2345 1101 2357 ,

429 2383 492 2406 etc.
514 2373 673 2406 Erotium
694 2381 726 2404 et
742 2372 887 2404 Erotion
904 2370 1051 2410 dicitnr,
1064 2379 1103 2403 ut

426 2425 518 2470 apud
533 2426 737 2458 Terentium
753 2425 941 2470 Glycerion
952 2449 960 2464 ‚
973 2432 1005 2457 et
1021 2424 1103 2469 Gly-

425 2479 570 2512 cerium.
592 2479 656 2511 Alii
681 2478 831 2521 primum
851 2476 1028 2510 distichon
1046 2476 1100 2510 di-

424 2531 549 2564 xidunt
576 2544 592 2563 a
620 2531 801 2576 sequenti,
827 2529 884 2562 sed
909 2530 997 2562 male.
1021 2543 1098 2563 meo

422 2584 573 2625 ju‹licio;
594 2583 690 2628 qnod
718 2583 790 2628 ipse
817 2583 995 2616 columi-ns
1019 2596 1095 2615 ver-

420 2640 543 2671 lun-nm
561 2650 679 2670 sensus
696 2636 921 2669 ‹lenwnstrah

1233 1017 1284 1022 --
1304 997 1355 1028 De
1380 997 1568 1029 Her-otiante
1590 998 1796 1033 inscribitur
1823 1001 1857 1034 in

1184 1047 1266 1082 edd.
1288 1056 1373 1081 vett.
1393 1050 1445 1081 De
1468 1050 1584 1082 Erotio
1606 1051 1640 1083 in
1671 1051 1748 1085 aliis
1775 1061 1857 1086 vett.

1179 1101 1238 1134 alii
1258 1100 1392 1134 addunt
1407 1102 1527 1147 puella.
1539 1102 1600 1135 Ad
1612 1103 1804 1137 Frontonem
1819 1107 1856 1138 in

1179 1152 1283 1187 codd.
1304 1151 1402 1187 Leid.
1425 1163 1460 1188 et
1483 1155 1626 1189 Thuan.
1648 1156 1857 1203 Epitaphium

1179 1207 1288 1240 Erotii
1312 1206 1358 1239 ad
1384 1207 1573 1240 Frontonem
1605 1216 1730 1253 patrem
1760 1211 1857 1245 malit

1179 1259 1392 1301 Gronovius,
1403 1273 1507 1306 quem
1521 1272 1585 1294 nos
1597 1263 1708 1295 secuti
1723 1275 1854 1298 sumus.

1177 1334 1228 1339 —
1244 1313 1316 1346 Lex
1343 1313 1445 1346 metri
1465 1322 1637 1358 repugnat
1663 1315 1742 1348 lect.
1766 1316 1853 1350 Ero-

1177 1367 1268 1406 tioni,
1281 1379 1313 1399 v.
1331 1365 1349 1398 3
1362 1391 1370 1406 ,
1385 1374 1418 1399 et
1433 1367 1600 1411 analogia.
1612 1367 1744 1401 Ultima
1759 1369 1852 1402 enim

1175 1418 1260 1452 rccti
1279 1418 1394 1451 brevis
1410 1427 1477 1460 est,
1495 1427 1533 1452 ut
1554 1431 1705 1465 sequens
1723 1422 1852 1455 confir·

1175 1480 1246 1504 mat
1264 1470 1457 1510 distichon,
1475 1470 1570 1517 quod
1589 1484 1662 1506 non
1680 1473 1726 1506 ita
1744 1483 1851 1516 esset,

1174 1524 1202 1556 si
1222 1523 1457 1557 declinatione
1472 1523 1649 1558 diceretur
1662 1526 1826 1560 Erotiom's
1839 1555 1848 1567 ,

1174 1584 1240 1611 etc.
1258 1598 1312 1603 --
1336 1577 1376 1609 In
1396 1577 1557 1610 versione
1581 1577 1717 1612 Gallica
1744 1591 1850 1625 quam

1173 1641 1286 1675 nuper
1308 1628 1495 1663 ediderunt
1516 1629 1656 1676 Paphiis
1686 1643 1848 1666 amorum

1173 1682 1265 1727 typis
1286 1682 1487 1728 impressam
1500 1709 1509 1724 ‚
1527 1683 1586 1728 qui
1606 1695 1658 1724 se,
1677 1697 1748 1718 non
1768 1698 1848 1730 pro-

1172 1735 1328 1775 fessores,
1340 1734 1402 1769 sed
1416 1736 1542 1769 milites
1556 1739 1696 1769 emeritos
1709 1736 1848 1780 dicunt,

1171 1787 1299 1822 Raderi
1314 1801 1434 1822 sensus
1451 1789 1576 1822 iterum
1592 1789 1782 1831 exhibitur,
1798 1791 1846 1825 le-

1170 1841 1336 1888 giturque
1357 1841 1559 1887 inscripti03
1579 1864 1587 1871 -
1607 1864 1614 1871 .
1631 1864 1640 1872 .
1659 1843 1722 1875 -ad
1740 1844 1845 1877 Fron-

1171 1903 1270 1927 tonem
1297 1902 1328 1927 et
1350 1895 1539 1928 Flaccillam
1563 1904 1732 1940 parentes;
1768 1904 1844 1930 tan-

1169 1959 1272 1993 quam
1300 1956 1404 1992 poeta
1430 1956 1619 1993 utrumque
1650 1949 1843 1995 alloquere·

1169 2008 1236 2033 tur.
1256 1999 1398 2033 Judicet
1418 2001 1540 2034 lector.
1564 2001 1630 2034 En.

1227 2066 1257 2087 1.
1278 2052 1355 2086 Ald.
1389 2053 1491 2086 Junt.
1517 2053 1634 2087 Colin.
1656 2053 1730 2087 aliae
1755 2063 1840 2090 vett.

1171 2106 1306 2139 Flacilla
1335 2106 1477 2139 habent.
1496 2127 1548 2132 —
1562 2107 1657 2139 Hanc
1678 2107 1754 2147 tibi,
1775 2116 1838 2141 etc.

1167 2159 1314 2192 Erotion
1336 2159 1486 2204 puellam
1506 2171 1691 2193 sexennem
1717 2160 1839 2194 imma·

1168 2219 1246 2244 turo
1256 2212 1457 2245 exstinctam
1468 2212 1552 2250 fato,
1562 2212 1667 2245 filiam
1677 2221 1838 2255 vestram,

1166 2277 1187 2296 o
1210 2264 1341 2297 Fronto
1361 2273 1393 2297 et
1419 2265 1595 2304 Flaccilla,
1617 2265 1706 2298 servi
1723 2291 1732 2305 ,
1751 2265 1836 2300 dum

1164 2318 1340 2354 viveretis,
1357 2318 1437 2358 mci,
1449 2318 1628 2350 vernulam
1647 2327 1680 2352 et
1695 2318 1835 2353 delicias

1164 2383 1255 2403 meas
1283 2370 1381 2403 vobis
1406 2369 1613 2403 commendo
1630 2396 1639 2411 ‚
1674 2379 1712 2404 ut
1743 2372 1833 2406 exci-

1162 2424 1262 2469 piatis
1275 2423 1462 2456 animulam
1475 2425 1547 2467 ejus
1560 2449 1568 2463 ‚
1578 2422 1834 2469 deductumque

1161 2475 1354 2509 defendatis
1377 2489 1393 2509 a
1416 2476 1517 2508 larvis
1538 2476 1622 2518 illis,
1641 2477 1805 2510 monstris
1823 2504 1832 2519 ,

1159 2530 1420 2575 terrorilmsquc
1437 2529 1579 2576 Stygiis,
1595 2529 1819 2563 Cerberotri-

1158 2583 1245 2616 sinici
1260 2607 1269 2621 ,
1295 2581 1546 2615 1⁴311m1=nidilnns
1561 2606 1571 2621 ‚
1593 2590 1656 2614 etc.
1679 2583 1795 2617 Rode-r.

1212 2650 1243 2667 Ἰ.
1257 2636 1374 2667 (hu-ula
1396 2648 1473 2667 mea.
1496 2635 1646 2667 Puellam
1667 2635 1753 2668 mihi
1774 2648 1828 2669 ca-
