1978 3305
434 240 1016 285 EPIGRAMMATUM
1060 243 1184 285 LlB.
1226 245 1279 284 V.
1432 243 1444 251 ”
1503 260 1552 287 21

778 393 945 448 XIV.

671 543 734 570 DE
775 524 1062 571 NANNE10.*

302 661 480 705 SEDERE
509 661 648 720 primo
671 659 823 704 solitus
847 662 888 703 in
913 661 1051 721 gradu
1077 678 1268 723 semper,

299 731 421 774 Tunc
447 745 580 790 quum
612 728 759 774 liceret
788 745 1030 791 occupare,
1057 731 1308 781 Nanneius;

300 801 370 844 Bis
396 800 605 844 excitatus
635 809 786 861 terque
811 799 1028 845 transtulit
1053 811 1191 845 castra
1207 838 1217 855 ‚

299 871 358 913 Et
386 871 497 914 inter
522 871 634 931 ipsas
659 887 780 932 paene
806 872 960 915 tertius
992 870 1113 915 sellas

299 941 402 984 Post
429 941 669 1002 Gaiumque
695 941 966 1002 Luciumque
997 942 1203 985 consedit.

300 1008 423 1055 lllinc
449 1010 621 1055 cucullo
646 1012 854 1072 prospicit
880 1021 1013 1072 caput
1039 1021 1200 1067 tectus,

301 1080 528 1142 Oculoque
551 1081 675 1126 ludos
697 1092 865 1143 spectat
886 1081 1088 1126 indecens
1115 1098 1215 1126 uno.

300 1151 357 1194 Et
381 1151 483 1195 hinc
510 1154 639 1196 miser
661 1151 852 1212 dejectus
879 1153 922 1196 in
949 1152 1065 1195 viam
1090 1154 1268 1206 transit,

215 1284 228 1296 '
243 1289 438 1323 Venustum
458 1301 539 1323 saue
559 1298 593 1323 et
612 1291 748 1335 elegans
764 1290 834 1335 epi-

161 1352 331 1385 gramma,
345 1351 378 1376 et
393 1355 531 1376 summo
542 1344 660 1389 lepore
672 1343 831 1376 tinctum.

162 1393 194 1426 N
197 1395 360 1428 anneium
378 1395 450 1429 scil.
470 1396 611 1430 solitum
625 1403 705 1429 ante
718 1396 835 1428 Domi-

163 1445 250 1479 tiani
263 1446 415 1481 edictum
430 1448 551 1482 sedere
571 1449 663 1482 iuter
684 1449 833 1494 equites,

163 1506 197 1531 et
229 1499 372 1545 quidem
407 1501 443 1534 in
470 1501 685 1547 equestrium
719 1501 834 1547 primo

161 1551 289 1596 gradu,
312 1553 372 1599 qui
395 1553 439 1586 ad
460 1554 693 1591 orchestram,
710 1554 773 1586 ubi
788 1566 837 1587 se·

164 1612 301 1638 natores
327 1617 334 1639 :
358 1605 417 1639 sed
447 1607 600 1652 agnitum
635 1615 669 1640 et
695 1606 835 1652 pulsum

164 1657 345 1702 aliquoties
380 1672 397 1692 a
434 1658 650 1705 designatore
691 1659 812 1692 Lectio
829 1685 838 1701 ,

163 1710 324 1744 transisse
351 1711 491 1745 tandem
521 1711 564 1745 ad
588 1724 759 1746 summam
786 1724 839 1745 ca-

164 1775 261 1796 veam
273 1789 282 1804 ‚
307 1772 340 1797 et
357 1773 526 1810 spectasse
546 1765 638 1798 inter
653 1765 790 1810 plebem
804 1772 838 1797 et

164 1815 326 1860 pullatos.
346 1817 430 1850 Rad.

216 1890 268 1895 —
281 1870 332 1902 De
348 1870 498 1902 llIanneio
510 1870 635 1903 lemma
647 1878 697 1903 est
707 1869 742 1902 in
757 1867 836 1902 edd.

165 1929 246 1955 vett.

221 1986 254 2007 2.
283 1975 371 2007 Tunc
389 1988 481 2021 quum
501 1975 625 2007 licebat.
642 1973 719 2007 Ald.
738 1975 837 2007 Junt.

167 2026 280 2060 Colin.
300 2027 436 2073 Gryph.
455 2036 519 2062 etc.
535 2049 586 2054 —-
602 2027 706 2072 Quum
723 2027 837 2060 liceret.

167 2079 259 2112 Ante
269 2079 381 2124 legem
393 2080 596 2114 theatralem
609 2093 628 2114 a
638 2080 840 2113 Domitiano

166 2140 383 2174 revocatam,
411 2145 478 2178 qua
500 2133 598 2178 plebs
626 2133 669 2166 ab
697 2132 836 2178 equite,

167 2196 272 2234 eques
299 2198 317 2218 a
347 2194 506 2220 senatore
534 2193 774 2219 secerneretur
804 2186 841 2218 in

168 2237 305 2272 theatro
320 2264 330 2280 ,
350 2238 453 2284 primi
475 2238 697 2272 advenientes
713 2238 842 2272 subsel-

168 2289 214 2323 lia
234 2291 348 2335 prima
375 2292 603 2337 occupabant.

224 2342 260 2376 3.
288 2344 465 2376 Transtulit
488 2352 602 2377 castra.
630 2345 660 2376 A
684 2343 842 2389 designa-

170 2404 245 2428 tore
283 2395 330 2428 bis
363 2404 467 2441 terque
496 2400 648 2430 excitatus
661 2423 670 2437 ‚
704 2406 841 2431 coactus

169 2456 220 2482 est
249 2448 369 2482 sellam
401 2461 498 2482 suam
524 2450 560 2482 iu
591 2451 708 2483 locum
729 2462 843 2483 remo-

169 2500 295 2534 tiorem
321 2502 364 2534 ab
391 2502 548 2547 equitum
570 2503 646 2536 loco
672 2501 715 2535 ad
735 2503 845 2547 plebis

170 2552 291 2588 sedilia
330 2554 515 2588 transferre
541 2567 548 2587 :
572 2564 606 2588 et
636 2555 703 2588 hoc
732 2555 840 2588 facete

170 2605 273 2647 dicit,
294 2610 460 2650 transferre
481 2615 584 2640 castr-u
598 2634 606 2647 ,
626 2616 663 2641 ut
682 2620 842 2641 sermone

172 2659 331 2693 familiari
351 2659 499 2695 dicimus
512 2685 521 2701 ‚
543 2661 714 2705 de'camper.
737 2660 842 2694 Sellas

893 1297 1005 1323 autern
1024 1291 1059 1322 'm
1076 1290 1250 1324 theatrum
1267 1291 1398 1324 inferre
1414 1291 1568 1325 solebant

894 1342 1058 1376 Romani.
1081 1343 1149 1376 En,

949 1395 966 1428 5
974 1421 981 1428 .
993 1395 1075 1428 Post
1086 1395 1199 1430 Caium
1212 1397 1410 1441 Luciumque.
1425 1396 1569 1441 Equites

893 1448 966 1481 scil.
999 1448 1164 1482 Posuerat
1195 1449 1312 1483 sellam
1343 1459 1440 1482 suam
1473 1449 1567 1482 Nan-

894 1500 993 1533 neius
1022 1501 1057 1533 in
1087 1501 1170 1546 ipsis
1200 1502 1291 1535 forte
1316 1501 1503 1546 gradibus,
1527 1513 1569 1534 ex

895 1565 964 1598 quo
988 1553 1065 1587 loco
1082 1574 1091 1591 ‚
1115 1553 1196 1588 licet
1220 1562 1330 1587 tectus
1353 1554 1491 1587 cucullo
1505 1579 1514 1594 ,
1534 1562 1568 1586 et

895 1605 951 1638 vix
974 1618 1046 1638 uno
1069 1607 1171 1639 oculo
1195 1606 1296 1640 ludos
1317 1613 1474 1651 spectans
1489 1632 1498 1647 ,
1515 1606 1569 1638 ni-

896 1657 1086 1691 hilominus
1129 1659 1262 1704 agnitus
1301 1671 1318 1692 a
1351 1658 1570 1704 designatore

897 1710 962 1744 fuit
981 1711 1156 1756 expulsus.
1174 1713 1225 1745 De
1237 1711 1328 1745 sellis
1341 1711 1377 1744 in
1394 1711 1569 1745 theatrum

896 1763 1006 1797 allatis
1032 1763 1218 1798 Suetonius
1239 1764 1275 1797 in
1305 1764 1465 1805 Nerone,
1491 1775 1567 1809 cap.

899 1818 958 1849 26.
986 1816 1148 1861 Lipsius,
1180 1829 1253 1862 cap.
1282 1816 1346 1854 13,
1371 1815 1414 1850 de
1435 1816 1570 1862 amphi-

898 1868 1034 1902 theatro
1060 1867 1215 1910 dubitat,
1233 1881 1275 1902 an
1300 1870 1349 1902 sic
1376 1869 1570 1914 intelligen-

898 1919 963 1954 dus
975 1921 1019 1955 sit
1032 1921 1091 1955 hic
1106 1934 1224 1956 versus
1238 1948 1245 1962 ,
1265 1933 1308 1954 an
1324 1922 1415 1955 sellae
1432 1933 1572 1955 sumen—

899 1972 951 2007 dae
961 1986 1025 2019 pro
1039 1974 1209 2008 subselliis
1221 1973 1391 2020 graduum
1404 1974 1571 2020 ipsorum.

900 2027 1023 2061 —Hie
1036 2039 1154 2060 versus
1165 2027 1201 2060 in
1214 2039 1310 2060 omn.
1319 2026 1372 2060 ed.
1385 2025 1570 2060 claudicat.

953 2081 986 2113 6.
1005 2079 1148 2113 Cucullo.
1162 2079 1244 2113 Vid.
1260 2081 1296 2120 Ι,
1319 2092 1373 2124 ep.
1389 2090 1488 2112 nvn
1501 2103 1509 2114 ‚
1536 2079 1570 2112 5.

955 2145 989 2177 7.
1008 2133 1170 2177 Oculoque
1188 2145 1260 2165 uno.
1278 2134 1330 2165 An
1351 2132 1430 2176 quia
1448 2132 1575 2172 luscus,

900 2196 944 2218 an
961 2185 1041 2231 quia
1053 2185 1099 2218 ita
1112 2184 1251 2218 sedebat
1261 2211 1269 2225 ‚
1283 2194 1320 2218 ut
1336 2183 1476 2217 nonnisi
1489 2183 1576 2217 obli-

901 2250 968 2283 que
995 2245 1151 2284 spectare
1172 2237 1313 2283 posset?
1337 2234 1453 2270 Credo
1479 2236 1575 2282 quod

901 2291 1011 2325 altero
1039 2299 1174 2324 tantum
1203 2290 1305 2323 oculo
1333 2289 1550 2334 prospiceret
1566 2314 1575 2329 ,

902 2344 1040 2377 cucullo
1071 2343 1268 2376 obvolutus·
1286 2363 1339 2368 -—
1359 2340 1440 2375 Vid.
1460 2350 1494 2375 et
1517 2341 1576 2374 Li-

903 2396 1017 2442 psiu5‚
1035 2395 1078 2429 de
1098 2395 1370 2439 amphitheatro,
1389 2394 1503 2439 capite
1524 2394 1572 2427 ci-

905 2457 987 2482 tato.
1006 2449 1061 2481 Sic
1077 2447 1210 2492 positus
1227 2447 1318 2481 inter
1338 2446 1426 2480 duos
1441 2447 1577 2492 equites

907 2501 1078 2547 Gaiumque
1106 2501 1315 2545 Luciumque,
1339 2513 1430 2544 pone
1462 2507 1576 2532 tamen

903 2554 980 2588 illos
992 2580 1000 2595 ‚
1017 2554 1158 2587 tertium
1174 2562 1208 2587 et
1222 2551 1378 2586 medium
1391 2551 1577 2597 quemdam

901 2608 1018 2641 locum
1037 2607 1197 2640 obtinere
1214 2605 1409 2639 videbatur.
1422 2606 1487 2638 Ευ.

957 2662 990 2693 8.
1008 2660 1155 2703 Dcy'ectus
1179 2662 1208 2692 in
1228 2662 1325 2691 vium.
1350 2659 1576 2691 vocabantur

1289 2720 1339 2772 23
