1978 3305
416 239 1000 283 EPIGRAMMATUM
1037 239 1163 283 LIB.
1203 240 1255 281 V.

1485 237 1548 293 43

201 328 271 372 Bis
298 336 476 389 septena
504 326 581 371 tibi
610 343 699 372 non
727 337 829 372 sunt
856 325 1058 371 subsellia
1085 326 1218 381 tanti,

270 399 334 442 Ut
356 397 506 442 sedeas
527 398 622 442 viso
644 396 830 459 pallidus
852 398 1044 442 Oceano.

129 542 194 576 per
209 528 355 576 quidem
374 537 475 564 natus
493 528 539 564 sis
554 537 654 576 patre
669 529 788 575 equite
798 554 808 571 ‚

129 591 247 617 tamen
277 581 476 628 designator
514 582 741 617 inexorabilis
772 589 808 615 te

129 636 308 670 suscitabit
319 633 589 682 quatuordecim
605 633 780 680 gradibus.

186 688 220 723 3.
243 688 304 722 Bis
327 696 440 734 septem
469 687 527 720 tibi
545 689 617 733 jam
644 700 707 720 non
736 686 809 720 edi·

131 741 183 775 tio
200 741 311 786 antiq.
333 741 468 779 Ferrar.
489 740 573 773 anni
592 743 706 785 14713
726 738 807 773 Ald.

130 795 152 827 J
155 803 229 828 unt.
250 793 365 827 Colin.
388 793 527 839 Gryph.
543 791 724 828 Calderin.
739 800 806 826 etc.

131 847 191 880 Bis
210 854 337 892 septena
356 846 414 878 tibi
433 858 495 879 non
512 847 578 878 sint
599 844 809 879 Beverlandi

130 899 208 933 MS.
228 907 265 933 et
289 899 338 932 sic
364 907 416 933 est
435 898 472 932 in
495 897 619 933 codice
636 898 808 932 Palatino.

130 952 209 986 Hoc
230 951 408 985 distichon
434 951 700 997 interrogatorie
724 950 810 996 legit

131 1005 342 1044 Famabius,
368 1005 589 1050 improbante
611 1004 809 1038 Gronovio.

131 1058 254 1091 —Bis
279 1065 415 1103 septena.
444 1058 528 1091 Non
552 1057 696 1091 aestimas
720 1057 810 1091 tanti

131 1110 401 1157 quatuordecim
429 1109 615 1152 subsellia,
649 1118 690 1144 ut
722 1122 810 1156 pau·

130 1163 276 1210 pertatis
297 1163 460 1198 conscius
482 1163 519 1196 in
541 1163 583 1197 iis
604 1162 727 1197 sedere
749 1175 809 1197 au-

131 1215 214 1250 deas
238 1217 314 1250 viso
336 1216 477 1250 Oceano
505 1215 746 1262 designatore,
766 1215 810 1250 de

131 1281 202 1314 quo
218 1269 282 1303 lib.
293 1269 348 1307 111
359 1295 369 1311 ‚
385 1269 496 1316 epigr.
510 1281 588 1311 xcv3
601 1277 636 1303 et
647 1277 812 1315 quatuor-

132 1320 246 1356 decim
265 1320 434 1368 gradibus
450 1322 528 1355 fuse
545 1320 680 1356 dictum
697 1322 809 1368 epigr.

132 1387 204 1409 v111
232 1383 267 1409 et
290 1387 352 1409 nv
379 1387 487 1420 supra
510 1395 563 1402 —
592 1375 649 1408 Bis
673 1383 810 1421 septena.

131 1428 225 1462 Male
253 1427 447 1461 Farnabius
464 1428 740 1474 interrogantem
760 1428 810 1462 fa-

131 1481 180 1514 cit
195 1481 391 1514 Martialem
407 1492 415 1514 :
431 1481 503 1515 Cur
519 1489 635 1514 autem
653 1480 741 1514 adeo
754 1480 814 1515 de-

130 1534 269 1568 lectaris
279 1532 361 1568 sede
374 1534 527 1579 equestri
540 1534 633 1567 intra
646 1542 812 1579 quatuor-

131 1585 247 1621 decim
262 1586 405 1620 ordines
420 1611 430 1629 ,
449 1595 515 1620 etc.
532 1587 647 1620 Immo
666 1587 810 1621 Martia-

130 1639 174 1673 lis
192 1640 288 1673 ultro
304 1638 425 1674 laudat
444 1640 542 1673 hunc
560 1652 688 1681 suum,
712 1639 811 1686 quod

132 1691 215 1727 sede
241 1692 395 1739 equestri
424 1692 612 1733 abstineat,
637 1700 672 1726 et
696 1705 811 1739 quum

131 1745 258 1780 habeat
284 1745 428 1787 omnia,
452 1758 529 1791 quae
556 1744 682 1779 decent
710 1746 810 1792 equi-

132 1807 202 1832 tem
217 1825 226 1841 ,
245 1806 371 1844 praeter
385 1810 546 1837 censum,
562 1799 682 1832 volens
695 1798 809 1832 hono-

132 1863 170 1886 re
189 1850 277 1886 sedis
291 1858 425 1895 careat,
442 1864 507 1886 nec
525 1851 609 1887 velit
628 1851 809 1886 Oceanum

865 529 1071 564 Lectiumve
1092 527 1239 570 timere3
1261 538 1359 561 secus
1378 538 1417 560 ac
1445 526 1550 560 multi

866 581 1040 616 faciebant
1051 607 1060 624 ‚
1079 593 1152 614 non
1169 579 1276 615 modo
1293 592 1400 614 censu
1411 605 1420 621 ,
1437 578 1497 613 sed
1514 588 1551 613 et

870 634 1038 680 ingenio,
1063 633 1292 680 moribusque
1317 641 1352 667 et
1372 631 1496 666 studiis
1517 641 1552 666 et

866 698 994 732 genere
1011 687 1165 733 equestri
1184 685 1353 720 destituti.
1374 685 1551 719 Gruterus

867 748 985 773 autem
999 747 1099 773 notat
1114 739 1152 773 in
1167 739 1422 785 posterioribus
1437 737 1529 771 notis
1540 763 1551 779 ‚

867 792 940 826 Pal.
954 792 1082 836 habere
1096 794 1171 832 sint,
1188 791 1285 837 quod
1301 792 1329 825 si
1342 791 1547 836 recipimus,

867 845 985 890 aliquo
1006 844 1113 879 modo
1135 844 1277 878 tolerari
1308 845 1414 877 altera
1439 843 1549 877 inter-

867 897 1019 944 pretatio
1040 905 1171 943 potest.
1192 897 1400 932 G1=0nov.—
1420 897 1480 929 Bis
1497 909 1547 929 se-

863 958 973 996 ptena,
990 959 1054 985 etc.
1076 951 1157 984 Non
1176 950 1283 996 igitur
1297 948 1384 983 adeo
1401 948 1551 982 delecta-

867 1004 915 1038 ris
925 1003 1006 1037 sede
1017 1003 1170 1050 equestri
1181 1003 1272 1037 intra
1278 1000 1550 1048 quatuordecim

867 1056 993 1103 gradus
1002 1083 1012 1098 ,
1026 1065 1066 1091 ut
1082 1069 1170 1102 opus
1182 1056 1309 1090 habeas
1322 1055 1446 1089 timere
1461 1053 1551 1088 desi-

867 1117 1061 1156 gnatorem.
1076 1108 1162 1143 Vid.
1180 1122 1279 1155 supr.
1299 1109 1407 1154 epigr.
1424 1119 1496 1140 vnt
1516 1115 1551 1141 et

867 1175 945 1196 ΧΠ.
966 1184 1020 1189 -
1046 1163 1106 1196 Bis
1131 1171 1245 1207 septem
1270 1161 1430 1194 subsellia.
1456 1160 1550 1193 Male

868 1216 1034 1249 nonnulli
1051 1215 1200 1248 subsellia
1217 1215 1277 1249 hic
1293 1213 1469 1259 accipiunt
1482 1225 1548 1258 pro

872 1268 1019 1302 scamnis
1039 1268 1076 1302 in
1094 1280 1224 1302 cuneos
1239 1276 1273 1301 et
1293 1266 1420 1313 gradus
1436 1266 1550 1299 illatis.

869 1321 960 1367 Ergo
970 1322 1016 1354 bis
1026 1330 1140 1366 septem
1149 1321 1296 1354 subsellia
1308 1319 1461 1365 appellat
1471 1331 1552 1365 pro-

868 1374 948 1420 prie
971 1373 1238 1420 quatuordecim
1275 1372 1418 1408 ordines
1451 1371 1551 1418 equi-

869 1435 965 1467 tum,
992 1427 1065 1461 sive
1095 1425 1361 1473 quatuordecim
1396 1424 1550 1471 gradus;

869 1492 949 1514 nam
976 1480 1013 1514 in
1033 1479 1199 1527 gradibus
1221 1479 1383 1514 subsellia
1404 1490 1549 1523 compo-

868 1534 1064 1575 nebantur,
1095 1541 1135 1567 ut
1163 1533 1211 1567 ait
1225 1532 1421 1566 Vitruvius.
1459 1532 1550 1564 Item

871 1586 1141 1632 quatuordecim
1167 1586 1374 1633 simpliciter
1394 1584 1468 1618 sine
1487 1582 1549 1617 ad-

868 1640 1034 1686 jectione.
1054 1639 1192 1673 Herald.

927 1697 961 1733 4.
981 1693 1061 1725 Viso
1072 1692 1214 1738 pallidus
1232 1692 1371 1726 Oceano.
1393 1688 1549 1724 Pallidus

870 1754 966 1779 metu
980 1758 1024 1779 ne
1041 1746 1202 1779 Oceanus
1217 1744 1417 1791 designator
1434 1744 1550 1789 ipsum

870 1799 985 1844 ejiciat
1011 1798 1277 1844 quatuordecim
1304 1797 1491 1839 subselliis,
1513 1803 1548 1829 et

870 1864 950 1886 cum
971 1852 1075 1898 plebe
1091 1852 1232 1898 releget.

680 2001 998 2058 XXVIII.

453 2154 521 2182 AD
559 2153 780 2194 AULUM,
817 2155 883 2183 DE
922 2132 1235 2182 MAMERCQ*

273 2273 346 2316 UT
377 2272 487 2316 bene
515 2271 739 2333 loquatur,
765 2273 1008 2333 sentiatque
1032 2273 1305 2324 Mamercus,

274 2342 462 2386 Efficere
488 2342 638 2399 nullis,
662 2342 794 2400 Aule,
815 2343 1010 2388 moribus
1038 2343 1202 2404 possis;

186 2457 201 2471 ¹
215 2461 274 2495 Ad
287 2461 409 2495 Aulum
424 2461 539 2496 codex
554 2462 754 2497 Pulmanni.
772 2464 812 2497 In

133 2514 328 2549 Mamercum
346 2514 428 2548 edd.
446 2522 529 2548 vett.

193 2580 224 2601 1.
243 2567 436 2613 Sentiatque.
453 2569 484 2600 A
499 2580 649 2613 persona
664 2568 812 2602 Mamer-

135 2621 167 2653 ci
193 2619 374 2667 cujusdam
400 2620 562 2655 maledici
593 2622 810 2655 occasionem

135 2682 251 2719 captat
270 2672 440 2708 laudandi
468 2674 605 2708 nobiles
634 2675 810 2708 Romano—

135 2739 214 2761 rum
234 2727 381 2762 familias
393 2753 401 2768 ,
421 2740 569 2773 quarum
587 2727 714 2774 cuique
731 2741 810 2773 pro-

871 2463 985 2508 priam
1019 2461 1194 2509 quandam
1228 2462 1392 2497 virtutem
1425 2461 1548 2496 tribuit

875 2516 994 2550 Poeta.

927 2582 958 2602 2.
980 2569 1077 2602 Aule.
1099 2569 1178 2602 Lib.
1207 2569 1259 2602 IX
1273 2595 1281 2610 ‚
1301 2569 1411 2614 epigr.
1433 2580 1544 2601 Lxxu.

871 2644 922 2649 ——
935 2621 1064 2661 Nullis;
1080 2634 1125 2655 ne
1144 2622 1377 2667 integerrimis
1404 2620 1546 2667 quidem

871 2684 907 2708 et
922 2675 1083 2720 optimis:
1102 2674 1138 2708 id
1155 2684 1221 2717 est,
1233 2675 1313 2709 licet
1330 2675 1488 2709 moribus
1503 2674 1546 2707 sis

870 2728 1087 2767 castissimis,
1112 2727 1155 2763 dc
1186 2737 1218 2763 te
1249 2736 1364 2762 tamen
1390 2727 1550 2762 detrahet
