1978 3305
371 225 952 269 EPIGRAMMATUM
990 225 1112 267 LIB.
1152 225 1205 267 V.

1424 222 1488 284 95

639 388 938 443 LXXIV.

429 544 496 571 DE
536 542 792 571 POMPEIO
832 542 895 569 ET
935 520 1157 570 F1L11s.*

162 667 398 711 POMPEtos
423 665 604 725 juvenes
634 662 733 706 Asia
764 671 893 722 atque
918 663 1119 723 Europa,
1145 663 1220 707 sed
1245 665 1385 724 ipsum

230 738 363 779 Terra
389 735 496 795 tegit
520 733 699 794 Libyes;
728 733 762 776 si
789 742 936 776 tamen
964 731 1052 775 ulla
1080 734 1200 793 tegit.

159 805 280 862 Quid
307 806 467 848 mirum
491 813 586 847 toto
611 803 645 847 si
670 803 889 864 spargitur
914 801 1046 846 orbe?
1065 802 1209 862 jacere

229 877 333 920 Uno
360 892 450 919 non
479 883 652 936 poterat
675 882 796 917 tanta
821 874 948 916 ruina
973 872 1083 917 loco.

141 1012 158 1027 *
171 1014 285 1059 Hujus
295 1012 563 1059 Epigrammatis
576 1013 762 1046 lectionem

89 1080 162 1101 non
188 1067 324 1101 variant
353 1065 563 1112 exemplaria
579 1092 588 1107 ,
610 1073 668 1099 aut
690 1078 762 1098 ma-

90 1120 268 1166 nuscripta
283 1146 292 1161 ,
311 1127 371 1153 aut
392 1119 485 1165 typis
508 1131 642 1152 excusa.

147 1185 179 1206 1.
201 1174 387 1217 Pompeios,
409 1180 474 1205 etc.
500 1171 630 1205 Cneius
658 1171 762 1203 Pom·

90 1225 162 1271 peii
179 1226 298 1270 Magni
316 1225 411 1258 filius
439 1224 571 1258 interiit
595 1224 632 1257 in
650 1224 762 1256 Euro-

89 1290 134 1323 pa
149 1304 158 1317 ‚
185 1278 298 1311 victus
323 1290 341 1310 a
366 1278 500 1311 Caesare
524 1275 568 1310 ad
586 1275 762 1309 Mundam

90 1331 126 1363 in
145 1330 314 1376 Hispania
331 1342 338 1363 ζ
363 1330 487 1363 Sextus
508 1329 612 1375 periit
630 1342 648 1363 a
668 1328 763 1362 mili—

88 1383 181 1416 tibus
198 1382 408 1416 Antonianis
425 1383 638 1428 interceptus
650 1381 763 1415 Mileti

88 1436 125 1469 in
146 1436 237 1469 Asia.
266 1458 319 1463 —
343 1435 410 1469 Sed
428 1439 544 1480 ipsum,
567 1443 630 1468 etc.
658 1435 763 1468 Pom-

89 1488 188 1533 peius
207 1489 359 1534 Magnus
375 1489 507 1521 occisus
518 1513 528 1529 a
546 1496 587 1521 ut
601 1487 663 1521 lib.
683 1488 738 1520 ΠΙ
753 1513 762 1529 ,

91 1542 201 1587 epigr.
233 1554 314 1583 miv,
343 1554 392 1575 vs.
429 1554 442 1574 1
457 1567 466 1582 ‚
496 1541 532 1573 in
560 1540 671 1586 Libya
701 1553 762 1574 seu

87 1594 227 1634 Africa,
255 1593 300 1628 ad
326 1593 502 1627 Pelusium
529 1593 602 1627 Nili
634 1593 763 1627 ostium

88 1647 246 1692 sepultus
265 1656 326 1680 est.
345 1646 469 1679 Strabo
481 1674 490 1688 ‚
513 1647 573 1680 lib.
596 1647 684 1680 XVI
698 1672 708 1688 ,
726 1647 762 1679 in

88 1707 210 1733 monte
231 1700 348 1733 Cassio
368 1700 543 1744 sepultum
566 1700 682 1733 refert.

144 1765 176 1786 2.
186 1751 224 1786 Si
237 1760 339 1785 tamen
350 1753 416 1785 ulla
430 1755 516 1798 tegit.
531 1753 655 1798 Neque
669 1751 763 1785 enim

90 1812 229 1838 constat
248 1817 291 1838 an
311 1806 468 1851 sepultus
487 1805 603 1839 fuerit.
628 1822 642 1834 α
666 1806 764 1838 Jacet

90 1857 210 1902 iugens
228 1858 332 1892 litore
348 1867 530 1899 truncum,
546 1857 635 1891 dixit
645 1857 763 1903 Virgi-

87 1909 152 1943 lius
171 1909 214 1944 de
229 1911 368 1945 Priamo
381 1937 390 1953 ,
410 1910 469 1946 sed
491 1911 642 1957 respexit
656 1911 761 1944 Pom-

821 1012 1049 1057 peium,lEn.
1060 1012 1107 1053 H,
1122 1012 1193 1057 557
1207 1023 1215 1045 x
1227 1020 1260 1045 et
1272 1011 1371 1053 illud,
1387 1013 1495 1046 -Mar-

820 1077 940 1098 moreo
961 1065 997 1097 in
1017 1065 1153 1098 tumulo
1174 1065 1316 1098 Licinus
1331 1066 1442 1110 jacet,
1457 1075 1490 1099 at

821 1118 907 1151 Cato
928 1129 1055 1162 parvo,
1073 1118 1258 1163 Pompeius
1276 1118 1384 1151 nullo.
1404 1119 1491 1160 Quis

823 1179 923 1215 putat
941 1183 1012 1203 esse
1032 1169 1138 1203 deos?
1157 1188 1170 1199 n

877 1223 908 1256 3.
946 1224 1026 1256 Toto
1056 1226 1085 1255 ,ςί
1113 1225 1276 1267 spargitur
1305 1224 1389 1256 orbe.
1422 1224 1489 1256 Per

825 1284 893 1309 tres
920 1276 1014 1309 orbis
1042 1283 1156 1322 partes
1175 1288 1252 1321 quae
1270 1284 1363 1309 notae
1375 1303 1384 1318 ‚
1403 1289 1493 1309 non-

822 1327 907 1361 dum
920 1329 1059 1362 iuventa
1070 1329 1241 1363 Amerina.
1251 1330 1302 1362 De
1313 1329 1368 1362 his
1379 1337 1494 1362 autern

822 1382 933 1414 tribus
963 1382 1119 1427 partibus
1148 1382 1336 1428 Pompeius
1371 1382 1495 1416 triurn-

820 1435 963 1480 pbarat:
980 1435 1047 1468 «Et
1060 1434 1156 1480 quasi
1173 1447 1243 1468 non
1264 1444 1380 1480 posset
1393 1435 1494 1468 tellus

821 1495 873 1520 tot
901 1488 994 1520 ferre
1022 1488 1179 1534 sepujcra
1196 1513 1205 1529 ‚
1235 1488 1363 1521 Divisit
1405 1488 1496 1521 cine-

821 1552 874 1573 res
890 1558 903 1569 ›-
923 1552 930 1573 :
945 1540 1131 1573 Petronius
1146 1548 1245 1573 antea
1258 1565 1268 1580 ‚
1288 1539 1332 1574 de
1352 1541 1474 1575 Crasso
1485 1568 1493 1581 ‚

820 1593 989 1639 Pompeio
1001 1618 1010 1634 ,
1031 1602 1064 1626 et
1079 1594 1152 1626 Jul.
1170 1593 1315 1627 Caesare.

878 1649 916 1686 4.
942 1647 1012 1679 Cno
1041 1647 1120 1679 loco.
1147 1647 1248 1679 Unus
1281 1647 1402 1686 locus,
1425 1659 1494 1679 uua

822 1699 1021 1745 provincia,
1047 1712 1127 1744 pars
1147 1699 1249 1732 etiam
1277 1698 1403 1732 mundi
1424 1707 1494 1732 tota

821 1764 893 1784 non
920 1764 1026 1798 capax
1046 1760 1119 1785 erat
1142 1760 1245 1785 tantae
1274 1753 1398 1785 ruinae.
1420 1752 1494 1784 No-

821 1804 892 1838 bile
914 1805 1073 1850 Pompeii
1100 1813 1133 1837 et
1159 1806 1317 1838 filiorum
1343 1804 1491 1850 elogium

820 1857 1045 1904 hyperbolice
1065 1856 1209 1903 quidem
1222 1885 1230 1901 ‚
1254 1867 1368 1892 tamen
1390 1857 1494 1903 digno

820 1911 1083 1945 concinnatum.
1100 1911 1166 1944 En.
1267 1916 1270 1917 ’

662 2055 914 2111 LXXV.

590 2225 660 2252 AD
707 2222 989 2260 QUINTUM.

157 2348 272 2404 QUAE
303 2346 407 2407 legis
432 2362 561 2390 causa
587 2347 734 2407 nupsit
760 2345 837 2390 tibi
860 2344 1015 2401 Laelia,
1037 2346 1228 2402 Quinte,

145 2498 176 2518 1.
206 2486 300 2529 Legis
320 2497 415 2517 cansa
441 2486 564 2528 nupsit,
587 2492 651 2517 etc.
678 2485 764 2525 Quae

85 2539 160 2583 lege
177 2547 211 2571 et
224 2539 302 2582 jure
316 2537 435 2582 nupsit
451 2549 458 2569 :
476 2535 535 2569 sed
553 2535 642 2569 ludit
659 2537 765 2570 Poeta

87 2603 197 2636 quum
214 2604 232 2624 a
251 2590 432 2623 notatione
448 2591 526 2634 legis
543 2598 575 2622 et
594 2590 741 2634 legitimae
753 2616 761 2629 ,

90 2652 165 2676 tum
188 2644 235 2677 ab
251 2643 476 2687 homonymia
497 2646 550 2674 τεῦ
571 2643 764 2686 legitimnum

824 2484 920 2529 quasi
940 2483 1049 2523 dicat,
1075 2483 1232 2519 adultera
1251 2486 1354 2520 Laelin
1374 2491 1488 2534 nupsit

824 2537 960 2578 Quinto
996 2538 1131 2570 moecho
1161 2550 1169 2570 :
1206 2538 1355 2585 ideoque
1395 2552 1487 2575 metu

824 2590 908 2635 legis
928 2590 1030 2624 Juliae
1055 2591 1090 2623 in
1112 2590 1288 2625 adulteros
1316 2593 1391 2627 latae
1412 2603 1445 2628 et
1473 2609 1488 2628 a

826 2643 1024 2677 Domitiano
1046 2654 1224 2679 revocatae.
1240 2645 1332 2679 Vide
1350 2647 1470 2680 lihw‘l
1483 2675 1491 2688 ,
