1978 3305
401 208 499 252 060
772 208 832 250 M.
859 208 999 250 VAL.
1038 207 1429 250 MARTIALIS

540 295 792 337 Formosam
824 309 1026 347 carnem,
1054 292 1215 353 Lydia,
1241 309 1329 336 non
1359 292 1525 336 faciem.

472 367 550 418 Est
574 365 658 417 ita,
685 364 720 407 si
747 373 916 419 taceas,
944 372 987 407 et
1013 364 1046 407 si
1073 373 1161 407 tam
1191 372 1312 406 muta
1343 361 1598 414 recumbas,

541 434 686 490 Quam
717 432 813 477 silet
842 435 887 476 in
912 450 1012 478 cera
1039 432 1212 489 vultus,
1241 442 1285 476 et
1314 434 1358 477 in
1383 431 1542 476 tabula.

471 503 555 548 Sed
571 504 739 564 quoties
759 503 969 564 loqueris,
989 519 1163 548 carnem
1181 519 1374 564 quoque,
1393 502 1551 563 Lydia,
1573 500 1739 562 perdis3
1796 522 1809 546 ε,

543 575 601 618 Et
631 589 708 618 sua
735 573 833 634 plus
863 572 994 630 nulli,
1023 589 1153 634 quam
1181 573 1259 617 tibi
1276 608 1288 628 ‚
1318 572 1467 633 lingua
1490 581 1631 617 nocet.

478 643 638 688 Audiat
662 643 795 688 aedilis
819 661 874 688 nc
904 653 947 688 te
964 679 975 699 ‚
1005 643 1236 705 videatque
1251 679 1262 700 ‚
1293 652 1475 697 cavet03

546 716 801 758 Portentum
832 724 922 770 est,
953 715 1122 775 quoties
1147 714 1280 775 coepit
1309 714 1453 774 imago
1483 711 1614 772 loqui.

407 852 549 898 quidem
575 861 625 886 est
648 852 884 886 obscoenitatis
915 851 1080 885 nonnihil
1139 851 1226 885 illud
1239 850 1458 897 lepidissimo
1468 850 1618 884 disticho
1628 849 1814 896 quodlibri

408 905 542 939 latitare
559 912 594 938 et
612 905 710 938 innui
730 905 766 938 in
785 905 891 938 citato
912 904 1080 950 epigram.
1140 905 1211 937 VII
1232 904 1469 950 penultimum
1491 912 1564 937 est:
1581 921 1594 933 ιι
1614 904 1720 936 Tacta
1741 903 1814 948 pla-

409 971 472 991 nec
487 971 550 1004 per
562 961 598 991 τὸ
616 965 697 990 tacet
708 985 717 998 ,
735 957 835 991 istius
849 957 1008 990 ultimam
1022 969 1082 990 vo-
1140 969 1212 998 ces3
1229 955 1347 990 audita
1366 957 1501 1002 places3
1517 957 1544 990 si
1560 968 1633 989 non
1654 954 1815 996 videare,

408 1023 483 1044 ceni
500 1036 509 1052 ,
529 1010 708 1044 silentium
736 1009 905 1044 duntaxat
922 1008 1081 1043 indicari.
1141 1010 1230 1043 Tota
1255 1010 1394 1055 places3
1424 1016 1571 1050 neutro,
1596 1008 1625 1042 si
1651 1007 1791 1042 videare
1806 1032 1816 1048 ‚

411 1066 454 1097 At
484 1064 660 1097 silentium
691 1062 886 1105 indicatur3
914 1070 949 1096 et
976 1062 1083 1107 magis
1142 1061 1381 1108 places.»Vid.
1397 1074 1473 1107 quae
1484 1061 1543 1095 hic
1557 1069 1737 1094 notantur.
1748 1061 1815 1094 En.

410 1115 552 1162 quidem
571 1128 676 1162 quam
693 1114 787 1149 aliud
804 1113 996 1161 quodlibet.
1013 1115 1081 1147 En.
1197 1127 1232 1159 7.
1262 1115 1398 1148 AEdilis.
1425 1114 1597 1160 Expiabat
1628 1121 1791 1159 portenta
1807 1139 1817 1155 ‚

467 1183 498 1202 2.
517 1169 651 1202 Carnem
670 1182 800 1215 quoque.
815 1169 904 1201 Nam
921 1167 1084 1212 injucun-
1144 1175 1179 1201 et
1191 1167 1375 1213 imaginem
1389 1167 1489 1213 loqui
1503 1175 1707 1212 portentum
1725 1174 1815 1200 erat:

411 1221 463 1255 dis
490 1231 594 1267 atque
617 1222 757 1255 insulsis
776 1221 844 1254 tuis
868 1220 1086 1255 sermonibus
1144 1219 1277 1254 idcirco
1302 1228 1417 1253 autem
1439 1219 1588 1265 Lydiam
1611 1227 1712 1253 vocat
1733 1219 1818 1252 ima-

411 1274 567 1320 corporis
581 1272 881 1320 pulchritudinem
899 1272 1085 1319 deturpas:
1144 1273 1280 1319 ginem,
1307 1271 1404 1318 quod
1430 1273 1580 1306 formosa
1605 1271 1746 1318 quidem
1767 1284 1818 1306 es-

410 1336 470 1361 aut
488 1327 692 1372 simpliciter
708 1326 862 1372 intellige
883 1325 1087 1360 deformita-
1147 1333 1214 1365 set,
1234 1324 1294 1359 sed
1309 1325 1514 1367 immobilis,
1530 1334 1632 1371 atque
1649 1325 1820 1358 illecebris

411 1388 481 1413 tem
509 1380 580 1413 oris
598 1379 720 1426 Lydiae
734 1405 744 1421 ‚
765 1379 851 1413 dum
871 1379 1086 1425 loqueretur.
1147 1387 1291 1413 careret.
1314 1380 1365 1412 De
1385 1377 1510 1412 AEdilis
1533 1378 1736 1412 muneribus
1757 1377 1818 1410 lib.

413 1433 567 1473 Caetera,
591 1433 808 1466 contrarium
837 1440 946 1466 exstat
978 1432 1086 1477 epigr.
1148 1432 1200 1473 V,
1221 1432 1329 1477 epigr.
1349 1444 1489 1465 Lxxxw.

1030 1564 1202 1622 CIII.

846 1721 917 1749 An
956 1719 1343 1750 SOPHRONlUM.
1366 1700 1384 1717 *

483 1853 645 1892 ΤΑΝΤΑ
667 1847 744 1890 tibi
769 1856 834 1891 est
856 1847 987 1890 animi
1010 1847 1205 1908 probitas
1227 1849 1423 1908 orisque,
1450 1847 1666 1908 Sophroni
1684 1883 1694 1898 ,

556 1919 617 1962 Ut
638 1919 771 1961 mirer
793 1917 887 1961 fieri
913 1927 954 1961 te
980 1919 1171 1978 potuisse
1196 1927 1378 1979 patrem.

491 2057 653 2120 Εὐγενὲς
681 2059 807 2108 οὕτως
831 2059 868 2101 κ’
895 2059 1082 2119 ἐγκρατὲς
1107 2060 1144 2101 ἐν
1169 2059 1253 2113 σοὶ,
1278 2059 1485 2118 Σωφρόνι’,
1509 2056 1621 2112 ἦθος,

556 2119 666 2172 (ἕστε
696 2146 743 2188 με
775 2123 983 2189 θαυμάζειν
1011 2134 1095 2179 πῶς
1123 2131 1289 2190 γενετῆρ
1322 2131 1505 2190 γέγονας.

471 2267 484 2280 “
504 2267 564 2302 Ad
587 2267 776 2313 Sophonium
805 2274 838 2300 et
866 2265 1006 2312 Sophoni
1034 2265 1088 2300 ed.
1209 2279 1239 2299 1.
1269 2267 1373 2300 Tanta
1403 2270 1500 2301 animi
1522 2268 1665 2313 probitas
1691 2270 1822 2316 orisque.

418 2321 593 2355 Sclirevel.
611 2342 662 2346 —
675 2321 720 2353 At
741 2319 863 2353 melius
883 2319 1090 2365 Soplzrom'um
1149 2320 1236 2353 Tam
1255 2319 1405 2365 pudicus
1421 2333 1540 2354 revera
1556 2334 1590 2354 es
1602 2346 1612 2360 ‚
1628 2330 1660 2355 et
1676 2330 1744 2355 tam
1759 2335 1824 2368 pu-

418 2383 453 2407 et
470 2375 626 2419 Sopltroni
638 2401 646 2413 ,
662 2385 773 2418 quum
790 2385 917 2406 nomen
934 2372 1001 2406 hoc
1015 2385 1090 2406 mo·
1149 2372 1269 2406 dicum
1290 2372 1422 2407 indicat
1444 2375 1569 2408 vultus.

417 2426 505 2460 desti
533 2435 565 2459 et
589 2427 695 2460 sancti
721 2426 785 2459 viri
814 2425 946 2459 indicet
971 2424 1090 2459 mode·
1205 2439 1239 2459 π.
1267 2426 1311 2459 Ut
1331 2429 1433 2461 mirer.
1456 2428 1506 2460 Te
1526 2427 1571 2461 ita
1587 2428 1738 2461 alienum
1755 2429 1823 2461 Ve-

418 2480 516 2512 stiam
530 2487 562 2512 et
576 2479 789 2513 sanctitatem
799 2491 808 2519 ;
820 2491 969 2523 namque
982 2491 1092 2523 graece
1152 2479 1224 2512 neri
1237 2505 1246 2519 ,
1261 2492 1334 2513 rem
1352 2480 1514 2513 habuisse
1533 2493 1611 2514 cum
1630 2493 1736 2514 uxore
1748 2506 1757 2517 ,
1773 2490 1823 2514 at-

419 2533 561 2576 σώφρων,
581 2531 766 2565 modestus.
1151 2544 1217 2576 que
1237 2544 1275 2565 ex
1296 2545 1334 2565 ea
1358 2533 1545 2578 suscepisse
1560 2534 1699 2567 liberos.
