1978 3305
384 236 969 280 EPIGRAMMATUM
1007 236 1131 279 LIB.
1172 235 1321 277 VIII.

1453 231 1540 286 341

212 322 406 368 Grandia
434 338 566 384 quam
593 322 741 367 decuit
768 322 903 368 latum
929 320 1146 367 venabula
1178 329 1356 382 pectus,

279 393 544 454 Quantaque
569 393 622 437 de
648 409 805 455 magna
834 393 991 455 gaudia
1014 402 1155 437 morte
1181 388 1298 435 tulit!

211 463 343 508 Unde
372 464 481 521 tuis,
502 464 662 525 Libye,
687 473 777 508 tam
803 463 906 508 felix
937 463 1072 525 gloria
1101 460 1259 523 sylvis?

283 535 318 577 A
341 533 527 595 Cybeles
555 534 769 595 numquid
789 543 970 578 venerat
990 533 1060 577 ille
1080 530 1223 593 jugis?

212 606 281 648 An
301 605 438 665 magis
463 604 681 649 Herculeo
696 640 707 660 ,
731 605 1014 659 Germanice,
1036 604 1151 647 misit
1173 603 1227 645 ab
1250 610 1367 645 astro

283 676 409 719 Hanc
434 674 512 718 tibi
535 673 602 717 vel
625 674 780 731 frater,
802 673 870 717 vel
892 683 1016 734 pater
1041 674 1132 733 ipse
1155 670 1322 716 feram?

215 796 312 842 Οἷον
338 798 393 841 ἐνὶ
417 799 565 842 πλατέϊ
591 801 718 858 ςέρνῳ
748 798 1006 858 χαλκόςομος
1036 797 1159 856 αἰχμὴ

284 855 486 929 Ιῗπρεπενῖ
516 865 580 911 οἷα
607 868 732 911 θανὼν
753 867 832 911 οἷον
853 869 975 930 ἔγειρε
998 864 1158 927 κρότονῖ

215 939 298 981 Καὶ
318 938 434 982 πόθεν
456 939 518 990 ἐςὶ
538 944 662 992 τεοῖς,
687 935 840 995 maj-0,
863 939 982 982 τόσον
1005 936 1143 981 ἄλσεσι
1163 931 1306 988 κῦδος;

286 1011 386 1052 Μῶν
405 1008 554 1052 λασίων
579 1005 765 1061 Κυὲέλης
787 1008 902 1057 ’ἦλθεν
924 1009 1005 1052 ἀπὸ
1027 1008 1252 1059 σκοπέλων;

218 1069 276 1122 Ϊ-Ιὲ
298 1079 359 1123 σοὶ
382 1069 592 1141 Ἡρακλῆος
614 1080 684 1123 ἀπ’
707 1078 833 1141 ἄςρου
847 1115 857 1135 ,
876 1082 1060 1139 Καῖσαρ,
1080 1075 1262 1138 ἔπεμψαν

289 1152 406 1193 Τοῒον
433 1149 533 1210 θῆρα
553 1152 715 1212 πατὴρ,
743 1150 766 1199 ἢ
790 1150 903 1201 κάσις
927 1148 1158 1210 οὐρανόθεν;

207 1296 221 1317 1
234 1296 246 1317 1
257 1309 265 1317 .
286 1283 436 1318 Grandia
451 1296 544 1329 quam
557 1284 672 1316 decuit.
688 1284 827 1329 Ingenti

149 1335 342 1370 Domitiani
367 1336 542 1369 venabulo
570 1337 735 1370 convenit
756 1345 827 1370 tam

151 1389 308 1435 amplum
326 1389 437 1422 leonis
453 1397 584 1434 pectus.

204 1454 240 1475 12
249 1468 257 1476 .
266 1443 317 1475 De
324 1450 421 1475 morte
428 1455 544 1486 magna
552 1442 685 1487 gaudia,
696 1450 760 1476 etc.
772 1442 827 1475 Ab

151 1495 227 1540 ipso
239 1495 466 1540 imperatore,
478 1495 711 1540 Carpophoro
720 1521 729 1537 ,
743 1495 825 1528 Gla-

151 1548 276 1582 brione
283 1548 337 1581 vel
345 1547 412 1581 alio
420 1548 701 1582 nobilibestiario
709 1560 826 1584 caesus.

210 1613 224 1634 1
234 1600 267 1634 3.
289 1601 378 1634 Unde
392 1603 466 1641 tuis,
482 1601 591 1648 Libye.
606 1601 830 1647 Apostrophe

152 1652 197 1688 ad
213 1653 363 1700 Libyam
380 1653 524 1686 leonum
543 1654 710 1695 feracem,
726 1666 830 1699 quam

151 1707 288 1740 beatam
312 1705 478 1752 praedicat
504 1707 550 1740 ob
575 1715 643 1740 tam
671 1707 831 1740 eximiam

154 1759 275 1793 feram.

212 1816 269 1852 14.
294 1812 434 1846 Venerat
452 1813 504 1845 ille
517 1814 601 1858 jugo
622 1811 732 1846 codex
750 1812 833 1847 Pul-

154 1865 286 1899 manni.
309 1886 360 1892 —
378 1866 414 1899 A
435 1865 577 1912 Cybeles.
600 1867 676 1899 Hoc
698 1873 768 1907 est,
791 1867 834 1899 ab

157 1916 229 1952 Idae
252 1918 382 1951 montis
400 1918 437 1951 in
459 1919 610 1964 Phrygia
630 1919 831 1952 verticibus.

157 1970 250 2004 Huic
262 1979 409 2017 praeerat
425 1972 556 2016 Cybele
568 1997 577 2013 ,
596 1984 700 2017 quam
717 1984 734 2007 a
748 1985 833 2017 qua-

158 2024 492 2059 tuorleonibusvehi
503 2025 705 2060 fabulantur
712 2033 834 2071 poetae.

944 1283 1002 1317 15.
1028 1284 1084 1316 An
1110 1286 1211 1328 magis
1232 1284 1398 1315 Herculeo.
1423 1282 1564 1314 Astrum

886 1336 1101 1369 Herculeum
1112 1336 1265 1381 intellige
1276 1336 1414 1368 leonem
1427 1334 1470 1367 ab
1480 1333 1565 1366 Her-

886 1389 964 1422 cule
989 1389 1232 1429 interfectum,
1256 1396 1363 1434 atque
1385 1387 1476 1420 inter
1499 1387 1564 1419 Zo—

887 1440 976 1475 diaci
992 1442 1087 1487 signa
1102 1442 1261 1475 relatum.
1276 1441 1354 1474 Lib.
1372 1441 1437 1483 IV,
1452 1439 1561 1485 epigr.

888 1507 978 1528 Lvn.
1012 1494 1234 1529 Germanicum
1263 1502 1364 1527 vocat
1395 1492 1565 1525 Domitia-

888 1560 977 1581 num
999 1560 1017 1581 a
1038 1547 1184 1581 devictis
1202 1547 1398 1581 Germanis.

946 1612 960 1633 1
970 1603 1003 1635 6.
1019 1601 1116 1634 Hanc
1128 1601 1194 1634 tibi.
1211 1600 1442 1645 Vespasianus
1456 1605 1568 1643 pater,

889 1654 947 1687 vel
967 1654 1068 1687 Titus
1089 1654 1215 1695 frater,
1237 1653 1328 1686 inter
1348 1651 1431 1685 deos
1452 1651 1568 1684 relati.

890 1707 1052 1748 —Quasi
1066 1706 1286 1752 imperatoris
1301 1705 1399 1739 istius
1413 1704 1494 1738 vani
1507 1702 1569 1736 do-

891 1759 1063 1793 minatum
1082 1760 1271 1793 illustraret
1293 1766 1328 1792 et
1345 1765 1567 1803 posterorum

891 1812 1056 1845 laudibus
1076 1810 1339 1846 commendaret
1359 1817 1568 1856 portentosae

892 1864 1142 1911 magnitudinis
1156 1865 1230 1898 leo!
1251 1863 1411 1898 Ridicula
1427 1874 1569 1908 prorsus

893 1917 1066 1959 adulatio,
1079 1926 1112 1952 et
1122 1910 1198 1964 duae
1209 1917 1245 1951 id
1255 1916 1451 1958 Juvenalis‚
1465 1915 1570 1948 Satir-

894 1984 945 2014 1v‚
966 1974 1012 2006 68
1030 1979 1171 2005 revocat
1189 1984 1196 2003 :
1225 1988 1238 2000 «
1258 1971 1303 2004 Et
1318 1979 1376 2004 tua
1395 1976 1569 2003 servatum

895 2037 1062 2060 consume
1079 2024 1114 2057 in
1135 2024 1256 2057 saecula
1275 2021 1570 2056 rl10mhum.»Eu.

790 2168 889 2225 LV
902 2169 944 2224 I.

669 2318 739 2345 AD
779 2317 1066 2346 FLACCUM.

234 2431 541 2475 Tssmpomnus
562 2431 721 2474 nostris
742 2439 844 2474 aetas
866 2445 999 2490 quum
1024 2428 1150 2472 cedat
1172 2444 1354 2471 avorum
1370 2462 1379 2479 ‚

224 2569 251 2590 1.
272 2557 472 2603 Temporibus
492 2561 618 2598 noso-ts,
635 2565 699 2590 etc.
720 2555 843 2589 Nullos
904 2568 963 2589 cus
977 2554 1020 2588 (le
1036 2554 1195 2588 Martiale
1211 2562 1364 2599 questus,
1380 2552 1475 2598 quod
1492 2566 1582 2585 uun-

167 2611 214 2643 ait
249 2623 313 2643 suo
352 2620 509 2655 tempore
534 2610 720 2654 Virgi1i0s‚
747 2607 843 2654 quod
905 2621 1010 2653 quam
1036 2609 1082 2641 ita
1105 2620 1140 2640 sc
1164 2605 1351 2646 laudasset,
1381 2615 1417 2639 ut
1440 2606 1584 2639 Parthe-

168 2663 255 2696 nulli
268 2663 335 2697 sint
349 2664 564 2697 Maecenates.
577 2662 731 2696 Videtur
748 2662 844 2695 Flac-

908 2661 1006 2693 uium
1021 2686 1029 2699 ,
1046 2661 1189 2694 Paulum
1209 2669 1243 2693 et
1258 2659 1407 2700 Rufum,
1423 2660 1481 2702 qui
1496 2658 1586 2691 (lona

1277 2735 1362 2774 22'
