1978 3305
465 222 526 265 ψ

822 191 882 252 Μ.
923 211 999 253 VA
1017 212 1062 252 L.
1102 211 1492 255 MARTIALIS

1061 357 1260 414 LXX.

754 506 818 534 DE
857 506 1105 547 smusco,
1146 507 1213 535 An
1252 488 1570 537 MAXiiuumf

671 630 885 675 INFUSUM
911 631 990 675 sibi
1017 648 1156 693 nuper
1185 647 1209 675 a
1241 642 1425 694 patrono

670 697 872 754 Plenum,
904 702 1116 757 Maxime,
1147 703 1309 747 centies
1335 703 1532 762 Syriscus

668 770 720 811 In
747 769 968 815 sellariolis
992 788 1127 833 vagus
1154 773 1326 833 popinis

670 839 800 884 Circa
822 840 975 885 balnea
999 852 1186 902 quatuor
1210 844 1387 904 peregit.

670 910 712 952 O
734 920 894 970 quanta
916 921 980 955 est
1006 911 1127 973 gula,
1151 914 1314 957 centies
1339 910 1547 957 comesse!

667 980 845 1037 Quanto
876 982 1014 1042 major
1039 982 1204 1040 adhuc,
1228 999 1308 1027 nec
1331 979 1563 1028 accubare!

517 1111 533 1125 *
548 1112 724 1158 Syriscum
747 1115 912 1149 libertum
937 1129 1129 1162 ganeonem

461 1173 495 1198 et
515 1167 800 1202 conturbatorem
824 1169 992 1203 illustrem
1008 1196 1017 1212 ,
1039 1170 1130 1204 inter

460 1231 586 1261 paucos
616 1218 689 1253 dies
714 1219 888 1256 decoxisse
921 1222 968 1256 ait
998 1223 1130 1256 centies

459 1280 603 1305 centena
614 1272 847 1316 milliaHS,id
858 1276 1129 1321 est‚1,570,ooo

461 1323 675 1359 francorum.
695 1326 840 1372 Syriscus
861 1337 977 1362 autem
996 1337 1046 1362 est
1066 1341 1130 1362 no-

459 1388 537 1410 men
559 1377 679 1410 fictum
710 1388 744 1413 et
765 1380 910 1420 servile3
935 1381 1013 1428 Syri
1037 1381 1130 1415 enim

459 1429 616 1475 plerique
647 1432 738 1465 servi
772 1446 790 1466 a
824 1433 936 1479 poetis
968 1433 1130 1469 introdu-

459 1491 599 1516 cuntur.

511 1557 560 1561 —
582 1537 634 1569 De
650 1536 776 1582 Syrisce
809 1539 990 1585 inscriptio
1020 1549 1071 1574 est
1095 1542 1130 1574 in

463 1587 544 1621 edd.
564 1599 649 1623 vett.
670 1591 800 1625 Caetera
822 1592 910 1626 nihil
932 1593 1068 1627 variant
1089 1594 1130 1627 li-

459 1640 512 1674 bri
526 1666 535 1681 ,
556 1650 615 1676 aut
633 1644 773 1689 scripti,
798 1653 858 1679 aut
877 1646 1047 1691 impressi.

518 1706 548 1727 1.
564 1696 705 1739 Infusum
718 1724 727 1738 ‚
748 1706 812 1732 etc.
834 1700 1010 1732 Donatum
1032 1712 1049 1732 a
1068 1712 1128 1745 pa·

461 1755 564 1780 trono
585 1757 664 1792 post
685 1752 1002 1785 manumissionem.

514 1814 546 1833 2.
566 1801 698 1834 Plenum
712 1830 720 1843 ‚
750 1813 815 1838 etc.
840 1805 984 1838 Justum
1003 1829 1012 1843 ,
1040 1805 1129 1838 inte-

460 1864 560 1895 grum
579 1855 721 1889 centies.
740 1857 820 1891 Lib.
840 1859 904 1898 IV,
926 1858 1126 1903 epigramm.

460 1918 582 1939 xxxvu
595 1932 605 1946 ‚
619 1919 668 1941 vs.
688 1913 721 1948 4.

515 1958 550 1991 3.
571 1959 746 1995 sellariolis
760 1989 768 2002 ‚
790 1971 856 1996 etc.
878 1963 1008 1997 Ganeis
1026 1972 1059 1997 et
1081 1972 1129 1997 ta-

461 2010 576 2045 bernis
589 2038 598 2053 ,
620 2014 680 2046 ubi
697 2027 769 2048 non
785 2015 931 2049 honeste
950 2017 1130 2050 accumbe·

461 2064 562 2106 bant,
589 2065 649 2099 sed
678 2068 791 2101 ventri
822 2068 1051 2115 indulgebant
1074 2083 1126 2103 se-

459 2115 592 2151 dentes.
620 2119 671 2152 De
694 2120 826 2154 sellaria
854 2122 937 2155 item
956 2121 1036 2155 vide
1055 2134 1130 2168 quae

459 2170 667 2206 Torrentius
683 2173 728 2207 ad
752 2175 871 2208 XLIII
890 2187 965 2221 cap.
987 2175 1128 2209 Suetou.

458 2223 537 2256 Tib.
557 2224 614 2258 Sic
632 2227 788 2260 sellariam
809 2229 994 2272 appellavit
1010 2229 1129 2261 cellam

459 2287 574 2317 suani,
605 2286 638 2311 et
671 2279 786 2313 sedem
815 2293 1018 2315 arcanarum
1049 2281 1130 2314 libi-

458 2327 580 2362 dinum
605 2332 787 2375 'l'iberius3
820 2334 961 2369 Sueton.
989 2335 1024 2367 in
1048 2335 1129 2368 Tib.

460 2381 616 2421 Tacitus,
639 2386 825 2420 Annalium
845 2388 905 2421 lib.
924 2389 955 2420 V
975 2400 982 2421 :
1006 2406 1017 2417 ιι
1031 2388 1131 2421 Tunc

460 2434 610 2477 primuni
634 2437 748 2481 ignota
776 2449 855 2474 unte
884 2441 1050 2474 vocabula
1078 2454 1131 2474 re-

461 2495 556 2530 perta
573 2498 652 2522 sunt
668 2493 876 2534 sellariamm1,
893 2497 1104 2539 spintriarum.
1115 2513 1126 2524 υ

1189 1133 1201 1145 u
1222 1118 1367 1152 Sellaria
1397 1126 1510 1151 autem
1528 1142 1538 1158 ‚
1567 1118 1683 1163 inquit
1711 1117 1864 1151 Torren-

1188 1171 1275 1212 tius,
1297 1171 1389 1205 sellae
1407 1171 1490 1217 ipsae
1509 1169 1552 1204 ad
1564 1169 1748 1203 libidinem
1762 1183 1864 1204 exco-

1187 1224 1312 1270 gitatae.
1333 1241 1346 1254 a
1385 1224 1440 1258 Sic
1469 1221 1563 1269 apud
1594 1223 1770 1264 Plinium,
1804 1223 1862 1256 lib.

1189 1277 1357 1319 XXXIV,
1379 1289 1454 1322 cap.
1470 1278 1490 1311 8
1510 1288 1518 1310 :
1545 1293 1558 1306 «ι
1577 1275 1720 1309 sellaria
1740 1275 1865 1309 domus

1188 1342 1300 1363 aureae
1314 1329 1474 1363 Neronis.
1491 1347 1506 1359 »ι
1528 1329 1619 1362 Hinc
1638 1327 1865 1362 illustrandus

1187 1383 1347 1416 Juvenal.
1365 1382 1432 1416 Sat.
1450 1395 1484 1424 x,
1501 1394 1569 1426 923
1587 1399 1600 1412 α
1616 1382 1730 1414 Tutor
1743 1382 1863 1414 haberi

1188 1435 1382 1480 Principis,
1407 1443 1548 1480 angusta
1576 1435 1788 1480 Caprearum
1827 1434 1863 1467 in

1184 1502 1278 1534 -rupe
1312 1487 1464 1522 sedentis
1497 1487 1586 1520 Cum
1620 1499 1723 1532 grege
1763 1487 1866 1521 Chal-

1189 1541 1276 1575 daeo.
1295 1559 1308 1571 2»
1334 1542 1425 1574 Nota
1452 1541 1605 1579 sedentis,
1628 1548 1774 1585 propter
1801 1540 1864 1573 sel-

1187 1595 1318 1628 lariam.
1353 1593 1397 1627 H.
1414 1614 1467 1620 —
1493 1593 1605 1637 Vagus
1621 1595 1756 1638 popinis.
1782 1592 1864 1633 Quo

1187 1647 1326 1681 honesti
1355 1646 1537 1686 homines,
1565 1645 1674 1678 immo
1701 1653 1735 1678 et
1760 1645 1863 1691 paulo

1188 1700 1388 1734 honestiora
1425 1698 1596 1744 mancipia
1634 1711 1713 1732 raro
1753 1698 1862 1732 intra·

1187 1754 1291 1796 bant3
1311 1753 1486 1799 praecipue
1509 1751 1664 1785 Athenis.
1683 1749 1752 1784 Sed
1770 1762 1864 1784 nunc

1187 1806 1282 1852 apud
1298 1819 1374 1840 nos.
1395 1805 1426 1838 O
1447 1804 1581 1838 mores!

1244 1863 1277 1899 ά.
1315 1860 1472 1903 (hiatum.
1514 1856 1665 1890 Neronis
1686 1882 1695 1899 ‚
1730 1855 1832 1890 Grilli
1855 1882 1863 1895 ,

1187 1912 1282 1953 Titi,
1308 1911 1481 1956 Agrippae.
1513 1931 1565 1935 —
1593 1911 1733 1954 Pet-egit.
1770 1909 1863 1943 Con-

1188 1966 1359 2012 sumpsit‚
1381 1963 1532 1998 decoxit.

1244 2018 1277 2052 5.
1299 2018 1453 2052 Comesse.
1466 2014 1787 2049 Comessationibus
1807 2013 1864 2047 ab-

1189 2071 1390 2116 sumpsisse.

1243 2126 1278 2158 6.
1306 2124 1434 2168 Quanto
1456 2124 1578 2165 major,
1603 2128 1669 2154 etc.
1696 2119 1802 2165 Atqui
1826 2118 1861 2152 id

1189 2189 1259 2210 non
1276 2178 1380 2222 justis
1400 2174 1567 2209 conviviis
1590 2182 1622 2206 et
1651 2173 1756 2207 coenis
1771 2199 1778 2211 ,
1800 2170 1860 2205 sed

1187 2229 1372 2275 jentaculis
1392 2255 1402 2269 ‚
1436 2226 1626 2273 prandiolis
1644 2252 1653 2266 ,
1692 2225 1839 2271 repotiis
1852 2251 1860 2266 ‚

1190 2291 1258 2316 etc.
1275 2283 1307 2315 in
1325 2282 1454 2327 quibus
1472 2293 1542 2314 non
1565 2279 1737 2313 accubuit.
1754 2278 1862 2319 Quasi

1191 2334 1281 2368 dicat
1297 2361 1306 2376 ‚
1325 2343 1492 2380 quantuni
1517 2331 1788 2377 consumpsisset
1806 2356 1814 2370 ‚
1835 2330 1861 2363 si

1191 2389 1425 2429 accubuisset,
1450 2386 1485 2419 id
1511 2395 1581 2425 est,
1610 2385 1636 2418 si
1660 2383 1860 2418 convivium

1188 2444 1318 2486 justum
1334 2466 1342 2479 ,
1368 2441 1495 2486 aliquot
1520 2437 1674 2471 convivis
1702 2437 1744 2470 de
1767 2448 1865 2469 more

1192 2495 1344 2528 invitatis
1360 2520 1368 2535 ,
1387 2493 1601 2539 apparas-set!
