1978 3305
390 237 974 282 EPIGRAMMATUM
1013 236 1138 279 LIB.
1179 235 1232 277 V.
1451 233 1505 278 Gi

111 323 266 357 edulium
292 335 333 356 ex
361 323 452 357 faba.
474 323 603 356 Juven.
623 322 695 355 Sat.
715 334 780 355 111:

843 321 1013 354 ferculum
1040 332 1081 352 ex
1109 319 1262 352 oleribus
1284 318 1488 352 vilissimum
1506 346 1514 360 ,

112 393 124 403 υ
145 378 253 420 Cujus
286 375 418 409 conche
451 375 590 409 tumes?
607 392 620 405 »ι
656 375 785 408 Sensus
842 386 914 407 non
937 385 1019 406 vero
1036 372 1183 405 mellitas
1206 372 1379 417 placentas
1398 372 1511 405 misis-

111 437 178 462 est:
195 429 230 462 Si
245 429 382 474 quoties
392 428 505 474 signas
522 436 784 469 testamentum,

112 482 213 515 toties
243 481 399 515 conchen
434 489 570 515 tantum
590 506 601 523 ,
635 480 671 515 id
703 488 753 514 est
775 505 784 521 ‚

844 439 914 459 sem
928 451 938 467 ‚
954 424 998 459 ad
1018 433 1209 458 extremam
1230 432 1345 458 tamen
1364 437 1513 471 pauper-

846 487 951 513 tatem
973 490 1082 512 essem
1105 476 1276 511 redactus.

694 594 700 600 ’
745 624 876 680 XL.

529 792 599 820 AD
643 769 1096 819 ARTEMIDORUM.*

177 930 386 973 Pmmsn
413 929 653 983 Venerem3
677 926 801 980 colis,
824 926 1120 982 Artemidore,
1149 928 1418 985 Minervam3

246 1000 303 1042 Et
333 999 524 1053 miraris,
553 1014 662 1058 opus
693 997 960 1058 displicuisse
985 996 1138 1041 tuum?

160 1144 174 1158 ⁴¹
190 1148 401 1182 Austerioris
423 1148 654 1194 philosophiae
673 1147 782 1181 cliens

108 1211 141 1234 et
163 1201 346 1234 severioris
367 1200 560 1247 disciplinae
581 1200 754 1234 studiosus
770 1223 780 1239 ‚

107 1267 178 1287 non
197 1254 308 1294 belle,
326 1266 398 1287 non
424 1266 505 1287 cum
532 1254 640 1299 gratia
664 1262 698 1287 et
722 1266 781 1287 ve-

109 1319 191 1340 nere
222 1305 416 1352 aggrederis
449 1306 597 1340 Veneris
621 1308 718 1352 jocos
748 1315 782 1340 et

105 1359 221 1392 Musas
237 1359 339 1393 hasce
360 1360 518 1393 leviores.
538 1359 634 1401 Quin
649 1359 779 1393 Gratiis

105 1424 199 1445 sacra
230 1412 334 1453 sacis,
365 1425 387 1445 o
415 1411 655 1446 Xenocrates?
687 1411 780 1445 Vide

106 1465 164 1497 lib.
177 1466 213 1506 I,
237 1465 346 1510 epigr.
363 1477 444 1499 0111.
461 1466 527 1499 Vel
541 1465 627 1498 irata
641 1465 781 1499 Venere

104 1518 247 1563 pinxisti
270 1519 467 1560 Venerem,
488 1528 523 1552 et
548 1517 684 1553 miraris
709 1518 780 1551 Ve-

840 1148 916 1180 neri
935 1155 1002 1181 tuae
1026 1146 1144 1181 deesse
1162 1160 1333 1182 venerem.
1355 1150 1428 1183 Cur
1449 1150 1513 1183 ira-

840 1200 901 1234 ta?
922 1200 1002 1246 quia
1024 1200 1206 1246 anteponis
1225 1201 1276 1234 illi
1298 1202 1512 1243 Minervam,
1542 1208 1546 1211 '

841 1266 946 1299 quam
962 1253 1045 1287 colis
1057 1279 1066 1293 ‚
1086 1266 1190 1299 quam
1207 1254 1272 1288 tibi
1288 1255 1392 1288 etiam
1405 1256 1510 1289 habes

841 1306 962 1339 iratam
975 1332 984 1347 ,
1005 1306 1154 1340 Veneris
1175 1307 1300 1352 pictor.
1328 1308 1435 1342 Jocus
1461 1318 1510 1342 est

842 1359 878 1392 in
900 1360 1071 1405 pictorem
1083 1359 1220 1392 rudem.

891 1434 942 1439 —
970 1413 1012 1445 Iu
1040 1411 1107 1446 hoc
1134 1413 1381 1458 epigrammate
1413 1414 1510 1448 exhi-

839 1463 957 1498 bendo
990 1465 1088 1498 nullo
1125 1465 1231 1498 modo
1265 1466 1422 1508 variant,
1453 1477 1511 1501 aut

843 1517 984 1563 scripti,
1004 1526 1062 1551 aut
1082 1518 1252 1564 impressi.

734 1663 899 1718 XLI.

993 1810 1012 1826 ,κ

610 1830 662 1858 ΙΝ
706 1829 984 1859 DIDYMUM.

244 1969 465 2012 SPADONE
496 1982 629 2027 quum
663 1967 720 2010 sis
746 1966 952 2009 eviratior
977 1965 1115 2021 fluxo,

237 2040 294 2082 Et
318 2037 570 2081 concubino*
589 2035 762 2081 mollior
787 2035 1010 2092 Celaeneo‚

155 2187 170 2200 '
209 2192 249 2224 In
289 2190 478 2223 fastuosum
518 2190 778 2234 superbumque

103 2242 296 2289 spadonem
308 2241 500 2287 Didymum
513 2242 655 2281 scribit,
672 2255 777 2288 quem

103 2305 142 2329 ut
170 2295 317 2329 dubium
344 2296 499 2341 equitem
521 2295 693 2337 affirmat,
714 2295 778 2328 ita-

103 2361 173 2395 que
193 2350 374 2387 maritum,
395 2348 454 2394 qui
471 2348 662 2382 honoratus
683 2357 775 2387 erat,

102 2409 214 2447 negat.
236 2402 354 2434 Rader.

154 2475 206 2480 —
235 2455 274 2488 In
302 2453 487 2487 Dindcmum
517 2454 642 2487 lemma
669 2453 777 2487 estin

101 2506 183 2540 edd.
200 2515 284 2540 vett.
303 2508 340 2540 In
356 2507 531 2551 Dt'dymum
545 2506 581 2539 in
596 2505 680 2540 aliis.
695 2507 778 2539 Pul-

100 2573 248 2594 mannus
273 2561 364 2604 conj.
398 2561 432 2593 I)
443 2560 599 2605 dymnm,
630 2558 674 2592 de
708 2571 778 2605 quo

101 2613 162 2646 lib.
182 2613 253 2646 XII
267 2639 276 2654 ,
298 2612 408 2658 epigr.
427 2625 530 2647 Lxxv.

158 2677 186 2699 1.
204 2665 351 2711 Spadone
365 2694 373 2707 ,
393 2674 458 2700 etc.
471 2664 613 2699 Gallum
632 2663 780 2709 Cybeles

838 2187 1053 2224 sacerdotem
1067 2189 1172 2223 credo
1187 2190 1351 2237 intelligi,
1367 2204 1511 2240 propter

836 2244 932 2286 Atyn
947 2242 984 2274 in
1000 2255 1102 2276 versu
1116 2255 1251 2288 seq.—-—
1265 2245 1383 2280 Fluxo.
1400 2247 1510 2281 Molli.

837 2295 986 2328 Eviratis
1005 2294 1107 2329 fluxae
1127 2304 1208 2329 sunt
1229 2309 1358 2332 earnes.

894 2361 926 2380 2.
945 2347 1127 2381 Concubino
1144 2349 1299 2384 Celaeneo.
1317 2352 1387 2398 Aty
1400 2364 1509 2397 puero

838 2400 972 2446 Cybele
993 2399 1150 2435 adamato
1164 2427 1173 2443 ‚
1195 2415 1213 2435 a
1235 2415 1303 2448 qua
1322 2404 1453 2439 offensa
1474 2407 1510 2440 in

837 2453 993 2486 furorem
1010 2461 1107 2487 actus
1120 2479 1130 2495 ‚
1145 2454 1212 2488 sibi
1230 2464 1333 2490 testes
1348 2460 1508 2493 exsecuit.

841 2505 977 2538 Celaerzoe
1008 2515 1124 2540 autem
1152 2508 1332 2555 Phrygiae,
1361 2511 1454 2545 unde
1477 2521 1510 2545 et

839 2558 992 2603 Cybele,
1020 2560 1104 2592 urbs
1119 2586 1128 2600 ‚
1149 2569 1183 2594 et
1209 2563 1365 2597 tumulus
1392 2562 1485 2598 Asiae
1501 2591 1511 2606 ,

837 2612 934 2656 juxta
959 2624 1061 2657 quam
1090 2613 1210 2648 Gallus
1237 2615 1374 2650 fluvius.
1407 2618 1511 2653 Ovid.

840 2664 900 2697 lib.
924 2665 974 2698 lV
995 2665 1188 2701 Fastorum.
