1978 3305
416 211 1002 256 EPIGRAMMATUM
1037 212 1163 255 Llss..
1202 213 1290 254 XI.

1470 211 1564 258 583

227 299 324 358 Ipse
352 314 525 359 quoque
551 298 729 344 infernis
755 309 983 345 revocatus
1014 301 1125 344 Ditis
1152 299 1205 343 ab
1231 299 1398 344 umbris

298 368 341 411 Si
369 369 480 412 Cato
504 368 733 425 reddatur,
754 371 1025 415 Caesarianus
1052 371 1145 414 erit.

227 494 276 537 Εἰ
304 490 350 539 δὲ
378 496 444 539 καὶ
466 499 715 557 ἐγκαλέοιτο,
747 498 814 540 καὶ
841 491 884 548 ἐξ
908 493 1026 541 ἀΐδαο
1053 499 1181 541 νέοιτο

297 564 398 609 Αὖθι
426 568 590 622 Κάτων,
620 568 734 610 ἔσται
759 568 825 611 καὶ
851 563 919 612 ὅδε
945 569 1181 627 Καισάρεος.

216 705 227 725 1
238 696 273 732 4.
287 692 379 725 Gato.
393 693 566 726 Uticensis
575 718 584 733 ‚
596 693 658 739 qui
669 694 828 739 seipsum

155 743 346 785 interfecit,
365 757 410 778 ne
431 746 467 778 in
486 745 573 779 Julii
592 746 736 780 Caesaris
756 758 828 779 ma-

156 808 221 831 nus
243 796 412 832 incideret
431 798 530 831 vivus
547 810 554 831 :
573 806 724 832 attamen
747 798 828 833 licet

890 694 1034 728 Caesaris
1058 694 1245 740 imperium
1269 696 1472 740 occupantis
1499 695 1568 728 ini-

890 746 1118 787 micissimus,
1139 759 1175 780 se
1194 747 1256 780 tibi
1271 747 1453 781 mitissimo
1469 749 1568 794 prin-

888 799 959 845 cipi
979 800 1071 833 ultro
1091 799 1321 834 submitteret.

810 937 909 991 VI.

694 1087 762 1115 AD
805 1086 1026 1115 ROMAM.

363 1188 543 1233 UNCTIS
572 1186 753 1232 falciferi
783 1189 895 1232 senis
926 1187 1100 1242 diebus,

362 1260 587 1319 Regnator
611 1257 768 1318 quibus
790 1260 976 1319 imperat
997 1257 1188 1309 fritillus,

363 1330 506 1373 Versu
538 1328 686 1373 ludere
715 1345 803 1373 non
834 1328 1049 1373 laborioso

361 1400 608 1454 Permittis,
629 1409 759 1461 puto,
785 1399 941 1460 pileata
965 1401 1119 1443 Roma.

361 1470 509 1514 Risisti
528 1487 537 1513 :
561 1469 661 1515 licet
682 1486 787 1532 ergo
802 1505 814 1526 ‚
834 1487 915 1515 nec
940 1479 1150 1514 vetamur.

360 1539 576 1585 Pallentes
599 1540 753 1601 procul
777 1541 881 1584 hinc
905 1540 1021 1584 abite
1047 1557 1186 1592 curae;
1228 1550 1233 1554 '

202 1668 216 1683 *
237 1673 297 1707 Ad
314 1674 355 1707 R.
375 1682 407 1706 et
428 1674 623 1720 Dindymum
637 1673 721 1708 edd.
739 1682 823 1708 vett.

149 1734 183 1759 et
207 1726 334 1772 Delph.
362 1726 423 1761 Ad
439 1728 636 1773 Dindymum
659 1728 698 1760 de
715 1727 826 1761 Satur-

148 1778 273 1812 nulibus
288 1778 367 1814 cod.
388 1780 585 1814 Pulmanni.

206 1845 237 1866 1.
275 1833 384 1866 Unctis
414 1833 576 1877 falciferi,
613 1841 680 1867 etc.
714 1833 823 1866 Feriis

149 1884 307 1927 Saturni,
318 1886 439 1920 falcem
453 1885 603 1931 gerentis
612 1913 620 1928 ‚
631 1885 726 1931 quod
739 1893 823 1919 teui-

147 1949 213 1983 pus
237 1939 354 1971 omnia
375 1947 482 1972 metat
504 1951 512 1972 :
537 1939 706 1972 Saturnus
728 1938 820 1972 enirn

147 1989 240 2024 idem
261 2002 299 2025 ac
317 1992 496 2037 Tempus,
515 2000 550 2025 et
564 1993 704 2037 Κρόνος,
725 1990 822 2037 quod

148 2043 199 2077 illi
231 2043 325 2090 apud
356 2044 497 2078 Graecos
529 2056 658 2077 nomen
698 2052 767 2085 est,
803 2057 821 2077 a

147 2097 247 2142 χρόνῳ
268 2105 427 2142 tempore
448 2098 672 2144 perspicuum
694 2106 745 2131 est
765 2096 823 2130 de·

147 2149 267 2183 rivari.
294 2150 371 2184 Hoc
404 2159 561 2195 tempore
595 2162 679 2184 vero
708 2158 823 2184 unctae

148 2213 262 2236 coenae.
293 2203 385 2236 Tum
424 2211 457 2237 et
489 2203 583 2237 festis
611 2202 735 2237 diebus
757 2216 822 2237 un-

147 2255 270 2300 guenti
301 2255 475 2300 plurimus
502 2268 596 2289 usus.
618 2257 663 2290 Et
687 2255 722 2289 in
751 2256 824 2301 ipsa

147 2316 256 2341 castra
274 2307 347 2341 haec
364 2307 550 2354 voluptatis
571 2308 745 2342 lenocinia
763 2321 823 2354 pe-

147 2368 338 2394 netravere.
362 2361 453 2394 Pliu.
475 2361 535 2394 lib.
557 2361 669 2403 XIII,
689 2371 766 2405 cap.
789 2361 822 2395 3.

150 2413 223 2446 «Et
252 2412 337 2459 quid
366 2412 505 2447 Saturni
539 2414 635 2447 feriis
664 2414 825 2447 unctius?

147 2464 288 2510 quando
307 2477 412 2499 coenae
435 2467 611 2500 unctiores
634 2476 667 2500 et
690 2467 824 2512 elegan-

149 2518 280 2553 tiores?
295 2535 309 2548 »
325 2519 461 2553 Herald.

205 2584 235 2605 2.
258 2572 395 2617 Imperat
398 2572 547 2615 fi'ilillus.
561 2573 665 2606 Tunc
677 2573 747 2606 alea
759 2573 821 2605 itu-

150 2637 242 2668 punc
280 2624 446 2659 ludebant
481 2638 618 2666 omnes,
649 2638 714 2671 qua
750 2626 822 2659 aliis

886 1674 1106 1720 temporibus
1154 1673 1371 1706 severissime
1416 1673 1563 1706 interdi-

885 1735 979 1760 ctum
995 1739 1002 1760 :
1021 1726 1132 1760 fritilli
1149 1733 1230 1760 sunt
1250 1725 1424 1759 turriculae
1435 1737 1474 1759 ex
1488 1726 1563 1771 qui-

885 1780 949 1814 bus
976 1779 1166 1825 ejiciuntur
1196 1777 1423 1813 aleae.Videre
1444 1779 1561 1813 lubeat

884 1845 1008 1878 supra,
1022 1832 1082 1866 lib.
1096 1832 1161 1872 IV,
1175 1832 1285 1878 epigr.
1303 1844 1380 1868 xlv,
1397 1844 1446 1865 vs.
1471 1834 1510 1873 83
1530 1840 1562 1865 et

884 1885 945 1919 lib.
958 1886 1005 1928 V,
1025 1885 1131 1930 epigr.
1150 1896 1289 1919 Lxxxiv.

939 1943 971 1979 4.
1007 1939 1135 1971 Pileata
1171 1939 1282 1971 Roma.
1319 1937 1558 1970 Saturnalium

882 1998 1040 2037 tempore
1058 1991 1149 2024 servi
1166 1991 1261 2024 velut
1278 1990 1411 2023 domini
1433 1990 1553 2035 pileati

881 2043 1100 2077 incedebant.
1123 2044 1333 2084 Turnebus,
1365 2043 1426 2076 lib.
1448 2043 1560 2075 VIII’

882 2109 958 2142 cap.
993 2101 1027 2137 4.
1043 2097 1130 2130 Aliis
1157 2095 1283 2130 diebus
1317 2104 1351 2129 et
1383 2095 1419 2128 hi
1452 2103 1486 2128 et
1507 2095 1557 2128 illi

883 2149 982 2183 nudo
995 2149 1107 2195 capite
1127 2157 1246 2188 erant,
1267 2157 1326 2181 aut
1348 2157 1451 2194 caput
1466 2156 1561 2182 veste

883 2203 1056 2236 velabant.
1076 2203 1199 2248 Itaque
1217 2209 1349 2235 veteres
1366 2201 1469 2234 nullae
1490 2202 1561 2235 Ro-

883 2267 1069 2288 manorum
1089 2262 1210 2288 statuae
1227 2267 1307 2288 cum
1332 2253 1424 2299 pileo
1440 2253 1560 2287 visun-

885 2315 943 2341 tur
954 2332 964 2348 ,
979 2315 1044 2341 etc.
1057 2307 1198 2353 Lipsius
1214 2307 1316 2340 etiarn
1333 2305 1505 2340 videndus
1517 2306 1560 2340 de

886 2360 1175 2406 Amphitheatro,
1198 2372 1274 2405 cap.
1302 2372 1356 2404 19.

941 2414 974 2448 5.
997 2414 1119 2446 Risisti.
1142 2413 1225 2446 Risu
1260 2413 1458 2446 consentire
1486 2413 1556 2445 visa

886 2480 931 2499 es.
947 2466 1066 2500 Simile
1080 2465 1247 2511 quiddam
1261 2466 1296 2498 in
1315 2465 1493 2499 notissima
1506 2477 1559 2498 co-

882 2517 1039 2552 moed.La
1049 2519 1268 2559 Men-omanis,
1281 2527 1345 2552 act.
1353 2518 1408 2550 III
1418 2545 1426 2559 ‚
1434 2530 1558 2551 sc.v¹1.

976 2596 979 2600 .
994 2596 998 2600 .
1011 2595 1015 2600 .
1029 2577 1079 2609 ,j'ai
1096 2578 1134 2603 τίς
1155 2585 1193 2601 mc
1215 2576 1280 2600 νοίΙέι
1301 2576 1426 2600 σΙεέεεικιῐιέΔ

937 2631 970 2657 ti.
993 2625 1147 2658 l’allenuu
1166 2653 1170 2661 ,
1192 2632 1254 2657 etc.
1278 2625 1331 2656 Cf.
1356 2637 1410 2668 ep.
1431 2636 1456 2656 11
1471 2648 1479 2659 ,
1500 2635 1560 2655 su-

1229 2694 1286 2735 3’*

1269 2735 1279 2755 l
