1978 3305
410 230 995 275 EPIGRAMMATUM
1033 231 1156 274 Llss.
1196 231 1249 272 V.
1477 230 1539 275 [ω

272 317 585 378 Corinthioque
615 317 739 379 plura
767 318 821 363 de
844 317 1118 370 suburban03

271 389 561 449 Longumque
586 388 769 449 pulchra
792 399 974 433 stemma.
995 389 1151 448 repetit
1174 403 1199 429 a
1223 386 1340 431 Leda
1355 422 1365 441 ‚

267 459 323 502 Et
353 459 575 502 suscitanti
606 460 755 504 Lectio
784 459 1046 509 reluctatum

267 529 412 587 Equiti
441 529 652 589 superbo,
675 529 831 584 nobili,
853 528 1081 590 locupleti,

267 598 438 642 Cecidit
461 608 638 659 repente
666 615 825 660 magna
850 599 904 642 de
928 600 1024 642 sinu
1050 597 1193 655 clavis.

267 669 498 729 Nunquam
514 703 525 722 ‚
548 668 750 725 Fabulle,
775 670 958 729 nequior
983 668 1065 712 fuit
1088 667 1234 713 clavis.

125 826 175 830 —
188 804 384 838 Coccinatus.
397 805 501 838 Veste
513 806 674 839 coccinea
691 805 797 839 indu-

126 865 182 890 tus
200 857 309 903 epigr.
324 869 411 890 xxrv
430 871 507 903 sup.

178 909 209 943 3.
251 910 475 957 Corinthioque
495 938 504 951 ,
544 919 608 944 etc.
654 912 796 945 Graecus

122 961 216 995 enim
237 962 398 996 Euclides
416 976 435 996 e
457 964 640 998 Corintho.
659 986 711 991 —
730 965 794 998 Co-

121 1016 306 1061 rinthioque.
323 1017 441 1061 Atque
454 1016 556 1061 plura
573 1029 613 1050 ex
632 1029 715 1062 agro
734 1017 793 1062 qui

120 1075 195 1101 erat
228 1067 262 1101 in
296 1069 470 1102 suburbio
505 1069 685 1109 Corinthi,
713 1069 794 1116 quia

121 1119 282 1154 Euclides
304 1121 511 1155 Corinthius
530 1122 687 1168 fingitur.

173 1178 206 1213 4.
227 1174 428 1221 Longumque
441 1175 586 1219 pulchra.
606 1176 627 1208 J
631 1183 794 1221 actatque

119 1238 153 1258 se
173 1225 300 1260 ducere
319 1239 433 1272 genus
459 1227 501 1259 ab
527 1228 704 1273 equitibus
725 1229 791 1263 Ca-

118 1287 210 1312 store
223 1287 257 1312 et
269 1280 431 1320 Polluce,
442 1279 523 1313 filiis
537 1280 640 1314 Ledae
656 1294 674 1315 e
689 1282 787 1314 Jove.

117 1331 253 1364 ,δ’ίεηιηια
275 1335 387 1378 repetit
398 1359 407 1373 ,
428 1341 492 1366 etc.
512 1334 591 1368 Lib.
607 1335 642 1367 II
654 1360 663 1375 ‚
679 1334 787 1380 epigr.

117 1397 175 1423 xc,
194 1398 243 1418 vs.
264 1387 304 1426 63
324 1393 358 1418 et
373 1385 482 1430 epigr.
499 1398 548 1427 1v‚
569 1386 628 1420 32.

170 1438 203 1470 5.
218 1439 325 1471 Lectio
340 1438 523 1472 reluctatur.
540 1440 762 1485 Designatori
779 1466 789 1482 ‚

115 1492 213 1535 eujus
248 1503 376 1524 munus
413 1500 486 1524 erat
521 1493 712 1537 unicuique
751 1493 786 1525 in

115 1543 251 1576 theatro
277 1544 394 1577 locum
421 1544 609 1590 assignare,
637 1558 719 1579 eum
746 1559 787 1578 ex

113 1596 264 1641 equestri
282 1597 360 1630 loco
373 1597 536 1631 excitanti
551 1598 788 1634 reluctabatur

113 1648 176 1681 iste
192 1650 365 1694 graeculus
381 1650 539 1695 claviger.

167 1704 200 1734 (ἰ.
224 1703 337 1748 Equiti
363 1703 507 1748 supet-bo,
532 1713 595 1737 etc.
627 1704 782 1745 bonico,

112 1753 196 1787 liuic
214 1754 350 1788 Euclidi
378 1763 448 1789 tam
478 1756 627 1797 illustri,
646 1758 781 1803 potenti

111 1815 144 1839 et
165 1808 358 1853 magnifico.

913 818 949 850 7.
966 806 1022 837 De
1042 808 1111 837 sirm
1133 804 1240 836 clavis.
1258 803 1372 837 Clavis
1390 812 1459 838 erat
1479 805 1532 836 in-

857 857 954 903 signe
963 858 1060 903 quasi
1072 869 1248 891 servorum
1260 868 1270 897 ;
1281 857 1457 901 gestabant
1467 869 1519 889 ser
1527 877 1534 882 -

856 911 890 944 vi
910 911 1021 944 claves
1037 934 1047 951 ‚
1067 919 1102 944 et
1127 910 1195 943 hoc
1225 921 1351 945 munus
1374 909 1530 942 illorum.

856 965 993 1008 LipsiuS.
1013 964 1123 996 —De
1135 966 1204 995 sinu
1218 963 1325 994 clavis.
1339 961 1426 1002 Quae
1442 974 1528 1006 pro-

854 1015 946 1050 didit
977 1014 1161 1049 Euclidem
1183 1040 1192 1056 ,
1219 1013 1443 1060 ostenditque
1475 1016 1527 1046 vel

854 1082 1003 1107 servum,
1017 1068 1078 1114 qui
1091 1068 1248 1114 gestabat
1257 1067 1369 1100 claves
1383 1067 1509 1100 aedium
1521 1092 1530 1106 ,

852 1122 908 1155 vel
933 1123 1053 1155 saltem
1082 1133 1248 1166 egenum,
1273 1119 1333 1165 qui
1355 1120 1527 1154 famulum

852 1187 924 1208 non
938 1172 1168 1215 habe1·et,sed
1177 1185 1247 1207 suae
1258 1171 1383 1206 domus
1395 1173 1525 1206 clavem

851 1227 924 1273 ipse
951 1236 1084 1273 gestare
1109 1234 1304 1272 cogeretur.
1328 1225 1467 1271 Lipsius
1490 1224 1524 1257 id

850 1281 986 1314 notavit
997 1307 1006 1323 ,
1019 1293 1062 1313 an
1079 1280 1170 1313 forte
1182 1280 1266 1312 vela
1280 1278 1450 1311 cubiculis
1465 1277 1526 1310 do-

849 1334 964 1374 mino,
987 1334 1040 1367 vel
1065 1333 1107 1365 ab
1132 1332 1239 1373 ostio,
1268 1330 1361 1364 unde
1390 1330 1522 1363 ostiarii

849 1385 942 1432 apud
969 1385 1175 1420 Petronium
1196 1397 1203 1417 :
1235 1401 1248 1414 «ι
1270 1384 1306 1417 in
1328 1383 1424 1417 aditu
1447 1384 1524 1429 ipso

847 1440 959 1473 stabat
970 1439 1131 1472 ostiarius
1142 1437 1258 1484 prasin
1264 1445 1340 1470 atus
1350 1463 1358 1479 ‚
1366 1437 1521 1470 cerasino

849 1492 991 1537 cingulo
1008 1492 1153 1525 cinctus.
1171 1508 1185 1521 a>
1210 1490 1327 1523 Bader.

903 1547 938 1578 8.
960 1545 1182 1591 lVequiorsuit
1201 1544 1307 1576 clavis.
1329 1543 1416 1583 Quae
1438 1555 1519 1587 pro-

845 1596 937 1632 didit
959 1599 1114 1631 fortunas
1140 1596 1274 1630 domini
1303 1595 1382 1636 sui,
1403 1603 1520 1627 osten<

845 1649 971 1696 ditque
1002 1649 1171 1684 Eucliden
1206 1650 1259 1682 vel
1300 1649 1413 1693 ipsum
1449 1661 1519 1680 esse

843 1716 999 1745 servum,
1019 1704 1075 1737 cui
1095 1715 1186 1736 curae
1204 1702 1313 1735 aliena
1327 1700 1451 1741 clavis,
1467 1702 1521 1731 ‘rel

844 1769 1034 1802 pauperem
1057 1756 1195 1794 saltem,
1212 1754 1268 1788 cui
1289 1766 1392 1787 nemo
1410 1753 1518 1785 saniu-

842 1810 916 1851 lus,
933 1810 993 1856 qui
1007 1809 1115 1855 ipsius
1131 1807 1325 1842 custodiret
1341 1807 1463 1840 claves,

658 1953 979 2008 XXXVI.

584 2111 648 2139 An
687 2089 1042 2140 flammivom*

176 2236 429 2278 LAunATus
455 2244 603 2279 nostro
628 2235 826 2296 quidam,
847 2237 1069 2290 Faustine,
1097 2235 1239 2278 libello

245 2304 522 2361 Dissimulat,
542 2307 663 2366 quasi
689 2305 747 2350 nil
773 2307 929 2350 debeat
955 2323 963 2348 :
992 2307 1206 2366 imposuit.

157 2439 171 2451 ''
200 2442 336 2475 Nullam
378 2442 538 2476 lectionis
573 2444 773 2477 varietatem

104 2495 271 2528 exhibent
303 2496 512 2541 exemplaria
548 2496 583 2529 in
612 2496 679 2530 hnc
705 2497 775 2542 epi-

103 2556 304 2592 gran-mate.

161 2613 173 2632 ι
184 2627 189 2633 .
200 2601 374 2634 laudam„
393 2601 469 2634 Suis
485 2601 638 2634 vers-ibus
654 2603 776 2634 Roma-

103 2664 165 2686 nos
180 2654 373 2688 celebrabat
391 2654 579 2695 Martialis,
597 2663 631 2687 ut
650 2655 690 2687 ab
708 2654 775 2687 illis

836 2456 966 2477 munus
983 2443 1124 2488 aliquod
1141 2444 1310 2488 acciperet
1322 2458 1330 2484 ;
1344 2444 1399 2476 hic
1415 2456 1513 2481 vero,

835 2496 880 2529 de
903 2509 973 2541 quo
995 2496 1174 2541 loquitur,
1196 2497 1297 2529 linxit
1321 2510 1355 2529 sc
1379 2498 1511 2529 nescire

835 2548 993 2582 (landum
1018 2562 1090 2582 esse
1109 2549 1224 2582 Poetae
1245 2549 1426 2594 prinmium
1441 2576 1448 2589 ,
1465 2558 1511 2582 at-

837 2614 907 2648 que
932 2603 976 2635 ita
999 2615 1092 2647 spem
1117 2604 1191 2647 ejus
1211 2601 1443 2635 defraudavit

892 2669 920 2688 2,
935 2655 1094 2700 Imposuit.
1112 2655 1256 2695 Gallice,
1273 2656 1304 2688 [ί
1318 2656 1398 2688 ηιέη
1422 2669 1440 2687 (ι
1463 2659 1515 2687 im-

1241 2720 1298 2781 [1³
