1978 3305
231 279 360 313 XLIV.

248 333 360 365 XLV.

232 385 363 417 XLVI.

214 437 361 470 XLVII.

194 489 362 523 XLVIII.

233 542 361 575 XLIX.

321 594 362 626 L.

302 646 362 678 LI.

283 698 360 732 LII.

263 750 360 783 LIII.

266 802 361 836 LIV.

283 855 361 888 LV.

266 907 362 941 LVI.

248 959 362 993 LVII.

229 1012 362 1045 LVIII.

265 1064 362 1098 LIX.

285 1117 363 1151 LX.

267 1169 362 1203 LXI.

249 1222 363 1256 LXII.

229 1274 363 1308 LXIII.

231 1327 362 1360 LXIV.

250 1379 363 1414 LXV.

231 1432 364 1466 LXVI.

212 1484 360 1519 LXVII.

197 1537 364 1572 LXVIII.

234 1591 365 1624 LXIX.

253 1643 365 1678 LXX.

235 1696 366 1731 LXXI.

216 1748 365 1783 LXXII.

195 1801 364 1835 LXXIII.

198 1854 364 1888 LXXIV.

217 1907 365 1941 LXXV.

198 1959 365 1994 LXXVI.

181 2011 365 2047 LXXVII.

161 2064 366 2099 LXXVIII.

200 2118 366 2152 LXXIX.

221 2171 368 2205 LXXX.

205 2223 368 2257 LXXXI.

184 2276 368 2309 LXXXII.

166 2328 368 2362 LXXXIII.

167 2380 367 2414 LXXXIV.

186 2433 366 2467 LXXXV.

166 2485 366 2519 LXXXVI.

144 2537 365 2572 LXXXVII.

126 2590 365 2625 LXXXVIII.

166 2643 365 2678 LXXXIX.

678 194 954 238 TABULA.
1419 192 1516 257 677

387 277 443 312 Ad
463 279 508 321 Q.
527 277 695 313 Ovidium
744 303 1292 313 ...............
1334 278 1416 326 Pag.
1446 280 1465 315 5
1475 294 1489 315 1
1500 284 1521 316 6

386 333 427 365 In
441 330 624 365 delicatum
640 332 807 366 leotorem
855 356 1415 367 ...............
1445 333 1465 368 5
1475 346 1489 367 1
1498 347 1518 379 7

387 385 429 417 In
448 384 652 418 Mathonem
668 410 677 419 .
707 411 716 419 .
746 410 755 418 .
784 410 793 417 .
824 405 833 413 -
863 409 1418 419 ...............
1450 385 1521 420 518

387 435 443 469 Ad
460 437 481 470 J
485 437 595 470 ulium
611 436 808 471 Martialem
861 461 1415 471 ...............
1446 437 1466 473 5
1476 452 1490 473 1
1499 451 1521 484 9

387 489 490 523 Parat
506 498 608 535 poeta
623 489 824 524 convivium
830 513 1418 525 ................
1450 491 1469 524 5
1477 504 1494 524 2
1503 503 1519 525 1

386 541 429 574 In
449 541 589 575 Cottam
616 565 1416 576 .....................
1448 543 1466 578 5
1476 556 1493 577 2
1501 543 1521 577 5

386 594 439 627 De
463 605 587 639 scorpo
631 617 1417 628 .....................
1450 595 1468 629 5
1477 608 1493 629 π
1501 598 1523 629 6

386 644 443 679 Ad
463 645 666 679 Faustinum
704 670 1419 681 ...................
1451 648 1471 682 5
1477 662 1494 682 2
1501 661 1521 693 7

386 699 438 731 De
454 697 607 743 spadone
635 722 1419 733 .....................
1451 700 1472 734 5
1478 715 1495 735 2
1501 713 1522 745 9

386 749 619 796 Epitaphium
635 749 761 796 Scorpi
785 775 793 783 .
822 775 831 784 .
863 745 883 783 .'
900 775 1418 786 ..............
1451 752 1469 787 5
1478 766 1495 787 2
1503 765 1523 797 9

386 803 429 835 In
451 802 558 836 Olum
590 827 1421 839 ......................
1453 805 1525 839 530

386 855 429 888 In
445 855 630 889 Marullam
663 880 1418 890 ....................
1450 858 1469 891 5
1477 857 1495 891 3
1505 870 1519 891 1

387 908 430 941 In
449 907 590 942 Gallum
627 932 1417 944 .....................
1448 910 1468 944 3
1475 909 1494 943 3
1504 923 1518 944 1

388 958 445 993 Ad
461 960 601 994 Sextum
625 985 1417 996 .....................
1448 962 1468 997 5
1475 963 1494 997 3
1501 963 1521 997 3

388 1012 443 1046 Ad
463 1013 671 1047 Frontinum
709 1038 1419 1048 ...................
1450 1015 1469 1050 5
1477 1016 1495 1049 3
1503 1014 1522 1048 3

387 1066 430 1099 In
452 1064 639 1099 delicatum
660 1066 824 1100 lectorem
827 1091 1420 1101 ................
1452 1067 1523 1102 535

387 1118 440 1150 De
458 1118 545 1153 Mun
551 1130 596 1151 na
626 1142 1419 1153 .....................
1451 1120 1469 1155 5
1477 1121 1495 1155 3
1502 1123 1524 1155 6

387 1171 618 1216 Epitaphium
637 1170 748 1205 Erotii
785 1195 1418 1206 .................
1450 1172 1469 1207 5
1477 1174 1496 1208 3
1502 1176 1523 1208 6

389 1222 444 1256 Ad
466 1224 666 1269 magistrum
686 1221 764 1257 ludi
785 1248 1421 1259 .................
1453 1226 1523 1271 537

388 1272 618 1322 Epitaphium
638 1275 768 1309 nobilis
786 1283 954 1310 matronae
984 1301 1419 1312 ............
1451 1278 1524 1314 538

388 1327 443 1361 Ad
462 1328 597 1362 Pollam
621 1352 1418 1364 .....................
1450 1330 1470 1366 5
1476 1332 1496 1365 3
1503 1343 1523 1375 9

389 1381 430 1414 In
448 1381 717 1415 Carmenionem
747 1406 1420 1417 ..................
1452 1383 1470 1418 5
1478 1389 1498 1426 4
1504 1396 1526 1417 ο

388 1433 440 1467 De
458 1433 690 1480 Theopompo
705 1459 1418 1469 ...................
1451 1437 1470 1470 5
1478 1441 1498 1478 4
1507 1450 1521 1471 1

388 1485 616 1532 Epitaphium
636 1486 761 1520 vetulae
788 1512 1422 1523 .................
1452 1490 1471 1524 5
1479 1493 1498 1531 4
1507 1502 1524 1523 2

389 1539 432 1571 In
453 1539 594 1572 Laeliam
597 1565 1422 1575 ......................
1454 1541 1473 1577 5
1481 1546 1501 1583 4
1507 1541 1526 1575 3

390 1592 442 1624 De
460 1591 557 1625 Polla
598 1614 1422 1628 ......................
1453 1595 1472 1630 5
1481 1599 1500 1635 4
1507 1599 1528 1636 4

389 1642 445 1677 Ad
464 1644 616 1677 Potitum
657 1670 1420 1680 .....................
1453 1648 1472 1682 5
1480 1653 1499 1689 4
1506 1648 1524 1682 5

389 1697 442 1730 De
460 1697 603 1730 Rabirio
633 1723 1420 1733 .....................
1452 1702 1471 1735 5
1479 1705 1498 1742 4
1504 1703 1525 1735 6

389 1748 633 1784 Adulatorium
648 1747 691 1784 de
705 1749 837 1784 Caesare
848 1751 999 1796 Trajano
1016 1775 1420 1785 ...........
1453 1753 1471 1788 5
1479 1759 1524 1798 47

389 1801 445 1835 Ad
461 1803 631 1836 Marcum.
672 1828 1420 1838 ....................
1452 1807 1471 1840 5
1479 1811 1497 1847 4
1505 1808 1524 1841 8

390 1854 443 1888 Ad
461 1856 608 1888 Romam
656 1879 1420 1896 ....................
1452 1858 1470 1893 5
1478 1863 1497 1899 4
1505 1872 1525 1903 9

391 1908 443 1942 De
458 1907 556 1942 Galla
595 1933 1423 1944 ......................
1456 1912 1473 1946 5
1482 1911 1527 1946 50

390 1961 442 1994 De
459 1959 585 1993 Maevio
621 1986 1418 1996 .....................
1452 1964 1470 1998 5
1479 1965 1497 1998 5
1507 1977 1520 1997 1

391 2014 443 2047 De
464 2013 555 2047 Caro
573 2011 710 2047 medico
746 2039 1421 2050 ..................
1452 2016 1471 2051 5
1481 2018 1498 2051 5
1507 2030 1523 2050 2

391 2064 447 2099 Ad
465 2065 624 2099 Macrum
669 2091 1422 2103 ....................
1453 2069 1471 2104 5
1480 2070 1498 2105 5
1507 2083 1524 2102 2

391 2119 444 2152 De
461 2118 642 2164 Torquato
663 2127 698 2153 et
717 2119 864 2153 Otacilio
905 2145 1421 2156 ..............
1453 2124 1472 2156 5
1480 2123 1497 2157 5
1507 2127 1525 2163 4

392 2172 444 2204 De
463 2171 570 2205 Erote
626 2197 1422 2208 .....................
1454 2175 1472 2209 5
1480 2176 1498 2210 5
1507 2176 1525 2208 5

393 2224 446 2256 De
463 2222 626 2269 Phyllide
630 2250 1424 2266 .....................
1455 2230 1474 2263 5
1483 2229 1501 2263 5
1509 2229 1527 2263 5

393 2275 448 2309 Ad
468 2273 610 2309 Gallum
626 2298 1421 2314 .....................
1454 2281 1473 2316 5
1481 2282 1499 2316 5
1506 2285 1526 2316 6

393 2328 450 2362 Ad
469 2329 646 2363 Marinum
674 2355 1422 2366 ....................
1456 2333 1474 2368 5
1483 2335 1527 2381 57

392 2381 444 2416 De
465 2382 553 2415 Afro
566 2407 576 2424 ‚
594 2380 637 2415 ad
656 2381 887 2417 Caeditianum
904 2408 1425 2421 ..............
1456 2386 1475 2420 5
1483 2388 1500 2422 5
1508 2390 1529 2422 8

392 2435 444 2469 De
463 2433 623 2468 Ladonte
642 2443 745 2469 nauta
787 2461 1422 2472 .................
1455 2439 1474 2473 5
1482 2440 1527 2485 59

392 2487 444 2521 De
462 2487 578 2521 Lauro
591 2512 1424 2525 ......................
1455 2492 1529 2527 560

391 2540 444 2573 De
461 2540 567 2574 natali
584 2540 739 2575 restituti
787 2567 1425 2578 .................
1456 2544 1528 2580 560

391 2592 448 2626 Ad
470 2593 610 2628 Cottam
630 2619 1424 2630 .....................
1456 2597 1475 2631 5
1482 2600 1503 2631 6
1511 2611 1527 2631 2

392 2646 444 2679 De
466 2653 578 2680 statua
595 2647 745 2681 Junonis
794 2673 1426 2683 .................
1460 2650 1530 2684 562
