1978 3305
474 216 564 261 170

842 201 905 243 Μ.
930 201 1069 244 VAL.
1109 199 1500 243 MARTIALIS

673 289 730 331 Et.
756 287 844 343 his,
871 297 1046 348 terque,
1065 296 1304 348 quaterque
1326 286 1524 330 basiavit.

674 356 792 414 Quid
823 357 1059 417 profecerit
1088 356 1258 412 osculo,
1286 354 1498 417 requiris?

676 428 912 471 Sexcentos
935 427 1067 477 modo
1090 429 1164 489 qui
1187 427 1341 483 dabat,
1365 426 1551 487 negavit.

465 561 536 587 vrat
547 551 688 598 quidem
701 552 825 594 facilis;
841 560 875 587 at
887 553 1056 587 instructa
1069 562 1142 588 arte

467 605 662 639 meretricia
679 605 841 651 negabat,
859 619 931 652 quo
947 607 1055 652 magis
1072 607 1144 653 pla-

463 667 568 692 ceret.
588 658 721 692 Gallice
732 685 742 701 ‚
759 659 791 691 la
808 662 1007 706 coquetterie.

1271 567 1305 598 9.
1344 553 1496 598 Negabit.
1538 551 1745 586 Beverlandi
1796 553 1880 593 MS;

1203 607 1313 648 male3
1333 605 1412 652 quia
1423 606 1594 651 profecerit
1606 633 1615 646 ‚
1637 605 1714 639 vult
1734 605 1880 650 preteri-

1204 668 1279 694 tum
1299 661 1436 705 negavit.
1458 659 1523 692 ΕΙ).

1032 800 1304 855 LXVII.

679 955 744 983 AD
783 955 1067 985 PANNlCUM
1105 957 1171 984 DE
1210 956 1410 985 GELLIA
1450 935 1670 984 uxonssf

537 1067 639 1110 CUR
665 1075 836 1110 tantum
861 1066 1086 1110 eunuchos
1116 1066 1276 1110 habeat
1306 1076 1380 1110 tua
1409 1065 1577 1122 Gellia,
1599 1067 1779 1126 quaeris,

608 1136 829 1181 Pannice?
849 1135 943 1180 vult
969 1136 1081 1181 futui
1102 1136 1242 1181 Gellia
1258 1173 1269 1192 ‚
1292 1154 1383 1181 non
1404 1152 1571 1198 parere.

523 1262 538 1275 '¹
563 1264 623 1296 Ad
652 1264 829 1296 Panna-um
865 1263 1070 1297 inscribitur
1111 1264 1147 1297 in

1207 1263 1281 1297 MS.
1308 1272 1342 1297 et
1369 1262 1479 1298 codex
1505 1264 1708 1298 Pulmanni.
1734 1284 1785 1290 --
1812 1264 1887 1296 Non

470 1315 550 1349 edd.
574 1325 656 1349 vett.
670 1316 817 1350 —Vide
837 1329 940 1363 supra
961 1329 1016 1363 ep.
1040 1329 1147 1350 xxxnr
1202 1330 1325 1362 paret-e.
1346 1317 1461 1350 Juven
1482 1325 1543 1350 sat.
1562 1329 1600 1350 w
1616 1342 1625 1357 ‚
1647 1317 1741 1361 367:
1767 1333 1781 1345 α
1798 1316 1887 1349 Sunt

471 1381 574 1402 versu
596 1369 735 1403 ultimo.

530 1435 559 1455 1.
577 1421 700 1456 Codex
717 1423 910 1456 Thuaneus
927 1435 935 1456 :
955 1431 1011 1456 tua
1027 1423 1144 1463 Caelia,

472 1483 506 1507 et
523 1475 571 1508 sic
589 1489 621 1508 V.
648 1489 680 1508 2.

528 1540 560 1561 2.
591 1528 712 1569 Gellia,
737 1542 792 1561 nec
808 1542 920 1574 parere
939 1528 1148 1562 Beverlandi

1207 1383 1290 1416 quas
1320 1370 1477 1403 eunuchi
1504 1369 1685 1411 imbelles,
1706 1382 1745 1403 ac
1770 1368 1888 1401 mollia

1206 1435 1345 1469 semper
1360 1423 1490 1457 Oscula
1506 1422 1681 1457 delectent
1695 1420 1887 1464 »,etc.Vid.

1208 1477 1291 1510 Vol.
1316 1477 1354 1518 I,
1388 1488 1466 1522 pag.
1495 1476 1568 1516 364
1601 1485 1635 1510 et
1665 1476 1763 1516 463,
1789 1483 1889 1508 notas

1209 1537 1357 1563 nostras.
1377 1529 1445 1563 ΕΙ).

1020 1677 1352 1734 LXVIII.

790 1835 855 1862 DE

894 1834 1078 1862 MORTE
1117 1833 1352 1863 EUTYCHI
1392 1834 1571 1863 PUERI.

543 1959 695 2001 FLETE
721 1957 841 2002 nefas
869 1967 1088 2012 vestrum,
1118 1957 1191 2002 sed
1222 1967 1315 2001 toto
1342 1957 1441 2001 flete
1466 1958 1687 2010 Lucrino,

617 2028 803 2083 Naides,
827 2039 870 2073 et
895 2027 1038 2073 luctus
1062 2029 1217 2072 sentiat
1239 2029 1331 2089 ipsa
1351 2027 1513 2071 Thetis.

536 2169 563 2190 1.
588 2157 691 2199 Nefas
714 2164 863 2189 vestrum.
886 2154 992 2198 Quod
1016 2156 1060 2189 sit
1086 2156 1153 2188 hoc

479 2210 592 2251 nefas,
620 2209 762 2244 docebit
791 2209 916 2243 tertius
943 2221 1073 2243 versus.
1101 2229 1154 2234 ·--

484 2264 652 2308 'I'otoflete
667 2264 814 2296 Lucrino.
828 2262 964 2296 Emisso
982 2262 1078 2308 quasi
1092 2275 1154 2307 per

479 2317 647 2361 iacrymas
676 2324 750 2350 toto
779 2316 856 2350 lacu
882 2315 1038 2349 Lucrino
1061 2323 1095 2348 et
1117 2315 1153 2347 in

478 2382 573 2402 mare
588 2369 808 2414 profluente,
826 2377 863 2402 ut
877 2369 998 2403 Thetis
1015 2369 1049 2402 in
1070 2368 1155 2401 mari

479 2424 609 2455 luctum
630 2423 768 2456 sentiat.
784 2443 835 2449 —
853 2423 942 2456 Flete
963 2422 1064 2465 nefas.
1086 2422 1156 2455 Eu-

481 2475 606 2520 tychus
630 2489 715 2521 puer
735 2475 880 2510 Castrici
902 2475 1002 2521 aquis
1021 2475 1157 2509 Baianis

483 2529 672 2561 vxstinctus
683 2538 751 2567 est,
771 2531 868 2574 cujus
885 2537 1033 2562 mortem
1052 2528 1158 2561 deflet

481 2583 598 2615 Poeta.
626 2582 818 2616 Fontanius
854 2591 971 2616 noster
1008 2583 1158 2616 imitatus

483 2644 530 2668 Νι
544 2661 551 2674 ,
574 2636 666 2680 Elvg.
685 2649 738 2668 sur
757 2636 942 2674 FouQun'r.
959 2636 1023 2668 lin.

1271 2169 1302 2189 2.
1321 2155 1465 2188 Naiades
1480 2154 1514 2187 in
1534 2153 1613 2187 edd.
1632 2162 1716 2188 vett.
1735 2153 1896 2188 Scriben-

1214 2207 1299 2241 dum
1321 2208 1466 2247 Naides;
1488 2219 1569 2240 nam
1594 2207 1702 2241 altero
1723 2220 1793 2240 uon
1814 2216 1893 2240 sunt

1215 2261 1266 2295 usi
1280 2262 1445 2302 Veteres,
1461 2261 1528 2294 nisi
1545 2260 1606 2293 ubi
1625 2268 1776 2306 quatuor
1795 2261 1897 2306 sylla-

1214 2314 1338 2348 barum
1350 2327 1424 2348 eam
1436 2327 1558 2348 vocem
1570 2314 1727 2347 voluere:
1739 2313 1895 2347 Naiades.

1217 2368 1349 2413 -Ipsa
1370 2368 1488 2400 Thetis.
1504 2367 1626 2401 Thetis
1644 2367 1749 2401 Nerei
1763 2366 1848 2406 filia,
1863 2375 1895 2401 et

1218 2433 1306 2454 uxor
1322 2421 1416 2454 Pelei
1429 2447 1437 2463 ‚
1456 2434 1521 2466 pro
1540 2421 1614 2466 ipso
1631 2420 1718 2453 mari
1737 2419 1894 2466 ponitur.

1219 2474 1348 2508 Sensus
1362 2483 1411 2507 est
1427 2486 1433 2507 :
1454 2474 1576 2507 Thetis
1591 2472 1726 2514 audiat,
1739 2473 1794 2505 vel
1808 2473 1897 2506 sorte

1219 2528 1290 2574 ipsa
1317 2527 1516 2573 experiatur
1540 2534 1696 2560 vestrum
1720 2525 1895 2560 dolorem.

1220 2581 1392 2615 Lucrinus
1405 2593 1488 2614 vero
1503 2580 1537 2613 in
1554 2579 1741 2624 Campania
1753 2605 1762 2619 ‚
1773 2577 1878 2612 hodie
1890 2605 1898 2614 .

1224 2635 1298 2667 Jlm-
1319 2643 1430 2669 morlo.
1455 2635 1506 2667 vel
1530 2635 1618 2678 Lago
1637 2633 1670 2665 ‹li
1691 2633 1812 2666 Licola.
