1978 3305
408 230 995 274 EPIGRAMMATUM
1034 231 1157 274 LIB.
1199 232 1250 272 V.

1486 230 1550 276 33

751 388 932 443 XXI.

618 549 683 576 DE
721 529 1081 577 APOLLONIOf

211 680 447 737 QUINTUM
467 694 549 739 pro
570 678 779 730 Decimo,
800 694 881 739 pro
905 679 1089 731 Crasso,
1110 678 1299 739 Regulo,
1325 680 1529 724 Macrum

278 751 392 793 Ante
415 747 631 793 salutabat
655 748 826 792 Rhetor
854 747 1121 809 Apollonius.

209 819 339 864 Nunc
367 829 601 880 utrumque
623 835 701 863 suo
721 817 929 863 resalutat
948 820 1125 863 nomine
1142 836 1150 862 :
1171 829 1383 879 quantum

280 891 398 935 Cura
413 925 425 946 ,
449 889 659 950 laborque
685 886 850 950 potest!
876 890 1048 950 scripsit
1063 925 1074 943 ‚
1095 899 1138 933 et
1159 889 1346 934 edidicit.

192 1028 207 1044 '¹
222 1032 405 1066 Ironicum
429 1041 500 1073 est,
518 1032 663 1078 plenum
684 1032 763 1066 salis
782 1040 815 1065 et

139 1086 291 1132 leporis,
314 1093 349 1118 et
372 1085 589 1131 praecipuum
612 1085 718 1131 hujus
748 1086 816 1118 loci

140 1151 288 1173 acumen
306 1146 358 1172 est
375 1139 412 1171 in
433 1138 596 1172 antithesi
617 1139 814 1171 nominum.

140 1192 272 1226 Irridet
281 1192 375 1226 enirn
382 1191 613 1237 Apollonium
623 1191 816 1233 rhetorem,

140 1245 197 1279 cui
223 1253 295 1278 tam
318 1245 440 1278 infelix
468 1253 542 1278 erat
565 1245 754 1286 memoria,
776 1252 816 1278 ut

141 1297 213 1332 duo
223 1298 418 1332 amicorum
427 1298 570 1331 nomina
580 1298 732 1331 retinere
742 1310 812 1330 non

140 1359 258 1398 posset
270 1375 280 1392 ‚
298 1351 365 1384 nisi
383 1351 551 1384 scriberet
569 1358 602 1384 et
621 1349 791 1384 edisceret
804 1375 814 1391 ‚

141 1405 238 1438 velut
251 1404 461 1437 orationem.
477 1405 618 1436 Rama.

194 1469 222 1491 1.
230 1457 376 1490 Macrum
386 1457 593 1490 Rob.Titius
603 1455 817 1497 emendavit;

142 1522 225 1544 nam
240 1510 383 1544 Marcus
399 1517 474 1543 erat
493 1510 597 1543 etiam
613 1522 818 1555 praenomen

142 1562 272 1596 Licinii
291 1562 427 1597 Crassi:
447 1572 481 1596 et
505 1564 551 1596 sic
576 1564 669 1608 conj.
696 1562 818 1595 Heral-

143 1615 221 1650 dus.
252 1615 363 1649 Macri
387 1615 547 1649 meminit
573 1615 736 1649 Tibullus
763 1616 818 1656 II,

145 1671 166 1701 6
177 1695 186 1710 ,
204 1681 236 1702 1.
251 1683 264 1696 «
276 1668 395 1703 Castra
409 1669 529 1702 Macer
541 1668 714 1714 sequitur,
727 1676 791 1701 etc.
802 1686 814 1698 »

143 1723 186 1755 In
207 1721 316 1767 antiq.
339 1720 423 1755 edit.
444 1722 587 1767 Argent.
609 1734 651 1755 ex
667 1720 821 1766 quodam

146 1774 227 1809 cod.
249 1782 393 1808 notatur
411 1774 569 1808 ,Mac-rum.
592 1796 644 1801 —-
664 1774 820 1807 Macrum.

145 1828 215 1861 Alii
227 1827 373 1861 Marcum
385 1854 395 1868 ,
414 1827 530 1860 minus
546 1827 636 1861 bene
647 1851 657 1868 ,
672 1840 752 1860 meo
765 1829 821 1872 ju-

146 1879 239 1914 dicio
263 1893 271 1913 :
293 1881 393 1926 jocus
417 1888 469 1914 est
494 1880 530 1914 in
555 1879 758 1913 nominibus
781 1888 821 1913 ut

147 1932 309 1967 ostendat
338 1933 508 1978 ineptiam
535 1933 735 1978 Apollonii,
759 1934 819 1979 qui

147 1986 342 2027 contraria,
368 1995 402 2019 et
432 1998 549 2020 secum
581 1998 724 2031 prorsus
751 1999 821 2031 pu-

875 1033 1017 1077 gnantia
1057 1031 1170 1074 dicat;
1212 1033 1395 1066 Decimum
1432 1034 1554 1068 medio

877 1086 1023 1118 nomine
1043 1085 1198 1119 salutans
1222 1086 1419 1128 Quintum,
1451 1096 1486 1121 et
1511 1087 1555 1120 de

878 1140 1003 1172 Crasso
1027 1139 1187 1172 Macrum
1207 1139 1347 1173 faciens.

946 1205 977 1224 2.
1016 1192 1135 1224 Rlzetor
1170 1191 1388 1237 Apollodorus
1430 1191 1554 1227 codice

874 1245 1047 1277 Thuaneo
1057 1257 1066 1286 3
1077 1243 1172 1278 unde
1188 1244 1424 1279 Beverlandus
1438 1247 1556 1291 legen·

875 1296 962 1330 dum
981 1309 1054 1331 esse
1072 1306 1189 1331 censet
1205 1299 1310 1331 rhetor
1325 1299 1554 1344 Apollodotus.

881 1367 895 1380 a
911 1351 1058 1383 Memini
1079 1350 1200 1384 audire
1219 1363 1261 1384 ex
1280 1351 1323 1384 cl.
1347 1364 1378 1384 v.
1402 1353 1446 1385 Is.
1461 1352 1553 1385 Vos-

877 1403 929 1436 sio
948 1404 985 1436 in
1001 1403 1077 1437 MS.
1102 1415 1174 1437 esse
1191 1405 1233 1438 R.
1251 1404 1493 1448 Apollododm‚
1512 1404 1556 1437 de

878 1469 948 1502 quo
967 1455 1203 1490 dubitandum
1218 1470 1292 1490 non
1307 1465 1358 1490 est
1372 1470 1380 1491 :
1397 1459 1432 1490 τὸ
1450 1452 1557 1491 Avo).-

878 1510 989 1548 λώνιος
1017 1518 1193 1555 repugnat
1214 1511 1279 1556 legi
1303 1522 1434 1551 versus,
1462 1519 1502 1544 ut
1523 1519 1558 1543 et

879 1557 1122 1607 Ᾱπολλόὸωρος.
1147 1562 1337 1597 Gronovius.

934 1616 969 1649 3.
994 1616 1154 1659 Quantum
1181 1629 1270 1648 cura.
1292 1614 1444 1649 Videtur
1473 1616 1559 1649 allu-

879 1667 963 1702 dere
981 1667 1025 1701 ad
1040 1667 1129 1701 illud
1149 1669 1291 1714 Virgilii
1307 1681 1314 1703 :
1337 1686 1351 1698 α
1368 1669 1466 1702 labor
1484 1681 1559 1701 oni-

881 1722 938 1754 nia
959 1721 1073 1754 vincit
1093 1722 1294 1766 Improbus.
1312 1740 1324 1751 ιι
1352 1722 1558 1767 Apollonius

882 1774 975 1807 enim
999 1773 1137 1808 assiduo
1159 1775 1279 1808 labore
1310 1773 1456 1808 edidicit
1485 1774 1559 1808 duo

882 1827 1074 1860 amicorum
1092 1828 1238 1860 nomina
1250 1853 1259 1870 ,
1272 1836 1305 1861 et
1326 1828 1474 1862 retinuit
1489 1837 1559 1861 tam

880 1879 942 1913 diu
965 1888 1004 1913 ut
1024 1888 1141 1926 posset
1159 1893 1216 1913 eos
1238 1881 1399 1914 salutare.

934 1937 967 1974 4.
992 1933 1168 1978 Scripserat
1189 1942 1220 1965 et
1236 1933 1350 1966 didicit
1372 1934 1408 1966 in
1428 1934 1557 1967 Rever-

881 1985 977 2019 landi
995 1985 1070 2019 MS.

743 2128 962 2183 XXII.

658 2285 710 2313 IN
748 2264 1057 2314 PAULLUM.*

224 2398 367 2440 ΜΑΝΕ
393 2396 511 2440 domi
537 2397 617 2440 nisi
642 2407 684 2440 te
709 2396 848 2451 volui,
875 2397 1101 2456 meruique
1126 2395 1293 2450 vidore,

207 2532 222 2545 ⁴
236 2537 309 2569 Cur
325 2535 446 2569 Paullo
463 2547 535 2567 non
553 2534 646 2568 dicat
663 2536 752 2571 Ace,
774 2547 829 2568 ex-

157 2597 253 2622 cusat
269 2590 334 2622 iter
348 2596 382 2622 et
397 2589 586 2621 absentiam
600 2587 720 2620 Paulli.
733 2587 832 2620 Paul-

158 2643 212 2675 lus
236 2641 295 2675 hic
317 2640 507 2675 causidicus
536 2640 663 2674 nobilis
684 2641 747 2673 fuit
761 2667 769 2682 ,
785 2639 828 2673 (le

232 2717 290 2758 Il.

890 2547 960 2579 quo
981 2547 1070 2579 saepe
1095 2534 1283 2575 Martialis,
1308 2543 1341 2567 et
1370 2535 1567 2576 Juvenalis,

891 2596 952 2621 sat.
975 2599 1040 2620 ΥΠ.

950 2653 979 2673 ῐ.
1007 2640 1100 2672 Mane
1121 2640 1205 2673 (lomi
1230 2642 1256 2671 sl
1275 2649 1302 2672 lc
1324 2642 1440 2680 ruat-ui,
1466 2641 1567 2673 volm-

1301 2711 1322 2731 '2

1300 2732 1325 2753 .)
