1978 3305
374 214 964 258 EPIGRAMMATUM
1001 215 1127 258 LIB.
1168 216 1322 258 VIII.

1455 215 1553 271 343

215 298 430 344 Adstabat
458 300 623 344 domini
652 302 813 345 mensis
843 300 1164 363 pulcherrimus
1190 300 1284 356 ille,

286 371 538 414 Marmorea
557 370 743 415 fundens
765 372 891 433 nigra
914 371 1096 416 Falerna
1118 388 1275 426 manu3

215 441 272 484 Et
296 439 428 484 libata
452 440 585 485 dabat
607 442 740 486 roseis
765 442 987 487 carchesia
1012 441 1170 497 labris⁷
1529 464 1556 486 .5

286 510 396 567 Quae
421 520 624 572 poterant
645 513 788 573 ipsum
816 511 1045 556 sollicitare
1067 515 1090 556 J
1094 528 1233 556 ovem.

216 580 392 624 Excidit
416 582 602 625 attonito
627 583 801 642 pinguis
824 581 1006 627 Galatea
1028 584 1194 637 Poetae,

287 650 503 712 Thestylis
532 660 575 695 et
602 651 757 695 rubras
778 652 989 696 messibus
1016 661 1112 695 usta
1138 668 1297 712 genas3

216 721 421 765 Protinus
446 720 617 766 Italiam
643 723 868 782 concepit,
893 731 938 778 et
963 723 1099 765 Arma
1127 722 1382 783 virumque,

286 791 376 847 Qui
405 790 537 835 modo
561 792 634 835 vix
661 790 858 836 Culicem
880 792 1062 836 fleverat
1084 809 1160 836 ore
1185 792 1296 836 rudi.

217 860 336 917 Quid
359 863 502 906 Varos
516 897 527 917 ‚
547 863 807 923 Marsosque
836 861 1011 924 loquar,
1036 862 1258 923 ditataque
1288 871 1438 906 vatum

285 932 499 984 Nomina,
527 948 712 994 magnus
743 933 824 976 erit
851 950 960 994 quos
985 949 1217 977 numerare
1242 932 1392 977 labor?

215 1002 335 1061 Ergo
365 1019 440 1046 ero
464 1002 697 1064 Virgilius,
722 1004 757 1047 si
787 1020 969 1048 munera
992 1005 1243 1048 Maecenatis

287 1073 378 1116 Des
402 1071 540 1116 mihi?
567 1072 768 1135 Virgilius
797 1091 886 1118 non
912 1091 1010 1128 ero,
1037 1075 1211 1118 Marsus
1240 1090 1329 1117 ero.

147 1201 220 1237 vid.
231 1204 418 1238 Turnebus
432 1205 493 1238 lib.
512 1205 635 1238 XXIX
648 1231 658 1247 ‚
674 1217 750 1251 cap.
767 1217 781 1239 1
791 1210 825 1246 4.

205 1269 219 1290 1
229 1257 263 1290 3.
279 1258 411 1290 Domini
425 1261 545 1292 mensis.
559 1258 773 1292 Maecenatis.

204 1314 263 1350 14.
281 1310 463 1343 ,Marmorea
474 1311 628 1354 fundens,
649 1319 716 1345 etc.
735 1312 827 1345 Can·

147 1361 247 1396 denti
278 1364 404 1408 purius
435 1364 537 1397 Pario
568 1376 754 1398 marmore.
782 1365 827 1398 Et

148 1416 344 1449 ἀντιτίθεται
362 1421 408 1461 τῷ
429 1420 523 1461 nigra
542 1417 694 1451 Falerna.

205 1468 262 1502 15.
281 1468 461 1504 carchesia.
477 1470 605 1503 Pocula
623 1469 708 1503 certi
726 1482 828 1515 gene-

149 1519 215 1561 ris,
227 1519 272 1554 de
283 1522 413 1566 quibus
424 1522 551 1556 Athen.
567 1523 630 1556 lib.
642 1524 707 1564 XI,
719 1535 748 1556 c.
767 1536 780 1556 1
792 1524 824 1557 3.

147 1595 201 1599 —
215 1572 437 1607 Clzarchesium
456 1583 529 1609 erat
548 1576 713 1621 poculum
731 1576 828 1609 Grae-

149 1626 198 1660 cis
235 1626 481 1661 tantummodo
519 1637 660 1662 notum.
698 1629 828 1661 Differt

150 1686 267 1712 autem
302 1693 321 1713 a
353 1688 466 1725 patera
478 1707 489 1721 ‚
517 1693 668 1726 quacum
703 1682 827 1727 saepius

149 1731 393 1766 confunditur.
422 1734 546 1767 Patera
580 1734 693 1775 enim,
721 1742 760 1767 ut
794 1743 828 1768 et

150 1783 266 1830 ipsum
295 1798 425 1819 nomen
447 1785 600 1829 indicat,
621 1787 767 1833 planum
787 1799 826 1820 ac

150 1845 273 1883 patens
291 1846 352 1872 est.
372 1839 596 1872 Carchesium
624 1852 709 1873 vero
742 1853 827 1886 pro-

151 1902 294 1932 cerum,
322 1900 356 1924 et
390 1892 480 1926 circa
507 1891 660 1925 mediam
692 1901 826 1938 partem

151 1955 389 1989 compressum
399 1969 409 1985 ,
422 1953 579 1978 ansatum
590 1944 826 1988 mediocriter,

152 1996 243 2029 ansis
262 2009 280 2029 a
299 2009 436 2030 summo
455 1996 500 2031 ad
516 1997 680 2031 infimum
695 1998 827 2044 pertin·

149 2049 324 2094 gentibus.
343 2050 413 2085 En.

209 2114 267 2147 17.
283 2103 420 2147 Pinguis
435 2102 586 2138 Galatea.
605 2104 732 2138 Sensus
751 2113 802 2138 est
816 2116 824 2137 :

151 2154 233 2187 Non
253 2156 402 2201 amplius
425 2156 574 2191 humilia
592 2157 731 2203 scripsit
752 2169 827 2190 car-

152 2207 248 2240 mina
271 2207 315 2242 de
338 2209 462 2254 agresti
486 2209 647 2249 Galatea,
675 2218 711 2244 et
733 2210 828 2243 The-

151 2260 257 2304 styli,
289 2263 390 2306 cujus
427 2274 524 2307 genae
555 2263 675 2297 aestivo
713 2263 828 2297 calore

152 2310 284 2346 adustae
314 2322 427 2348 erant.
456 2315 599 2349 Galatea
640 2323 691 2349 est
722 2328 828 2361 quam

151 2365 276 2411 saepius
304 2366 446 2400 exhibet
466 2367 635 2413 Virgilius
654 2367 692 2402 in
712 2369 827 2402 Buco-

152 2417 256 2453 licis:
282 2419 399 2465 Eclog.
419 2421 456 2461 I,
477 2419 547 2453 32:
569 2437 583 2449 ι
599 2419 749 2454 ...dum
770 2433 826 2454 me

152 2470 296 2505 Galatea
322 2473 482 2511 tenebat,
508 2473 582 2506 Nec
614 2485 691 2518 spes
721 2473 826 2507 liber-

153 2524 234 2558 tatis
267 2534 358 2565 erat,
393 2537 458 2559 nec
494 2538 577 2559 cura
601 2525 730 2571 peculi.
747 2544 761 2556 1·
784 2527 827 2559 Et

154 2576 271 2622 Eclog.
290 2579 362 2619 ΙΙΙ,
383 2581 429 2619 64
442 2604 451 2619 ,
470 2591 521 2623 sq.

944 1217 1003 1250 19.
1024 1207 1153 1239 Italiam
1175 1208 1315 1250 concepit
1327 1231 1336 1245 ,
1363 1212 1393 1237 et
1408 1218 1496 1237 arma
1512 1207 1563 1237 vi-

886 1271 1024 1303 rumque.
1041 1258 1083 1292 Id
1104 1267 1173 1300 est,
1190 1257 1373 1291 AEneidem
1388 1269 1564 1303 aggressus

886 1320 937 1345 est
948 1337 958 1353 ‚
968 1311 1005 1344 in
1016 1324 1082 1357 qua
1094 1311 1270 1357 praecipue
1280 1310 1324 1344 de
1335 1311 1435 1344 Italia
1451 1310 1564 1356 agitur

886 1372 921 1398 et
943 1366 1042 1410 cujus
1062 1364 1203 1397 initium
1227 1377 1235 1398 :
1267 1381 1280 1393 α
1296 1365 1402 1397 Arma
1428 1364 1563 1396 virum-

886 1429 956 1463 que
978 1430 1066 1450 cano
1086 1435 1117 1458 n,
1135 1426 1201 1451 etc.
1214 1417 1564 1462 -Frequentissime

886 1478 1002 1503 autem
1022 1469 1094 1503 duo
1109 1470 1182 1503 haec
1198 1471 1322 1503 verba:
1336 1470 1566 1502 Armavirum·

886 1536 944 1569 que
968 1522 1116 1556 AEneida
1147 1531 1254 1556 totam
1286 1522 1505 1567 significant;
1532 1529 1566 1554 et

886 1575 935 1609 sic
961 1576 1097 1609 Persius
1119 1576 1155 1608 iu
1173 1584 1233 1609 sat.
1255 1588 1288 1616 1,
1307 1577 1373 1619 96,
1399 1593 1412 1604 α
1432 1575 1536 1608 Arma
1551 1601 1559 1614 ‚

885 1630 1008 1669 virum,
1040 1640 1157 1661 nonne
1190 1628 1257 1661 hoc
1280 1640 1498 1678 [spumosum
1531 1635 1565 1660 et

886 1681 1014 1714 cortice
1033 1680 1182 1726 pingui?
1201 1697 1214 1710 n
1239 1679 1332 1713 Vide
1352 1692 1431 1725 quae
1449 1680 1563 1713 fusius

885 1733 1111 1767 disseruimus
1128 1733 1172 1766 ad
1187 1734 1304 1767 locum
1320 1733 1416 1766 hunc
1432 1733 1561 1772 Persii,

886 1780 1043 1830 (Juven.
1059 1786 1141 1819 Vol.
1158 1787 1233 1826 ΙΙΙ,
1253 1798 1332 1831 pag.
1349 1779 1433 1828 54.)
1451 1786 1522 1819 En.

941 1852 999 1872 20.
1029 1839 1096 1872 Via:
1127 1838 1277 1872 Culicem.
1306 1839 1435 1872 Poema
1468 1837 1564 1884 quod

885 1892 1022 1938 scripsit
1039 1891 1210 1937 Virgilius
1232 1890 1276 1925 de
1297 1891 1418 1925 culice.

941 1957 999 1978 21.
1026 1945 1219 1990 Dictataque
1240 1952 1350 1977 vatum
1377 1945 1414 1977 in
1442 1942 1563 1978 codice

884 1997 1234 2041 Pulmanni.-—Quid
1242 1997 1451 2031 Pht-os.Vari
1465 2009 1563 2029 men-

884 2051 1017 2084 tionem
1037 2050 1120 2084 facit
1135 2049 1306 2096 Virgilius
1325 2050 1441 2095 ecloga
1457 2062 1506 2082 VI.

942 2102 998 2136 23.
1018 2104 1112 2148 Ergo
1130 2116 1189 2148 ego
1207 2101 1417 2136 Beverlandi
1436 2102 1513 2135 MS.

942 2160 1001 2197 24.
1024 2157 1154 2190 Marsus
1178 2169 1240 2189 er0.
1267 2155 1399 2200 Epicus
1425 2154 1566 2199 quidem

886 2221 959 2242 non
989 2221 1049 2244 ero
1078 2217 1199 2254 poeta,
1229 2207 1290 2241 sed
1315 2207 1461 2241 scribam
1490 2207 1566 2252 epi-

887 2270 1096 2308 grammata,
1117 2261 1233 2306 qualia
1254 2261 1409 2300 Marsus,
1429 2259 1473 2293 de
1496 2273 1566 2306 quo

886 2315 950 2348 lib.
977 2315 1033 2355 11,
1062 2314 1174 2359 epigr.
1200 2325 1302 2354 uxr,
1328 2322 1361 2347 et
1385 2313 1446 2347 lib.
1467 2313 1564 2351 VII,

887 2367 998 2413 epigr.
1023 2379 1114 2400 xc1x.
1143 2364 1285 2400 Herald.
1316 2365 1456 2407 scribit,
1473 2366 1566 2399 Μαι·-

885 2433 939 2452 cus
951 2433 1016 2459 ero,
1034 2420 1103 2453 hoc
1119 2427 1185 2461 est,
1201 2418 1341 2463 inquit,
1352 2419 1491 2452 Marcus
1505 2431 1565 2452 ero

885 2472 1074 2513 Martialis,
1094 2480 1128 2505 et
1146 2472 1231 2505 huic
1249 2471 1390 2504 nomini
1407 2484 1481 2505 non
1501 2471 1566 2504 mi-

885 2538 950 2559 nus
977 2524 1185 2558 celebritatis
1217 2524 1435 2566 conciliabo,
1462 2537 1565 2570 quam

887 2577 1057 2623 Virgilius
1075 2578 1160 2611 olim
1178 2577 1375 2612 conciliavit
1395 2590 1471 2610 suo.

1268 2686 1356 2739 22⁴
