1978 3305
359 223 944 268 EPIGRAMMATUM
984 226 1106 268 Llss.
1148 226 1294 267 VIII.

270 315 437 358 Auctor
462 316 577 358 enim
607 316 715 359 tanti
745 319 937 361 muneris
966 316 1035 361 ille
1063 317 1179 361 mihi.

204 385 247 428 Si
266 384 508 429 Telethusa
533 387 675 441 venit,
702 389 1001 448 promissaque
1027 387 1184 448 gaudia
1213 397 1379 449 portat,

273 456 493 499 Servabor
523 455 731 510 dominae,
761 458 899 512 Rufe,
927 459 1083 502 triente
1109 467 1183 502 tuo
1213 475 1221 501 τ

207 525 251 568 Si
281 524 414 568 dubia
442 535 529 582 est,
555 535 763 587 septunce
788 527 939 571 trahar
961 545 969 570 :
995 529 1029 572 si
1054 527 1164 572 fallit
1188 537 1430 584 amantem,
1517 548 1548 571 25

274 596 337 639 Ut
361 595 557 657 jugulem
584 612 731 651 curas,
755 614 917 641 nomen
947 607 1180 658 utrumque
1210 599 1370 642 bibam.

1447 224 1539 287 337

132 743 288 781 quatuor
299 734 483 768 literarum
497 760 507 776 ‚
522 746 606 779 quas
620 735 725 768 habet
737 735 813 780 Rufi

134 800 266 821 nomen
286 788 323 820 in
344 787 524 829 vocativo;
549 795 582 820 at
603 800 686 820 vero
706 787 734 821 si
761 788 813 821 in·

135 848 270 875 certum
283 840 347 881 sit,
363 852 447 873 num
463 839 507 873 ad
523 852 578 873 me
592 848 737 873 ventura
753 841 810 881 sit,

135 893 292 927 hauriam
325 901 528 938 septuncem
565 905 630 938 pro
662 905 812 927 numero

136 953 268 992 septem
295 946 477 980 literarum
503 957 589 991 quas
618 945 724 979 habet
752 959 814 979 no-

136 1011 218 1032 rnen
236 999 363 1032 Instans
393 998 429 1031 iu
455 1007 562 1031 recto,
587 998 623 1031 Si
641 999 814 1044 legeretur

137 1052 293 1091 Instanti,
322 1052 358 1085 in
381 1059 479 1085 recto
505 1059 592 1084 esset
617 1052 813 1085 Instantius:

137 1103 338 1138 dextantem
369 1116 452 1150 ergo
481 1104 627 1137 haurire
658 1103 813 1139 deberet.

139 1156 269 1190 Videat
286 1157 409 1191 lector.
430 1156 592 1190 Difficilis
611 1157 697 1190 mihi
716 1157 815 1191 vide-

139 1218 197 1243 tur
226 1209 289 1243 iste
318 1210 428 1244 locus.
458 1209 563 1242 Forte
591 1210 728 1243 Instans
757 1219 816 1244 aut

139 1262 328 1296 Instantius
354 1262 466 1296 Rufus
493 1262 694 1307 promiscue
721 1262 816 1296 dice-

139 1316 242 1349 batur
262 1327 270 1348 :
291 1315 348 1348 vel
376 1316 462 1348 alter
481 1323 567 1348 erat.
588 1315 657 1348 Alii
679 1315 728 1349 sic
757 1328 816 1349 ex-

140 1368 283 1413 plicant.
309 1367 345 1400 Si
369 1366 598 1413 exspectanda
621 1368 664 1401 sit
689 1368 816 1410 amica,

141 1429 175 1454 et
186 1421 272 1453 hinc
283 1421 422 1466 parcius
437 1419 632 1453 bibendum
641 1446 652 1461 ‚
663 1429 701 1454 ut
711 1421 771 1455 lib.
782 1422 799 1454 Ι
808 1447 818 1463 ,

143 1473 251 1519 epigr.
280 1486 353 1506 cvu
371 1499 380 1514 ‚
409 1481 595 1506 contentus
625 1486 686 1507 ero
715 1475 817 1519 quin-

143 1538 254 1560 cunce
268 1550 276 1562 ‚
293 1526 355 1559 lib.
372 1527 406 1567 I,
425 1526 535 1571 epigr.
557 1538 690 1567 xxvnz,
708 1539 757 1560 vs.
780 1539 818 1568 23

143 1579 299 1624 quinque
330 1579 463 1624 cyathis
480 1604 489 1619 ‚
527 1579 586 1624 qui
630 1578 737 1612 triens
771 1588 821 1613 est

143 1640 226 1665 tuus
238 1658 247 1673 ‚
261 1632 327 1665 hoc
339 1640 400 1673 est,
417 1643 582 1665 numerus
594 1631 703 1665 tertiae
712 1632 821 1678 partis

870 737 1023 770 nominis
1045 736 1096 770 tui
1115 738 1290 770 Instantius
1306 739 1408 781 Rufiaes
1421 767 1429 779 ‚
1449 739 1546 785 quod

870 789 1053 823 literarum
1066 797 1117 822 est
1133 803 1187 823 xv.
1205 791 1319 835 Eligat
1336 792 1458 825 lector,

929 842 986 875 23.
1021 842 1240 888 Promissuque
1271 844 1393 888 gaudia
1426 847 1552 889 J’rqst-‘l'l

875 893 987 928 codex
1008 895 1209 928 Pulmanni.

928 947 986 980 25.
1003 947 1157 992 Septunce
1176 949 1296 982 trahar.
1315 949 1454 995 Septem
1476 962 1555 996 cya-

872 999 954 1040 this,
973 1000 1033 1046 qui
1054 1000 1244 1034 dimidium
1264 1010 1550 1048 praeterpropter

871 1053 1054 1086 literarum
1078 1065 1122 1086 xv
1141 1054 1294 1087 nominis
1315 1055 1378 1088 tui.

930 1107 991 1139 26.
1026 1105 1072 1138 Ut
1095 1107 1239 1151 jugalem
1270 1120 1371 1141 curas.
1407 1108 1554 1152 Elegans

873 1158 1031 1203 Metaph.
1056 1167 1096 1192 ut
1122 1159 1307 1193 conficiam
1325 1173 1446 1201 curas,
1471 1161 1554 1193 affe·

874 1219 952 1244 ctus
965 1219 1000 1243 et
1012 1223 1144 1245 amores
1153 1238 1162 1253 ‚
1175 1225 1252 1258 quae
1271 1225 1362 1259 saepe
1375 1213 1533 1246 cruciant
1544 1238 1554 1254 ,

874 1264 1095 1308 strangulant
1124 1273 1158 1297 et
1184 1266 1345 1310 jugulant
1369 1266 1530 1298 homines
1546 1289 1556 1305 ‚

876 1324 910 1349 et
930 1316 998 1349 hoc
1015 1329 1056 1349 ex
1077 1326 1252 1362 praecepto
1274 1317 1395 1351 Ovidii
1417 1319 1477 1351 lib.
1496 1319 1532 1351 II
1547 1345 1556 1359 ‚

876 1367 919 1401 de*
939 1369 1084 1403 Remed.
1113 1371 1190 1402 Am.
1218 1372 1290 1414 809
1309 1383 1317 1404 :
1337 1387 1350 1399 «
1366 1372 1436 1404 Aut
1456 1371 1554 1404 nulla

876 1421 1024 1454 ebrietas
1037 1448 1046 1462 ‚
1058 1430 1116 1455 aut
1132 1431 1224 1456 tanta
1238 1423 1300 1463 sit,
1313 1432 1352 1456 ut
1369 1424 1432 1456 tibi
1456 1436 1556 1457 curas

877 1475 1023 1519 Eripiat.
1035 1492 1047 1504 »ι
1056 1475 1230 1508 —Nomen
1242 1484 1413 1522 utrumque.
1423 1477 1499 1509 Hoc
1508 1485 1559 1510 est

878 1526 1044 1560 undecim
1063 1528 1220 1572 cyathos,
1238 1541 1298 1562 seu
1316 1528 1506 1570 deuncem;
1524 1537 1558 1562 et

881 1580 955 1613 aliis
974 1606 982 1621 ‚
1011 1581 1136 1625 quibus
1162 1582 1356 1615 Instantius
1382 1582 1496 1615 Rufus
1520 1581 1558 1614 in

880 1641 978 1666 recto
987 1645 1066 1667 casu
1078 1633 1168 1666 sumi
1179 1633 1331 1676 videtur,
1339 1634 1558 1680 quindecim.

785 1781 918 1837 LII.

603 1937 672 1964 AD
715 1936 1106 1965 CEDITIANUM.

358 2061 616 2105 TONSOREM
646 2076 856 2120 puerum,
888 2059 963 2103 sed
993 2069 1085 2103 arte
1116 2059 1266 2116 talem,

360 2129 512 2188 Qualis
537 2147 617 2174 nec
640 2129 878 2174 Thalamus
903 2129 985 2173 fuit
1005 2131 1216 2185 Neronis,

360 2203 608 2245 Drusorum
638 2201 707 2244 cui
736 2201 959 2261 contigere
984 2200 1154 2255 barbae,

359 2270 607 2331 AEquandas
636 2269 769 2314 semel
799 2272 843 2313 in
874 2286 1005 2331 genas
1032 2280 1232 2331 rogatus,

362 2341 503 2395 Rufo,
534 2340 783 2394 Cedifiane,
816 2339 1105 2385 commodavi.
1554 2362 1566 2385 s

209 2498 240 2517 2.
252 2485 319 2518 Nec
337 2484 518 2516 Thalamus.
533 2483 670 2515 Nomen
683 2483 834 2515 tonsoris

152 2537 315 2571 Neronis.
328 2537 424 2582 Lips.
437 2536 683 2581 Epist.Quaest.
694 2535 717 2566 l.
729 2534 835 2574 1,c.5.

210 2591 245 2624 3.
270 2591 459 2623 Drusorum.
489 2588 643 2621 Familiae
665 2587 816 2620 Neronis
830 2613 839 2627 ‚

157 2644 212 2675 cui
229 2654 422 2688 cognomen
439 2640 631 2675 addebatur
645 2640 838 2673 sEnobarbi

232 2716 298 2757 II.

896 2495 912 2514 a
924 2482 1096 2515 Domitio:
1107 2481 1176 2515 vid.
1191 2482 1279 2515 ratio
1289 2483 1381 2528 apud
1392 2485 1571 2518 Plutarch.

897 2535 932 2567 in
953 2535 1107 2568 AEmilio.
1131 2535 1186 2568 Cf.
1211 2536 1317 2569 Dion.
1327 2537 1391 2570 VI.
1401 2559 1450 2563 —
1461 2538 1572 2571 Conti-

896 2600 979 2632 gerc.
997 2586 1050 2619 Ad
1068 2587 1264 2621 radendum
1277 2615 1285 2629 ,
1296 2589 1520 2623 comendam.

954 2645 987 2680 4.
1022 2640 1206 2686 AEquandoe
1237 2640 1345 2676 codex
1378 2643 1574 2677 Pulmanni.

1309 2731 1367 2757 22
