1978 3305
493 242 587 299 354

875 243 938 285 M.
958 242 1098 285 VAL.
1138 240 1528 283 MARTIALIS

561 334 708 388 Quum
741 328 872 372 modo
893 326 1138 372 distulerint
1161 343 1303 371 raucae
1326 327 1569 370 vadimonia
1595 336 1781 387 quartae,

634 403 690 443 Et
713 398 962 442 Floralicias
988 397 1116 442 lasset
1139 413 1270 441 arena
1291 397 1416 441 feras.

561 473 724 524 Curre,
754 485 856 530 age,
881 478 924 512 et
948 467 1091 512 illotos
1114 484 1294 522 revoca,
1317 466 1516 521 Calliste,
1537 468 1777 516 ministros;
1885 485 1901 507 c.

633 542 894 584 Sternantur
916 538 1040 593 lecti3
1066 537 1317 593 Caecssiane,
1341 537 1453 581 sede..

562 610 742 654 Caldam
776 610 917 670 poscis
943 625 1098 669 aquam
1124 626 1132 651 :
1156 608 1229 652 sed
1259 607 1453 651 nondum
1479 607 1632 668 frigida
1656 608 1793 659 venit;

631 679 759 741 Alget
782 679 925 723 adhuc
955 679 1073 722 nudo
1097 677 1243 722 clausa
1265 677 1406 722 culina
1432 678 1544 721 foco.

559 752 691 794 Mane
712 751 811 793 veni
837 751 981 810 potius
1013 766 1021 790 :

1051 765 1151 792 nam
1184 765 1262 792 cur
1287 758 1329 792 te
1356 749 1505 809 quinta
1531 745 1753 791 moretur?

629 822 690 864 Ut
716 821 880 881 jentes,
905 836 1027 873 sero,
1058 818 1312 873 Caeciliane,
1334 820 1466 861 venis.

491 972 567 993 rare
594 959 813 1005 incipiebant
835 970 852 991 a
878 970 1045 1003 vespere3
1069 956 1166 1002 quod

490 1021 523 1045 et
546 1012 639 1046 Galli
659 1009 766 1051 (Caes.
794 1010 837 1044 de
865 1011 901 1044 B.
929 1010 972 1043 G.
1000 1009 1081 1043 edit.
1105 1023 1167 1042 no-

490 1074 567 1100 strae
585 1066 626 1098 T.
646 1066 679 1105 I,
699 1077 732 1109 p.
757 1058 857 1106 258)
879 1071 912 1096 et
931 1062 1164 1095 Atheniensis.

492 1119 614 1163 Neque
660 1118 728 1150 ulla
767 1114 1032 1149 consuetudinis
1074 1115 1168 1148 illius

493 1184 592 1205 causa
614 1197 623 1212 ‚
661 1169 728 1203 nisi
769 1168 869 1214 quod
907 1169 1058 1201 tenebrae
1098 1168 1170 1200 sive

493 1225 607 1257 Chaos
632 1231 711 1255 ante
738 1222 870 1262 lucem,
895 1229 975 1254 ante
998 1219 1170 1254 mundum

495 1278 648 1310 fuerunt.
667 1276 734 1308 En.

550 1329 585 1362 3.
611 1329 729 1361 Raucae
751 1327 936 1359 vadimonia
958 1334 1067 1371 parles
1087 1327 1168 1360 Ant.

492 1383 530 1414 de
550 1383 640 1427 Ιίοο]Ι
656 1381 747 1425 conj.
766 1378 860 1412 Vide
876 1378 1012 1412 Phaedr.
1035 1378 1080 1412 de
1098 1379 1169 1412 liti-

493 1435 667 1481 gantibus,
685 1434 745 1465 lib.
767 1432 922 1471 III,f-.1b.
946 1433 986 1465 13
1002 1457 1011 1474 ,
1031 1440 1066 1465 et
1084 1431 1170 1465 ibid.

491 1487 623 1521 Scheff.
643 1487 760 1519 Raucae
787 1485 971 1517 wadimonia
995 1485 1113 1517 chat-tw
1134 1486 1169 1518 iu

493 1538 713 1586 quibusdam.
729 1539 870 1583 Legunt
887 1538 944 1571 alii
959 1550 966 1571 :
988 1551 1091 1570 raucae
1110 1551 1170 1570 va-

494 1594 633 1626 dimonia
651 1604 752 1630 ceram
769 1590 804 1624 id
825 1599 894 1632 est,
915 1591 1022 1623 libelli
1052 1591 1171 1623 foren-

496 1659 567 1687 ses,
585 1645 705 1690 inquit
723 1644 908 1677 Domitius.
929 1645 1054 1676 Raucae
1076 1643 1172 1676 char-

497 1708 538 1734 tae
553 1698 733 1739 dicuntur,
746 1710 824 1730 meo
836 1696 971 1743 judicio
983 1723 991 1737 ‚
1005 1709 1070 1742 pro
1089 1696 1172 1742 ipsis

496 1751 610 1785 raucis
638 1749 832 1784 causidicis.
859 1771 912 1776 ——
941 1750 1044 1793 Quum
1068 1750 1170 1783 modo.

496 1805 616 1847 Quum
635 1802 743 1836 modo
764 1803 801 1835 in
823 1803 969 1836 alterum
992 1802 1086 1836 diem
1118 1802 1173 1835 di-

496 1858 599 1891 missa
620 1857 690 1890 siut
705 1854 920 1897 vadimonia,
942 1864 1046 1901 atque
1064 1867 1172 1889 causa:

496 1911 649 1944 forenses
662 1921 737 1956 quae
750 1909 838 1942 hora
853 1908 952 1941 tertia
969 1909 1171 1953 agebantur.

498 1963 577 1997 Lib.
593 1963 658 2002 IV,
674 1961 784 2007 epigr.
803 1972 893 1994 vnt:
915 1962 1086 1994 «Exercet
1098 1974 1173 1994 rau-

496 2029 555 2050 cos
573 2015 672 2049 tertia
684 2013 887 2047 causidicos.
897 2013 1171 2047 »Vadimonium

497 2081 582 2102 vero
595 2067 736 2113 sponsio
753 2074 802 2100 est
817 2065 962 2099 sistendi
976 2067 1011 2099 in
1022 2066 1172 2111 judiciO.

554 2127 586 2162 4.
605 2122 652 2153 Et
662 2120 853 2154 Floralicias
868 2119 954 2152 laxet
966 2118 1173 2152 Beverlandi

497 2175 570 2208 MS.
591 2195 643 2200 ——
661 2174 706 2206 El
728 2172 929 2206 Floralicias.
950 2173 1001 2206 De
1021 2171 1114 2206 ludis
1136 2173 1172 2205 in

497 2228 669 2261 honorem
696 2226 806 2258 Florae
829 2225 1008 2258 celebratis
1036 2224 1172 2258 dictum

497 2281 556 2314 lib.
578 2281 614 2321 I,
636 2279 745 2324 epigr.
769 2291 793 2311 1.
812 2278 852 2310 In
872 2278 926 2311 his
944 2277 1097 2323 lepores,
1118 2291 1173 2311 ca-

497 2346 605 2379 preae,
629 2340 732 2377 atque
756 2331 821 2364 alia
845 2331 1005 2364 animalia
1030 2331 1174 2365 exhibe-

497 2387 623 2420 bantur
642 2385 684 2418 ab
703 2383 888 2417 AEdilibus.

551 2440 584 2473 5.
605 2438 726 2471 Illolos.
749 2437 845 2470 Hora
869 2445 989 2470 octava
1014 2437 1175 2470 lavabant

496 2493 653 2525 Veteres,

549 2548 583 2576 Γ».
612 2543 801 2577 Slernanlur
829 2543 912 2574 lecti.
948 2544 985 2575 In
1019 2543 1172 2576 triclinio

496 2609 630 2643 nempe.

549 2662 581 2694 7.
621 2649 766 2681 :Vmidum
805 2649 880 2680 mihi
916 2648 1043 2690 frigrida
1086 2652 1170 2680 vvm'e

1226 957 1321 1002 Lips.
1342 956 1451 990 Elect.
1474 957 1534 989 lib.
1556 958 1679 1002 I‚cap.
1702 961 1738 996 4,
1759 956 1905 1001 legit-—

1229 1009 1363 1042 Caldam
1373 1012 1488 1054 poscis.
1504 1010 1582 1050 Qua
1598 1009 1719 1042 vinum
1736 1018 1904 1054 tempera-

1227 1062 1342 1095 batur.
1355 1062 1433 1094 Lib.
1450 1063 1466 1094 Ι
1479 1088 1487 1103 ,
1505 1062 1611 1107 epigr.
1629 1062 1818 1094 x11.—Aut
1831 1087 1840 1102 ‚
1854 1062 1904 1094 uti

1227 1115 1343 1160 placet
1361 1113 1570 1160 quibusdam
1582 1140 1592 1155 ,
1611 1123 1649 1147 ut
1666 1114 1709 1147 ad
1732 1114 1905 1147 vomitum

1229 1168 1398 1200 exciteris.
1418 1168 1487 1209 Qui
1507 1180 1599 1207 mos,
1624 1175 1664 1200 ut
1686 1179 1779 1200 nunc
1799 1167 1905 1199 infre·

1229 1232 1339 1266 quens
1351 1247 1360 1261 ‚
1382 1221 1426 1253 ita
1450 1220 1532 1252 olim
1549 1220 1712 1252 Romanis
1732 1220 1878 1253 usitatus
1894 1241 1905 1256 ,

1230 1273 1355 1306 Caesari
1370 1274 1406 1306 in
1419 1273 1542 1318 primis
1555 1270 1639 1311 (vid.
1657 1272 1731 1306 Cic.
1747 1271 1789 1305 ad
1802 1273 1904 1305 Attio.

1230 1326 1289 1359 lib.
1309 1326 1419 1366 XIII,
1439 1338 1495 1371 ep.
1517 1338 1567 1359 LII
1581 1351 1590 1365 ,
1611 1333 1643 1358 et
1662 1325 1848 1358 Suetonius
1870 1326 1905 1357 in

1230 1379 1350 1411 Vitell.
1372 1373 1497 1421 XIII).
1518 1378 1623 1411 Unde
1638 1379 1903 1411 celeberrimum

1230 1431 1266 1464 id
1288 1431 1444 1472 Senecae,
1467 1431 1509 1464 ad
1530 1431 1628 1464 Helv.
1648 1443 1684 1463 ix
1702 1442 1709 1463 :
1726 1431 1907 1464 «Vomunt

1231 1493 1270 1518 ut
1287 1483 1412 1525 edant,
1432 1483 1544 1517 edunt
1561 1493 1599 1516 ut
1615 1491 1770 1517 vomant.
1786 1501 1798 1512 a
1812 1484 1878 1516 En.

1284 1538 1317 1571 8.
1341 1537 1438 1571 Clusa
1457 1537 1560 1569 culina
1577 1537 1612 1569 in
1631 1535 1907 1582 quibusdam.—

1232 1590 1327 1624 Nudo
1345 1590 1465 1623 clausa.
1486 1590 1561 1623 Hoc
1580 1597 1648 1629 est,
1669 1588 1828 1622 nonduin
1848 1588 1907 1622 ad—

1230 1652 1310 1677 sunt
1336 1643 1429 1689 ligna
1454 1643 1583 1689 quibus
1610 1642 1780 1676 excitetur
1805 1642 1905 1688 ignis.

1285 1708 1319 1739 9.
1340 1696 1438 1729 Mane
1454 1699 1530 1728 ‘vem'
1545 1697 1664 1741 potius,
1685 1703 1749 1729 etc.
1770 1696 1908 1740 Impor-

1230 1758 1315 1782 tune
1336 1757 1370 1781 et
1394 1749 1638 1794 intempestive
1659 1748 1808 1790 venisti,
1830 1761 1908 1794 per·

1230 1801 1312 1835 iude
1332 1814 1370 1835 ac
1387 1803 1502 1847 primo
1522 1814 1625 1835 mane
1645 1813 1653 1834 :
1672 1801 1909 1846 opportunius

1231 1863 1264 1888 et
1283 1855 1473 1889 humanius
1489 1855 1641 1889 venisses
1658 1853 1756 1888 tarde
1776 1862 1810 1887 et
1830 1862 1908 1899 post

1231 1920 1336 1941 coenae
1352 1908 1486 1942 horam.

1289 1972 1345 1993 10.
1365 1962 1436 1994 Aut
1459 1974 1515 1993 cur
1539 1973 1600 1993 non
1623 1973 1691 1993 sero
1715 1959 1770 1994 ed.
1797 1959 1906 2005 antiq.

1232 2013 1367 2046 Feri-ar.
1392 2012 1471 2046 Ald.
1497 2014 1596 2046 Junt.
1625 2013 1741 2047 Colin.
1770 2012 1908 2057 Grypli.

1232 2066 1415 2100 Pulmann.
1437 2065 1612 2100 Calderin.
1633 2066 1741 2099 Plant.
1762 2065 1908 2099 Juninn.

1232 2118 1337 2163 Laug.
1362 2119 1489 2164 Delph.
1514 2128 1579 2153 etc.
1598 2118 1709 2152 Josias
1730 2119 1910 2152 Mercerus

1232 2184 1273 2204 ex
1295 2171 1448 2216 vestigiis
1465 2172 1615 2217 antiquae
1636 2172 1841 2217 scriptume,
1866 2171 1909 2204 Ut

1225 2226 1295 2269 jam
1319 2233 1347 2256 te
1367 2237 1448 2263 sero,
1468 2233 1532 2258 etc.
1553 2225 1730 2270 rescripsit
1751 2224 1910 2269 ingenio·

1233 2278 1365 2311 sissime
1389 2292 1395 2309 ι
1422 2278 1466 2310 L't
1483 2280 1585 2321 jentes
1603 2291 1687 2316 sero,
1713 2286 1777 2310 etc.
1798 2277 1841 2310 Et
1858 2277 1907 2310 sic

1240 2331 1389 2375 explicat
1406 2330 1613 2364 Salmasius:
1630 2330 1722 2363 Hora
1737 2329 1905 2375 jentaculi

1235 2384 1336 2417 tertia
1357 2391 1415 2416 aut
1433 2392 1556 2428 quarta
1579 2392 1651 2417 crat
1672 2395 1680 2416 :
1701 2381 1797 2416 unde
1816 2382 1908 2415 Mar·

1235 2437 1324 2470 tialis
1340 2449 1419 2469 eum
1433 2461 1442 2477 ,
1456 2436 1516 2481 qui
1535 2435 1579 2470 ad
1593 2436 1750 2482 quintam
1768 2443 1907 2468 venerat

1234 2502 1422 2535 pransurus
1431 2513 1440 2526 ,
1456 2501 1532 2522 sero
1543 2489 1661 2522 venire
1671 2487 1777 2529 dixit,
1788 2496 1825 2520 ut
1836 2489 1909 2532 jeu-

1234 2551 1340 2582 taret;
1360 2542 1462 2575 nimis
1482 2542 1631 2587 tempori
1652 2549 1689 2574 ut
1705 2539 1906 2586 pranderet.

1235 2596 1378 2640 Legitur
1393 2596 1472 2628 etin
1485 2593 1694 2640 quibusdam
1710 2591 1906 2626 codicibus:

1232 2657 1264 2679 m
1283 2656 1385 2689 [atne-s
1400 2659 1479 2680 saro.
