1978 3305
418 212 518 266 (ilio
797 213 858 254 M.
888 213 1028 256 VAL.
1069 213 1464 256 MARTIALIS

1001 363 1255 419 LXXV.

969 519 1024 547 ΙΝ
1062 518 1298 547 CAELIAM.

631 645 794 686 THECA
827 652 967 686 tectus
999 642 1166 685 ahenea
1198 641 1370 685 lavatur

630 715 820 767 Tecum,
853 712 1014 768 Caelia,
1047 729 1228 757 servus:
1251 723 1300 756 ut
1328 713 1458 774 quid,
1489 730 1595 767 oro,

629 785 730 828 Non
762 785 816 827 sit
845 801 981 844 quum
1014 783 1308 839 citharoedus,
1340 794 1415 827 aut
1441 783 1702 828 choraules?

633 854 732 898 Non
766 855 850 909 vis,
882 865 930 898 ut
962 864 1093 915 puto,
1124 854 1362 898 mentulam
1397 855 1558 898 videre.

635 927 785 982 Quare.
817 942 917 969 cum
950 924 1115 986 populo
1146 924 1304 969 lavaris
1335 924 1471 986 ergo?

633 998 800 1040 Omnes
832 1013 887 1040 an
918 997 996 1039 tibi
1026 1012 1106 1039 nos
1138 1012 1288 1040 sumus
1321 995 1563 1056 spadones?

632 1069 777 1128 Ergo,
807 1084 861 1110 ne
891 1066 1076 1110 videaris
1105 1067 1300 1110 invidere
1319 1102 1330 1122 ,

634 1140 798 1193 Servo⁷
831 1137 990 1189 Caelia,
1024 1136 1203 1182 fibulam
1237 1138 1422 1181 remitte.

477 1293 489 1313 1
502 1306 509 1313 .
531 1279 636 1311 Theca
660 1286 770 1310 tectus.
793 1278 920 1311 Fibula
942 1290 1008 1312 aere
1031 1279 1100 1312 cir·
1162 1291 1225 1312 suo
1244 1279 1329 1311 vela
1347 1277 1503 1318 domina,
1521 1289 1566 1310 ne
1579 1278 1615 1310 in
1633 1277 1709 1310 aliis
1719 1277 1847 1311 viriwe

422 1331 786 1377 cumligata.Vidend.
806 1332 966 1372 lib.VII‚
988 1332 1101 1377 epigr.
1163 1332 1346 1365 feminisve
1368 1332 1457 1364 latus
1477 1339 1695 1376 rumperent.

421 1398 510 1418 xxxv
529 1393 563 1418 et
581 1397 719 1419 Lxxxn.
1219 1389 1254 1419 6.
1285 1385 1403 1418 Omnes
1431 1397 1472 1416 an
1496 1384 1562 1416 tibi.
1592 1384 1649 1417 Sic
1671 1384 1734 1416 lib.
1753 1383 1823 1415 VII
1838 1408 1846 1423 ‚

478 1452 510 1471 2.
538 1439 584 1471 Ut
594 1439 696 1486 quid?
709 1450 776 1484 pro
790 1438 892 1483 quid?
908 1438 962 1471 vel
980 1443 1103 1484 quare?
1163 1439 1368 1484 epigramm.
1382 1450 1486 1478 xxxv,
1496 1439 1565 1483 jam
1577 1437 1637 1470 cit.
1649 1449 1697 1470 vs.
1711 1438 1732 1469 6
1748 1448 1777 1469 :1-
1794 1437 1846 1468 An

422 1493 566 1525 Rarum.
1165 1492 1238 1525 sola
1254 1500 1306 1525 est
1323 1491 1413 1524 servi
1426 1508 1453 1531 u,
1469 1500 1534 1524 etc.

476 1546 511 1579 3.
525 1545 729 1578 Citharoedus
745 1552 802 1577 aut
812 1544 988 1578 choraules,
1002 1545 1107 1577 Nam·
1221 1558 1254 1590 7.
1273 1545 1324 1577 Ne
1340 1544 1480 1577 videaris
1498 1544 1651 1576 invidere.
1664 1543 1717 1576 Ne
1733 1541 1850 1575 videa-

426 1599 619 1644 queiis‚ne
637 1598 877 1644 frequentiore
891 1610 1012 1630 vocem
1027 1609 1108 1631 con·
1167 1598 1215 1631 ris
1238 1599 1312 1643 ejus
1334 1605 1563 1642 conspectum
1586 1596 1688 1629 nobis
1710 1594 1847 1628 invide-

425 1652 546 1685 cubitu
572 1659 861 1697 corrumperent,
890 1663 976 1685 aerea
998 1651 1106 1684 fibula
1168 1664 1227 1693 re,
1244 1651 1308 1684 tibi
1325 1663 1521 1691 reservare,
1539 1649 1688 1683 refibula
1706 1661 1847 1682 servum

420 1705 755 1750 circumligabatur‚
789 1704 878 1737 sicut
905 1712 939 1737 et
973 1703 1105 1750 gladia·
1169 1713 1280 1738 tuum.

422 1759 573 1799 toribus,
593 1770 640 1791 ne
658 1759 751 1791 vires
774 1758 838 1803 ipsi
860 1770 939 1790 suas
959 1770 1105 1790 enerva-
1223 1761 1256 1792 8.
1280 1759 1424 1791 Remitte.
1444 1758 1521 1790 Hoc
1540 1764 1591 1789 est
1610 1756 1705 1789 solve
1723 1754 1851 1788 refibu-

419 1820 496 1844 rent
513 1838 522 1853 ,
545 1821 578 1846 et
599 1812 735 1845 amasiis
762 1824 779 1843 a
810 1811 951 1856 patliico
977 1811 1106 1856 cuique
1167 1811 1212 1845 lo.
1226 1810 1321 1844 Vide
1343 1823 1447 1856 supra
1462 1818 1536 1843 not.
1555 1808 1706 1854 praeced.

978 1947 1281 2002 LXXVI.

983 2104 1048 2132 AD
1089 2104 1298 2133 PAETUM.

496 2236 710 2278 SOLVERF.
724 2268 735 2283 ,
752 2235 890 2287 Paete,
914 2232 1066 2276 decem
1089 2231 1166 2275 tibi
1187 2248 1256 2274 me
1278 2232 1476 2275 sestertia
1496 2231 1615 2291 cogis
1638 2248 1645 2272 :

571 2303 815 2348 Perdiderit
841 2304 1047 2364 quoniam
1076 2305 1224 2347 Bucco
1247 2302 1436 2346 ducenta
1459 2302 1551 2345 tibi.

491 2459 519 2478 i.
542 2447 642 2479 Panto.
662 2444 733 2485 Qui
750 2456 876 2490 nempe
892 2444 999 2478 iratus
1018 2443 1113 2489 quod
1175 2444 1237 2482 sis,
1257 2442 1379 2489 perdat
1402 2441 1517 2476 adhuc
1539 2441 1660 2475 decem
1683 2453 1760 2487 quae
1782 2441 1854 2487 ipse

432 2513 447 2531 a
474 2500 636 2532 Buccoue
659 2497 840 2531 fraudatus
863 2498 984 2530 fuisset
1001 2524 1010 2538 ‚
1032 2498 1113 2531 reli·
1177 2497 1337 2531 debebat.

432 2565 519 2598 quos
538 2565 616 2584 suos·
633 2551 811 2584 debitores
828 2563 948 2596 aspere
968 2552 1112 2587 invasit,
1233 2564 1263 2583 2.
1284 2550 1473 2583 Perdiderat
1488 2548 1568 2583 edd.
1584 2558 1665 2582 vett.
1681 2557 1713 2581 et
1726 2548 1852 2592 Delph.

434 2608 523 2639 inter
544 2619 634 2651 quos
654 2605 720 2638 fuit
742 2605 911 2638 Martialis
929 2617 937 2645 ;
966 2605 1025 2650 qni
1048 2605 1114 2637 fes-
1176 2614 1208 2637 et
1224 2604 1372 2638 Farnab.
1399 2621 1412 2633 «ι
1427 2603 1604 2637 Gruterus
1620 2616 1638 2635 e
1658 2602 1755 2635 MSS.
1774 2602 1838 2633 Per

435 2660 502 2692 tivo
517 2672 533 2691 a
553 2660 644 2691 l’aeto
662 2659 770 2703 petit,
788 2667 826 2691 ut
841 2658 1002 2691 ducentis
1020 2659 1115 2691 amis·
1176 2658 1293 2690 diderit
1311 2657 1332 2690 i.
1352 2670 1381 2690 e.
1404 2656 1636 2690 conturbat-it.
1655 2673 1666 2685 n
1694 2654 1853 2687 Svlnrvrl.
