1978 3305
416 217 996 262 EPIGRAMMATUM
1034 219 1156 260 LIB.
1189 220 1240 260 X.
1442 219 1528 265 ὄπι

277 305 478 349 Veridico
505 306 677 349 Latium
704 306 774 365 qui
803 305 914 365 regis
941 321 1014 348 ore
1041 304 1203 357 forum,

208 376 438 436 Municipi,
462 377 683 427 Materne,
705 384 800 425 tuo,
824 377 1043 435 veterique
1067 374 1200 418 sodali

276 445 512 490 Callaicum
541 444 718 488 mandas
745 446 777 488 si
805 444 909 504 quid
939 445 990 487 ad
1015 446 1265 499 Oceanum3

207 519 270 558 An
302 517 567 559 Laurentino
592 525 739 575 turpes
765 516 806 556 in
834 514 976 558 littore
999 530 1146 567 ranas,

274 588 330 629 Et
351 587 481 630 satius
504 595 653 628 tenues
674 585 832 628 ducere
853 583 990 628 credis
1013 583 1141 628 aeos?

206 654 267 698 Ad
290 672 365 698 sua
389 656 607 716 captivum
634 670 762 714 quam
785 669 884 697 saxa
906 655 1126 697 remittere
1149 652 1353 705 mullum,

273 727 401 769 Visus
423 726 504 768 erit
524 723 641 767 libris
664 724 736 784 qui
760 724 901 767 minor
921 740 1010 780 esse
1031 722 1197 767 tribus?

204 796 255 837 Et
288 794 448 839 fatuam
476 810 644 838 summa
668 809 838 838 coenare
864 793 1057 854 pelorida
1080 809 1250 847 mensa,

269 865 477 925 Quosque
506 865 610 925 tegit
637 864 720 907 levi
745 865 905 907 cortice
934 864 1103 907 concha
1125 863 1296 907 brevis?

198 935 355 979 Ostrea
375 936 544 979 Baianis
563 950 692 995 quam
715 950 803 978 non
824 933 999 978 liventia
1022 935 1165 990 testis,

268 1005 378 1062 Quae
405 1006 525 1066 pueri
546 1005 723 1049 domino
748 1021 836 1048 non
860 1005 1118 1065 prohibente
1140 1003 1322 1048 vorent?

198 1075 278 1118 Hic
304 1074 464 1119 olidam
487 1074 700 1119 clamosus
721 1091 821 1136 ages
846 1075 889 1118 in
910 1075 1014 1118 retia
1036 1074 1211 1136 vulpem
1225 1109 1236 1127 ‚

183 1228 212 1247 2.
234 1216 368 1247 Latium.
399 1214 476 1247 Hoc
504 1222 570 1254 est,
595 1214 655 1258 qui
678 1213 797 1244 Romae

126 1267 169 1301 de
185 1269 263 1313 jure
280 1265 480 1312 respondes.

180 1319 212 1352 3.
232 1321 385 1354 Materne.
413 1319 521 1365 Cujus
545 1317 704 1350 meminit
734 1317 794 1349 lib.

127 1374 180 1413 Π,
204 1374 311 1420 epigr.
337 1384 452 1411 Lxx1v,
477 1381 511 1405 et
536 1371 596 1404 lib.
620 1372 661 1410 Ι,
686 1369 795 1414 epigr.

124 1438 300 1459 xcvu.—-
316 1426 489 1470 Μιιηίεῐρὶ,
514 1433 578 1457 etc.
600 1423 688 1456 Mihi
710 1434 795 1455 con—

123 1479 190 1512 civi
216 1487 276 1512 tuo
298 1487 332 1512 et
356 1478 591 1523 συμπατριώτῑ.
609 1475 794 1509 meditanti

123 1531 291 1577 patriam,
321 1539 354 1565 et
388 1531 544 1564 Bilbilim
570 1541 682 1562 meam
709 1541 793 1561 mox

123 1586 244 1618 visuro
262 1580 323 1627 (ut
336 1595 436 1629 supra
454 1584 563 1629 epigr.
583 1580 649 1621 xx)
662 1581 688 1614 si
706 1580 794 1626 quid

122 1645 172 1670 est
201 1638 296 1683 quod
327 1635 527 1670 mandatum
562 1635 668 1673 velis,
699 1646 792 1666 mau-

121 1689 220 1724 dabis
240 1690 381 1723 nuncio.

177 1748 209 1784 4.
230 1743 359 1789 Ecquid
381 1741 454 1775 MS.
481 1741 615 1774 Beverl.
643 1748 680 1772 ut
701 1747 734 1772 et
755 1739 791 1771 iu

119 1808 168 1829 vs.
192 1809 250 1829 20.
263 1817 314 1822 —
327 1794 514 1828 Callaicum.
531 1794 607 1826 Hoc
627 1800 676 1825 est
688 1817 696 1831 ,
713 1791 792 1824 His-

120 1847 359 1892 panum.Vide
372 1849 481 1894 epigr.
500 1859 577 1887 xvi,
594 1856 710 1889 supra.
726 1844 791 1877 Hic

119 1902 230 1934 oratio
264 1900 383 1935 deficit
403 1929 412 1942 ‚
450 1912 514 1932 nec.
551 1897 649 1932 addit
685 1897 791 1930 Poeta

118 1953 213 1998 quod
240 1953 418 1988 rediturus
451 1960 537 1985 esset
571 1953 605 1984 in
635 1961 729 1983 suam
757 1959 790 1983 et

118 2006 269 2040 Materni
290 2007 448 2052 patriam.

172 2060 204 2092 5.
223 2061 279 2093 An
304 2060 506 2092 Laurentino.
543 2056 648 2098 Quod
686 2054 791 2089 distat

117 2112 158 2144 ab
193 2113 281 2146 urbe
313 2113 422 2146 Roma
457 2110 576 2145 decem
605 2118 638 2143 et
657 2117 789 2154 septem

116 2164 270 2198 millibus
297 2177 472 2209 passuum.
504 2163 635 2197 Plinius
669 2162 789 2207 junior

116 2217 176 2249 lib.
195 2217 252 2257 H,
273 2217 373 2262 epist.
396 2231 452 2262 ¹7·

169 2271 203 2302 6.
218 2271 306 2302 Acus
322 2270 398 2303 MS.
419 2270 604 2303 Pulmann.
620 2289 672 2294 —
689 2270 785 2301 Acus.

115 2321 309 2355 vilissimos
327 2323 437 2368 pisces
452 2322 617 2366 intellige.

167 2387 200 2417 7.
219 2375 280 2408 Ad
294 2388 349 2407 suu
364 2402 371 2415 ,
394 2383 457 2408 etc.
473 2375 587 2417 Quam
605 2374 642 2406 in
663 2373 788 2418 Hispa-

112 2426 168 2459 nia
194 2436 314 2472 captos
340 2427 484 2467 mullos,
519 2427 583 2459 nisi
610 2425 760 2458 trilibres
781 2452 789 2466 ‚

113 2479 146 2512 in
168 2491 263 2512 mare
286 2480 441 2524 rejicere.
455 2500 507 2505 —
525 2479 591 2513 Sua
613 2491 690 2511 saxa
707 2479 786 2510 mul-

112 2533 186 2565 lum.
210 2532 349 2574 Quibus
380 2533 502 2565 vivunt
518 2558 527 2568 ,
553 2531 648 2564 unde
676 2539 786 2563 extra-

110 2585 257 2619 huntur.
287 2586 400 2619 Pisces
431 2598 513 2618 vcro
536 2584 691 2617 saxatiles
719 2583 786 2617 flu-

116 2638 290 2672 viatilibus
307 2639 476 2672 meliores.
499 2637 606 2671 Paulo
620 2645 698 2670 ante
714 2637 786 2681 epi-

855 1225 1001 1259 gramm.
1019 1226 1104 1254 xxx,
1125 1227 1175 1247 vs.
1203 1219 1247 1254 24
1264 1240 1274 1255 ‚
1293 1212 1338 1247 de
1358 1215 1529 1259 magnitu-

855 1265 937 1299 dine
953 1275 987 1300 et
1004 1267 1117 1312 pretio
1142 1266 1241 1299 mulli
1257 1266 1403 1300 dictum.

908 1332 942 1363 9.
967 1320 1105 1352 Fatuum
1139 1319 1213 1352 MS·
1259 1320 1365 1353 Palat.
1403 1327 1436 1353 et
1471 1319 1524 1353 ed.

853 1371 995 1405 Barbou.
1011 1393 1062 1398 —
1075 1372 1202 1406 Summa
1219 1385 1333 1405 mensa.
1361 1373 1437 1406 Hoc
1459 1382 1509 1406 est
1520 1400 1528 1411 ‚

853 1424 1068 1464 lautissima,
1103 1425 1217 1470 inquit
1249 1425 1442 1463 Domitius,
1471 1426 1525 1459 cui

853 1477 1061 1521 suffragatur
1079 1478 1281 1511 Farnabius.
1295 1481 1349 1511 An
1368 1478 1525 1511 ultimam

852 1529 1014 1575 intelligit
1044 1531 1151 1563 Poeta
1171 1556 1180 1571 ‚
1209 1543 1252 1563 an
1283 1531 1401 1563 locum
1435 1531 1525 1564 forte

851 1583 1024 1616 excelsum
1044 1583 1081 1616 in
1107 1595 1243 1623 mensa,
1265 1584 1327 1616 ubi
1351 1596 1523 1628 poneren-

851 1643 909 1668 tur
923 1635 1055 1681 pisces?
1065 1657 1115 1661 —
1126 1636 1289 1669 Pelorida.
1307 1636 1521 1669 vilissimum

851 1700 990 1733 quoque
1012 1687 1152 1733 piscem.
1170 1687 1252 1722 Vid.
1275 1689 1336 1721 lib.
1355 1689 1407 1721 VI
1420 1715 1427 1727 ,
1450 1691 1524 1734 epi-

850 1752 994 1785 gramm.
1017 1753 1062 1774 xi.

909 1805 962 1827 10.
985 1793 1131 1838 Quosque
1155 1797 1241 1838 tegit.
1262 1795 1418 1827 Inclusos
1441 1807 1523 1827 con-

850 1846 924 1878 chis
946 1847 1086 1879 mitulos
1114 1847 1297 1892 pisciculos
1325 1847 1522 1891 intelligunt

849 1899 1065 1943 interpretes.
1093 1899 1259 1933 Horatius
1279 1900 1338 1932 lib.
1369 1900 1426 1938 ΙΙ,
1452 1900 1519 1933 Sat.

849 1963 898 1992 lv,
920 1953 964 1985 28
984 1964 991 1984 :
1016 1952 1204 1991 ‹Mitulus,
1230 1960 1263 1985 et
1283 1952 1366 1985 viles
1388 1953 1519 1998 pellent

849 2004 1020 2038 obstantia
1042 2005 1196 2038 conchae.
1213 2022 1227 2034 ι»

906 2070 917 2089 1
933 2069 962 2090 1.
1000 2057 1115 2090 Ostrea
1148 2058 1292 2091 Baianis.
1328 2057 1404 2090 Hoc
1440 2066 1490 2090 est
1510 2084 1519 2097 ‚

847 2122 925 2155 quae
958 2122 1029 2143 nou
1056 2110 1185 2143 cedunt
1214 2111 1335 2144 ostreis
1363 2109 1451 2143 natis
1483 2111 1519 2143 in

846 2162 922 2195 lacu
960 2163 1118 2196 Lucrino
1156 2175 1268 2208 prope
1296 2162 1414 2201 Baias,
1442 2175 1518 2207 quae

847 2224 927 2248 sunt
942 2215 1066 2261 optimi
1088 2216 1230 2260 saporis.

903 2279 957 2300 12.
970 2268 1052 2312 Quae
1065 2269 1202 2300 domino.
1221 2268 1262 2300 In
1282 2267 1456 2312 Hispauiae
1477 2268 1518 2301 li-

848 2320 981 2353 toribus
1000 2328 1192 2353 ostreorum
1212 2321 1427 2365 optimorum
1447 2332 1518 2354 ina—

847 2385 911 2417 gna
933 2381 982 2406 est
997 2373 1106 2418 copia.

905 2424 960 2458 13.
981 2424 1191 2458 Colchidicam
1219 2425 1292 2460 MS.
1316 2426 1449 2459 Beverl.
1466 2446 1516 2452 -—-—

847 2479 912 2510 Hic
928 2478 1055 2511 olidam.
1083 2480 1174 2511 Dum
1203 2479 1295 2512 enim
1329 2491 1346 2511 a
1375 2479 1517 2512 canibus

847 2539 992 2576 urgetur
1006 2531 1126 2576 vulpes
1137 2557 1146 2572 ,
1162 2531 1285 2564 lotium
1299 2531 1426 2564 emittit
1444 2543 1514 2576 pes·

848 2584 932 2617 sime
951 2584 1068 2625 olens,
1084 2583 1144 2617 lib.
1158 2584 1224 2624 lv,
1243 2584 1444 2630 epigramm.
1467 2595 1516 2624 lv,

848 2649 896 2670 vs.
922 2648 934 2669 1
948 2648 960 2669 1
977 2641 984 2662 ἲ
1004 2654 1017 2667 e
1032 2636 1138 2679 Quod
1164 2637 1278 2682 vulpis
1307 2637 1384 2681 fuga
1397 2663 1406 2677 ‚
1421 2654 1433 2665 n
1454 2644 1520 2669 etc.
