1978 3305
464 262 558 306 292

835 245 895 287 M.
919 244 1057 286 VAL.
1099 243 1486 286 MARTIALIS

530 330 740 392 Praelegat
763 339 811 374 ut
837 328 1028 374 tumidus
1054 344 1186 371 rauca
1208 337 1250 372 te
1275 345 1384 372 voce.
1408 330 1634 390 magister,
1837 353 1867 375 ,5

600 401 754 446 Oderit
775 409 819 443 et
843 398 1017 461 grandis
1039 399 1163 459 virgo
1189 398 1415 459 bonusque
1438 398 1573 459 puer?

528 473 730 516 Scribant
751 471 831 514 ista
857 485 1011 530 graves
1033 469 1241 523 nimium,
1263 469 1532 529 nimiumque
1558 472 1718 525 severi,

598 544 722 598 Quos
744 540 887 584 media
911 540 1090 584 miseros
1122 549 1249 583 nocte
1274 538 1452 583 lucerna
1477 539 1606 584 videt.

530 617 585 656 At
606 622 652 656 tu
674 613 876 655 Romano
903 609 1068 670 lepidos
1098 609 1184 654 sale
1215 611 1332 671 tinge
1358 608 1549 663 libellos;

599 685 818 743 Agnoscat
842 697 985 724 mores
1008 681 1098 724 vita
1118 679 1318 741 legatque
1344 696 1457 724 suos.
1840 708 1870 723 ι..

531 757 725 813 Angusta
754 760 930 796 cantare
960 750 1062 795 licet
1090 750 1277 795 videaris
1308 766 1466 803 avena,

598 825 716 867 Dum
743 831 816 866 tua
846 821 1085 865 multorum
1113 822 1258 865 vincat
1287 837 1424 865 avena
1453 821 1591 865 tubas.

459 964 563 995 cons.
582 973 633 993 vs.
651 962 718 994 208
735 985 744 1000 ‚
757 966 911 992 nostram
929 957 1134 999 lectionem,

459 1015 538 1047 lwlla
569 1021 696 1053 tonare,
724 1010 897 1052 vindicat,
919 1010 1077 1056 quamvis
1097 1011 1134 1044 in

461 1067 581 1101 multis
604 1065 699 1098 libris
722 1065 877 1110 legatur,
905 1063 986 1096 bella
1011 1076 1133 1096 sonare.

461 1119 554 1153 Vide
581 1117 622 1152 ad
650 1118 759 1164 epigr.
787 1128 882 1150 x1111
908 1116 1015 1161 hujus
1039 1116 1134 1150 libri.

464 1171 669 1212 —Pc11·ibus,
681 1170 908 1208 hexametris,
932 1181 1005 1202 non
1024 1169 1135 1215 impa-

460 1226 576 1266 ribus,
600 1232 637 1257 ut
665 1224 725 1270 qui
747 1223 936 1268 elegiarum
958 1221 1137 1267 scriptori-

459 1280 524 1312 bus
555 1285 589 1310 et
611 1275 913 1322 epigrammatistis
932 1275 1048 1308 usitati
1069 1288 1134 1308 nu·

461 1330 560 1364 meri.
586 1331 618 1363 T
615 1343 732 1370 onare,
747 1341 814 1375 pro
836 1336 992 1361 tonantem
1013 1328 1133 1369 dicere,

461 1385 533 1418 fere
543 1383 679 1417 ironice
695 1381 801 1416 eredo
813 1408 822 1424 ,
834 1390 873 1415 ut
891 1381 927 1414 in
945 1381 1051 1415 Persii
1066 1381 1134 1415 Sat.

461 1451 495 1479 v,
513 1450 562 1470 vs.
582 1436 616 1478 3,
634 1453 647 1465 «ι
661 1435 791 1469 Fabula
805 1447 865 1468 seu
886 1443 1010 1468 moesto
1025 1447 1135 1480 pona-

462 1500 519 1523 tur
534 1489 652 1522 hianda
667 1487 820 1535 tragoedo
834 1506 846 1518 »υ
856 1514 863 1522 .
881 1488 948 1521 ED.

522 1543 580 1576 15.
611 1542 763 1587 Perlegat
793 1549 828 1574 ut
864 1540 901 1574 in
935 1539 1015 1573 edd.
1051 1548 1134 1574 vett.

464 1596 627 1640 Praelegat
646 1603 680 1628 ut
697 1594 805 1628 codex
828 1593 1026 1627 Pulmanni.
1042 1593 1136 1627 Vide

463 1648 506 1682 ad
528 1648 589 1682 lib.
609 1649 626 1680 I
639 1674 649 1688 ,
671 1648 780 1693 epigr.
799 1659 919 1681 xxxVI.
942 1668 994 1674 --
1013 1647 1135 1679 Proele-

462 1710 530 1746 gat.
553 1702 603 1734 Ut
621 1700 729 1734 hodie
747 1701 783 1734 in
800 1700 926 1733 scholis
945 1700 1133 1745 Virgilius,

463 1755 653 1794 Homerus,
672 1762 707 1787 et
724 1754 782 1787 alii
803 1753 1054 1799 praeleguntur.

521 1810 577 1841 16.
606 1807 721 1841 Oderit
748 1814 779 1839 et
800 1807 943 1851 grandis.
974 1807 1065 1840 Hinc
1094 1805 1137 1839 li-

464 1868 549 1906 quet
568 1869 602 1893 et
620 1861 709 1906 ipsas
730 1860 863 1906 puellas
880 1860 965 1893 olim
980 1858 1137 1905 legendis

461 1921 496 1946 et
515 1913 717 1947 memoriter
740 1911 912 1946 discendis
936 1912 1136 1946 auctoribus

461 1978 605 2012 operam
635 1965 800 2007 dedisse;
829 1978 905 2011 quae
936 1978 1047 2011 quum
1073 1965 1136 1998 ali-

462 2019 607 2064 quando
633 2019 861 2065 vapularem,
891 2017 986 2064 quod
1017 2031 1135 2051 versus

462 2073 664 2106 memoriter
691 2085 762 2106 non
785 2080 964 2112 tenerent,
989 2071 1072 2117 ipsis
1094 2072 1134 2105 li-

463 2125 535 2159 bris
549 2126 808 2165 irascebantur,
825 2137 913 2171 quos
929 2125 1034 2158 etiam
1049 2125 1135 2158 lace-

461 2179 593 2211 rabant.

520 2244 574 2275 17.
600 2231 749 2264 Scribant
775 2233 835 2264 ista
868 2244 979 2276 grac-es
1005 2232 1110 2275 potius
1124 2258 1131 2269 ,

1193 958 1228 991 in
1247 956 1369 991 codice
1394 969 1500 991 manu
1519 958 1648 1004 scripto
1666 957 1866 992 Pulmanni.

1251 1012 1308 1045 18.
1327 1011 1470 1043 Lucerna
1488 1011 1587 1044 videt.
1609 1011 1725 1045 Noctu
1747 1011 1791 1045 ad
1816 1013 1867 1045 lu-

1194 1074 1337 1096 cernam
1371 1075 1478 1108 opera
1513 1076 1573 1096 sua
1611 1065 1869 1110 componebant

1193 1128 1314 1161 graves
1335 1123 1504 1150 auctores.
1522 1117 1543 1149 J
1547 1128 1650 1150 uven.
1674 1116 1744 1151 Sat.
1765 1131 1797 1159 1,
1818 1131 1868 1152 vs.

1196 1169 1214 1202 5
1225 1181 1239 1202 1
1257 1180 1264 1202 :
1279 1186 1292 1199 ι
1307 1169 1389 1202 Haec
1405 1181 1467 1214 ego
1478 1182 1550 1202 non
1559 1167 1699 1202 credam
1715 1171 1868 1204 Venusi-

1193 1234 1237 1255 na
1251 1221 1357 1267 digna
1371 1221 1539 1255 lucerna?
1554 1239 1568 1252 ι
1587 1223 1721 1256 Notum
1737 1233 1788 1257 est
1801 1223 1872 1257 hoc

1193 1276 1338 1308 verbum
1362 1273 1407 1308 de
1426 1275 1672 1309 Demosthenis
1696 1276 1868 1309 orationi·-

1193 1329 1258 1362 bus
1273 1354 1283 1369 ‚
1303 1330 1356 1362 τὸν
1377 1329 1490 1371 λύχνον
1509 1329 1591 1369 ὄζει,
1609 1329 1765 1362 lucernam
1786 1330 1868 1370 olet,

1193 1379 1291 1427 quod
1308 1381 1453 1427 posthac
1472 1379 1606 1415 dictum
1631 1380 1675 1415 de
1704 1394 1867 1415 sermone

1194 1435 1318 1480 quovis
1336 1434 1447 1467 multo
1463 1433 1581 1468 studio
1599 1434 1817 1469 elucubrato.

1250 1500 1310 1520 20.
1334 1488 1502 1532 Agnoscat
1520 1500 1618 1520 mores
1645 1495 1738 1520 aucta
1759 1487 1871 1521 codex

1194 1540 1395 1574 Vaticanus.
1416 1561 1466 1566 —
1482 1540 1661 1585 Agnoscat.
1695 1540 1772 1575 Hoc
1796 1549 1866 1577 est,

1193 1592 1354 1626 homines
1381 1592 1465 1627 meis
1491 1593 1528 1626 in
1560 1593 1658 1627 libris
1683 1601 1869 1639 agnoscant

1194 1658 1254 1680 sua
1272 1646 1357 1680 vitia
1381 1655 1415 1680 et
1438 1658 1515 1679 suas
1533 1646 1691 1681 virtutes.
1714 1668 1766 1674 —-
1781 1645 1872 1681 Inde

1195 1707 1290 1744 patet
1315 1712 1420 1745 quam
1451 1711 1532 1733 vere
1557 1699 1716 1734 Thaliam
1746 1697 1802 1740 (v.
1823 1697 1870 1744 9)

1195 1753 1430 1786 intellexerint
1450 1765 1555 1798 supra
1572 1753 1781 1799 interpretes
1791 1766 1801 1795 ς
1811 1752 1868 1786 cui

1196 1805 1230 1839 id
1259 1818 1407 1846 munus,
1438 1815 1476 1839 ut
1497 1806 1603 1839 vitam
1631 1806 1667 1839 in
1695 1806 1869 1840 theatrum

1195 1859 1309 1892 trahat
1327 1868 1360 1893 et
1377 1860 1510 1903 castiget
1525 1858 1656 1892 ridendo
1677 1872 1788 1893 mores.
1800 1859 1866 1892 ED.

1250 1925 1267 1945 2
1280 1924 1310 1946 1.
1332 1913 1421 1945 Licet
1437 1912 1592 1945 studeat-is
1613 1925 1730 1952 avena,
1760 1911 1871 1946 codex

1194 1965 1340 1999 Thuane
1355 1977 1362 1998 :
1377 1966 1742 2011 pessime—Angusta
1760 1979 1868 1999 avena.

1195 2018 1293 2052 Licet
1313 2027 1436 2052 tenues
1463 2026 1497 2052 et
1518 2017 1664 2052 leviores
1686 2017 1869 2052 videantur

1195 2072 1246 2104 tui
1264 2084 1401 2110 versus,
1424 2083 1466 2105 ex
1482 2083 1597 2105 avenae
1615 2071 1696 2105 exili
1717 2084 1815 2105 sono.

1251 2136 1267 2156 2
1278 2137 1310 2158 2.
1321 2125 1408 2157 Dum
1422 2133 1475 2158 tua
1488 2150 1497 2163 ,
1515 2133 1580 2158 etc.
1593 2124 1669 2158 Hoc
1679 2132 1746 2166 est,
1763 2123 1869 2158 modo

1194 2178 1272 2224 plus
1283 2177 1394 2211 laudis
1407 2178 1628 2223 consequaris
1639 2189 1744 2223 quam
1756 2186 1868 2222 poetae

1193 2230 1337 2264 heroici.
1355 2231 1431 2264 Lib.
1451 2232 1514 2270 IV,
1534 2231 1642 2276 epigr.
1666 2242 1761 2264 xux.
