1978 3305
448 246 537 274 110

814 229 876 272 Μ.
901 229 1041 272 VAL.
1081 228 1473 273 MARTIALIS

1086 375 1204 433 ΙΙΙ.

822 532 888 560 DE
926 531 1077 560 FILIO
1115 511 1466 563 DOMITIAN1.*

506 663 748 712 NASCERE‚
774 656 1000 701 Dardanio
1027 657 1289 718 promissum
1315 674 1477 703 nomen
1502 658 1623 711 Iulo,

577 732 696 775 Vera
721 730 868 772 Deum
893 726 1065 773 soboles
1088 745 1096 772 :
1123 744 1326 785 nascere,
1351 745 1508 790 magne
1533 746 1654 791 puer.

507 802 591 845 Cui
619 809 743 861 pater
773 808 957 843 aeternas
985 809 1084 860 post
1112 798 1268 844 saecula
1299 799 1444 844 tradat
1471 800 1689 855 habenas3

577 871 751 931 Quique
780 886 905 930 regas
934 869 1087 913 orbem
1117 886 1218 914 cum
1249 871 1418 914 seniore
1448 887 1591 915 senex.

508 946 610 1005 Ipsa
639 941 718 985 tibi
751 941 880 984 niveo
910 940 1056 984 trahet
1083 955 1216 984 aurea
1246 939 1402 1002 pollice
1428 939 1523 998 fila,
1836 963 1849 987 s

490 1064 504 1078 '‘
523 1069 575 1101 Ex
608 1065 762 1100 Domitia
795 1077 905 1098 uxore
925 1090 934 1105 ‚
965 1062 1010 1097 de
1047 1076 1117 1109 qua

438 1121 544 1156 modo
561 1121 763 1165 loquemur,
779 1118 891 1158 infra,
904 1124 979 1150 not.
994 1129 1011 1149 2
1029 1129 1038 1151 ε
1055 1129 1116 1150 ne-

438 1187 509 1220 que
531 1173 625 1208 enim
646 1172 759 1218 placet
784 1170 853 1204 hoc
875 1169 920 1204 de
941 1178 1114 1216 conceptu

437 1229 457 1261 J
461 1228 541 1261 uliae
553 1252 562 1268 ,
577 1238 681 1272 quem
702 1225 775 1270 ipse
792 1231 894 1269 pater
915 1231 950 1257 et
969 1231 1116 1269 patruus

437 1280 637 1314 abortivum
677 1289 750 1311 esse
774 1277 907 1318 voluit,
939 1275 1114 1322 intelligi3

437 1343 477 1367 ut
494 1341 611 1368 censet
629 1329 850 1365 Calderinus.

490 1407 543 1413 —-
564 1385 626 1419 Ad
653 1384 812 1418 Coesarem
839 1390 892 1416 est
917 1382 1043 1416 lemma
1077 1381 1115 1415 in

437 1438 558 1473 codice
580 1436 784 1471 Pulmanni.

493 1492 678 1531 1.Nascere‚
689 1489 872 1522 Dardanio.
889 1488 968 1521 Iulo
987 1499 1115 1533 nempe

438 1546 512 1580 filio
541 1547 660 1577 AEneae
684 1542 920 1589 promiserant
946 1540 1016 1574 fata
1052 1541 1115 1574 ali-

438 1597 579 1644 quando
598 1596 818 1630 nasciturum
832 1595 928 1628 hunc
942 1606 1092 1640 puerum
1106 1619 1116 1636 ‚

438 1652 495 1686 cui
528 1663 659 1684 nomen
690 1648 761 1682 Iuli
793 1647 1045 1682 destinabatur.
1063 1668 1115 1673 —

440 1706 589 1739 Nascere.
619 1704 829 1736 Nascentem
850 1713 1003 1747 puerum
1029 1700 1115 1733 allo-

438 1759 563 1804 quitur
582 1764 704 1803 poeta,
724 1755 781 1788 vel
799 1754 917 1800 potius
938 1762 1060 1787 natum
1082 1762 1116 1787 et

439 1819 654 1845 crescentem
677 1821 688 1851 ;
724 1809 813 1842 sicut
849 1807 995 1853 stirpem
1027 1805 1116 1840 dici-

439 1877 517 1898 mus
540 1863 634 1897 nasci
650 1888 660 1903 ,
691 1860 779 1895 dum
807 1861 941 1894 crescit.
958 1881 1011 1887 —
1028 1860 1117 1892 Dar-

439 1919 546 1951 danio.
568 1917 745 1961 TrojanO,
764 1927 782 1948 a
802 1912 1117 1947 Dardana—Pro-

441 1973 564 2004 missum
577 1996 586 2010 ,
620 1977 686 2002 etc.
717 1968 872 2001 Imitatio
908 1966 1114 2012 Virgiliana.

445 2042 458 2053 «
482 2024 598 2057 Julius
626 2035 645 2055 a
671 2033 799 2066 magno
828 2019 1019 2053 demissum
1051 2032 1116 2052 no·

440 2090 519 2111 nien
543 2076 622 2109 Iulo
639 2092 652 2105 n
665 2101 675 2119 ,
694 2072 832 2107 AEneid.
854 2073 888 2115 I;
908 2083 941 2106 et
953 2072 1027 2106 Ecl.
1044 2073 1095 2105 lV
1107 2099 1115 2113 ‚

444 2149 458 2161 «
475 2131 562 2163 Cara
575 2128 681 2162 deum
695 2127 833 2161 soboles
855 2144 868 2156 ι»
882 2151 892 2166 ,
908 2126 1118 2160 εἱα-Ηεεο

440 2192 556 2217 nutem
576 2195 654 2214 ”vera
667 2208 675 2222 ‚
694 2180 889 2214 Domitiani
902 2179 1034 2213 scilicet
1052 2179 1116 2212 Dei

440 2250 478 2271 :ic
497 2235 654 2269 Domini.
675 2234 753 2267 Lib.
770 2234 817 2275 V,
833 2233 942 2278 epigr.
964 2244 1046 2266 ΠΗ.

497 2303 528 2323 2.
549 2289 635 2321 l'era
648 2288 760 2320 Deum.
775 2286 1000 2320 Domitianus
1020 2286 1115 2318 enim

439 2345 513 2387 ejus
547 2350 646 2387 pater
676 2340 852 2373 Dominus
879 2347 913 2373 et
941 2340 1034 2372 Deus
1053 2351 1112 2384 ap-

440 2396 649 2442 pellabatur.
673 2394 752 2427 Lib.
768 2394 811 2431 V,
835 2393 944 2438 epigr.
965 2404 1047 2425 vni.
1063 2412 1112 2417 -—-

443 2450 560 2491 Allagm·
589 2461 677 2491 pta-r.
710 2447 760 2479 Ex
792 2446 946 2479 Domitia
982 2457 1112 2484 uxore,

439 2505 538 2548 cujus
574 2501 787 2533 mentionem
819 2499 899 2532 facit
925 2498 1112 2533 Suetonius

442 2558 476 2589 in
507 2553 636 2587 Domit.
671 2566 750 2598 cap.
774 2553 792 2586 3
812 2578 820 2592 ,
851 2565 921 2584 non
953 2565 993 2586 ex
1018 2551 1113 2585 Julia

441 2609 510 2642 'l'iti
531 2609 603 2653 ejus
627 2606 743 2639 fratris
765 2605 854 2643 filia,
872 2607 970 2650 cujus
994 2616 1114 2639 amore

442 2663 566 2695 mise-rc
588 2660 722 2705 peribat
742 2658 987 2699 Domitianus,
1008 2671 1112 2703 quam

1175 1072 1387 1111 conceptum
1421 1065 1560 1110 abigere
1590 1065 1704 1111 coegit
1723 1091 1733 1106 ,
1766 1074 1852 1100 teste

1176 1116 1300 1150 eodem
1312 1116 1482 1151 Suetonio
1494 1142 1503 1155 ,
1519 1130 1594 1163 cap.
1605 1131 1623 1152 2
1632 1131 1649 1152 α
1662 1144 1672 1160 ,
1684 1119 1721 1152 in
1733 1119 1854 1153 Domi-

1174 1170 1287 1212 tiano,
1308 1179 1368 1204 «ut
1378 1170 1482 1204 etiam
1498 1183 1601 1211 causa
1614 1171 1738 1207 mortis
1756 1172 1853 1207 illius

1174 1222 1354 1257 exstiterit.
1373 1240 1388 1253 »

1230 1275 1264 1309 3.
1287 1276 1450 1309 Habenas.
1471 1276 1548 1311 Hoc
1567 1285 1636 1317 est,
1660 1277 1851 1324 imperium

1174 1327 1492 1363 administrandum
1506 1355 1517 1372 ,
1528 1338 1714 1376 postquam
1729 1331 1853 1365 Domi-

1175 1382 1292 1416 tianus
1311 1381 1374 1416 diu
1395 1381 1484 1416 illud
1501 1383 1641 1418 rexerit.

1228 1439 1264 1475 4.
1285 1435 1410 1480 Quique
1429 1449 1542 1481 regas,
1565 1444 1629 1470 etc.
1650 1435 1745 1470 Imit.
1765 1434 1853 1470 Ovi-

1173 1485 1440 1533 dmum-Sospite
1452 1492 1497 1522 sic
1513 1497 1541 1521 te
1558 1492 1602 1522 sit
1618 1497 1712 1522 natus
1733 1502 1854 1535 quoque

1172 1553 1276 1586 sospes
1287 1553 1298 1574 .“
1309 1548 1340 1573 et
1348 1541 1422 1574 olim
1431 1539 1601 1587 Imperium
1612 1550 1704 1587 regat
1714 1542 1772 1575 hoc
1785 1555 1853 1575 cum

1173 1595 1292 1626 seniore
1304 1607 1409 1627 senex.
1429 1611 1442 1624 n
1466 1595 1574 1629 Trist.
1591 1595 1646 1637 II,
1665 1607 1715 1629 vs.
1739 1594 1825 1629 165.

1229 1646 1262 1681 5.
1278 1647 1354 1693 Ipsa
1368 1648 1426 1681 tibi
1440 1649 1542 1689 niveo,
1559 1656 1623 1683 etc.
1637 1648 1756 1682 Parcae
1769 1648 1852 1682 Deae

1173 1698 1309 1734 dabunt
1317 1701 1470 1746 patrueli
1480 1709 1548 1734 tuae
1555 1702 1576 1735 J
1579 1701 1657 1734 ulioe
1667 1700 1747 1735 filiae
1758 1700 1853 1742 Titi,

1172 1761 1289 1799 partes
1304 1766 1382 1788 suas
1396 1766 1404 1788 :
1423 1762 1528 1800 atque
1545 1754 1566 1787 J
1571 1755 1639 1788 ulia
1654 1766 1720 1800 pro
1734 1766 1854 1787 amore

1174 1818 1239 1839 suo
1251 1807 1317 1840 tibi
1328 1807 1427 1840 nebit
1435 1807 1563 1853 pollice
1574 1807 1677 1841 niveo
1688 1801 1766 1853 (qui
1778 1806 1854 1840 lon-

1174 1859 1369 1904 gaevitatem
1385 1855 1532 1906 figurat)
1553 1859 1612 1893 fila
1632 1872 1755 1901 aurea,
1776 1871 1853 1905 quae

1174 1925 1346 1946 summam
1374 1912 1595 1959 portendunt
1630 1913 1852 1955 felicitatem;

1173 1977 1325 2011 namque
1340 1978 1381 1999 ex
1398 1965 1583 2013 disciplina
1597 1966 1853 2000 Hetruscorum

1175 2019 1262 2052 aries
1285 2018 1426 2053 insolito
1449 2020 1568 2053 colore
1589 2018 1733 2053 indutus
1747 2045 1757 2061 ,
1780 2018 1852 2064 regi

1175 2072 1230 2105 vel
1250 2073 1460 2118 Imperatori
1475 2073 1634 2106 omnium
1651 2084 1771 2106 rerum
1784 2072 1849 2105 lar-

1175 2124 1342 2170 gitionem
1357 2125 1600 2171 portendebat.
1613 2124 1705 2158 Vide
1717 2137 1796 2171 quae
1808 2123 1853 2158 ad

1176 2190 1227 2211 vs.
1250 2180 1320 2213 228
1341 2178 1486 2223 Thyest.
1504 2178 1768 2223 Senem—Ipsa
1784 2177 1852 2211 tibi.

1175 2231 1271 2264 Julia
1285 2245 1303 2265 a
1317 2231 1518 2265 Domitiano
1533 2241 1660 2277 patruo
1677 2230 1852 2272 adamata,

1177 2293 1211 2317 te
1229 2284 1344 2317 filium
1361 2286 1434 2330 ejus
1449 2285 1599 2325 amabit,
1616 2292 1650 2318 et
1665 2284 1853 2318 Parcarum

1173 2337 1309 2371 vicibus
1327 2338 1504 2383 fungetur,
1523 2338 1659 2383 tibique
1673 2336 1780 2372 ducet
1795 2336 1853 2370 fila

1173 2403 1275 2424 aurea
1290 2417 1299 2433 ‚
1317 2404 1334 2423 a
1348 2391 1475 2436 quibus
1489 2389 1619 2436 pendet
1628 2390 1765 2424 dierum
1779 2402 1855 2423 om-

1172 2444 1271 2477 nium
1286 2445 1510 2489 prosperitas.
1524 2443 1709 2477 Petronius
1719 2442 1763 2477 de
1773 2442 1853 2476 'rri-

1172 2497 1344 2530 nialcione
1355 2498 1457 2531 beato
1474 2512 1482 2534 ς
1504 2497 1656 2531 «Praesto
1670 2505 1742 2530 erat
1760 2495 1846 2529 For-

1172 2559 1256 2584 tuna
1284 2563 1393 2584 cornu
1419 2549 1611 2584 abundanti
1636 2549 1792 2595 copiosa,
1812 2556 1847 2582 et

1173 2612 1241 2637 tres
1254 2617 1365 2650 parca:
1378 2616 1480 2637 aurea
1492 2615 1598 2649 pensa
1609 2611 1819 2647 torquentes.
1829 2618 1842 2631 n

1175 2656 1298 2690 Sidon.
1313 2658 1341 2690 Χ
1350 2658 1392 2690 V:
1402 2674 1414 2686 -
1423 2657 1552 2690 Probat
1565 2658 1716 2701 Atropos
1729 2667 1845 2694 omen,
