1978 3305
476 233 572 283 248

856 232 917 273 M.
936 231 1076 273 VAL.
1116 231 1501 275 MARTIALIS

684 319 843 378 Lingas
865 333 953 361 non
973 317 1081 360 mihi
1104 311 1222 373 (nam
1245 318 1383 379 proba
1406 329 1450 362 et
1475 317 1628 380 pusilla
1649 315 1758 375 est),

684 388 768 432 Sed
791 404 886 447 quae
914 387 968 431 de
990 386 1174 447 Solymis
1199 389 1318 432 venit
1343 390 1527 449 perustis

684 459 948 501 Damnatam
978 457 1109 501 modo
1138 457 1375 503 mentulam
1401 458 1563 502 tributi.

479 590 571 621 Sunt
585 589 648 634 qui
665 589 799 635 legant:
825 590 969 634 Titioque
988 590 1147 638 Celioque.

531 644 565 674 6.
580 642 695 686 Linges
717 642 864 688 scriptus
886 642 995 676 codex
1011 643 1149 677 Turne-

474 694 511 727 hi
524 719 533 734 ,
552 702 590 727 ut
609 702 642 727 et
659 694 837 728 Palatinus
851 695 1000 729 exhibet.
1011 717 1062 722 —
1077 697 1151 730 Non

478 747 571 786 mihi,
589 754 655 780 etc·
677 747 758 781 Non
788 760 901 781 meam
930 749 1119 783 mentulam
1141 775 1150 790 ,

478 811 556 844 quae
567 799 695 833 castior
708 809 771 843 est,
782 799 843 834 sed
855 802 945 835 servi
959 801 1150 836 meiJudaei

478 850 633 885 damnati
654 852 697 886 ad
717 853 911 896 tributum,
930 856 986 888 vel
1005 855 1150 888 nomine

477 904 599 938 tributi
633 904 670 938 in
708 907 912 940 servitutem
950 907 1106 942 damnati
1142 921 1149 941 :

476 969 579 1003 grave
599 966 712 992 autem
737 961 907 994 tributum
926 960 1127 1006 pendebant
1142 986 1152 1001 ,

479 1023 591 1055 quum
606 1010 737 1053 Judaei,
758 1021 832 1046 tum
851 1013 912 1058 qui
930 1013 1084 1047 Judaicae
1100 1026 1152 1047 se-

478 1070 542 1096 ctae
557 1063 786 1099 initiabantur
806 1066 1036 1100 circumsecti.
1056 1066 1152 1100 Suet.

480 1117 612 1150 Domit.
632 1129 706 1162 cap.
734 1131 791 1151 12.
811 1139 864 1144 -
882 1120 931 1151 Et
948 1120 1067 1164 pusilla
1095 1128 1151 1152 est.

480 1168 588 1202 Palat.
610 1179 727 1214 aperte
740 1171 848 1216 puella
867 1179 922 1205 est.
941 1176 982 1205 Et
1001 1185 1063 1206 cur
1081 1185 1153 1205 non

483 1220 661 1256 admittam
672 1248 680 1263 ‚
699 1235 807 1268 quum
827 1223 983 1258 eamdem
994 1225 1076 1258 alibi
1090 1238 1154 1258 no-

1208 591 1319 626 minet
1335 604 1427 626 anum
1440 618 1450 632 ,
1467 591 1752 635 mentionemque
1771 590 1882 631 faciat,

1214 661 1227 673 «
1246 644 1374 678 chartae
1391 643 1561 689 virginis?
1574 661 1587 673 n
1611 643 1739 677 Gruter.

1265 699 1300 731 8.
1323 697 1364 730 In
1390 695 1471 730 edd.
1493 704 1578 730 vett.
1599 696 1736 728 tributis.
1765 695 1884 727 Lectio

1210 758 1328 783 nostra
1338 748 1490 783 debetur
1499 749 1667 782 Turnebo
1675 748 1737 781 lib.
1746 747 1883 785 XXIV,

1209 815 1284 848 cap.
1304 802 1626 836 28.-Damnatam
1646 800 1755 834 tributi
1767 807 1885 840 vocat,

1209 856 1287 901 quia
1302 881 1311 897 ‚
1334 855 1475 901 Solyma
1505 855 1665 895 incensa,
1685 852 1886 886 Domitiano

1211 908 1341 941 tributa
1366 921 1385 942 a
1414 907 1544 941 Judaeis
1572 907 1753 952 exigente,
1785 904 1887 937 multi

1212 961 1386 1006 originem
1405 960 1690 997 dissimulabant,
1703 971 1747 991 ne
1760 956 1888 1003 pende-

1212 1026 1250 1047 re
1268 1023 1495 1059 cogerentur:
1514 1014 1644 1046 frustra
1662 1023 1760 1051 sane,
1777 1021 1885 1055 quum

1212 1067 1404 1112 perspicuae
1413 1063 1705 1109 nimiumhfraudis
1719 1062 1887 1096 admoniti

1213 1119 1273 1165 qui
1295 1118 1583 1152 administrabant
1604 1117 1727 1151 fiscum
1748 1127 1811 1161 per
1836 1115 1888 1148 in-

1214 1172 1400 1218 quisitores
1430 1171 1644 1217 inspicerent
1671 1182 1713 1202 an
1739 1169 1888 1202 circum-

1215 1225 1290 1266 cisi,
1301 1233 1335 1258 et
1345 1224 1583 1270 deprehensos
1592 1222 1811 1257 damnarent.
1822 1220 1889 1253 En.

1111 1360 1211 1416 LV
1222 1362 1262 1417 Ι.

982 1513 1049 1540 AD
1088 1512 1377 1541 RABIRIUM.

551 1632 704 1674 ASTRA
738 1629 974 1691 polumque
1004 1641 1077 1674 tua
1103 1631 1255 1691 cepisti
1283 1641 1450 1684 mente,
1474 1632 1646 1682 Ralnrm

622 1700 896 1744 Parrhasiam
923 1701 1031 1744 mira
1048 1702 1130 1761 ‘qui
1158 1702 1287 1745 struis
1315 1711 1408 1744 arte
1435 1701 1628 1744 domum.

554 1770 759 1814 Phidiaco
783 1771 817 1814 si
838 1770 970 1832 digna
988 1773 1086 1815 Jovi
1112 1771 1216 1815 dare
1240 1771 1401 1832 templa
1424 1772 1616 1832 parabit,

624 1842 713 1885 Has
742 1851 863 1902 petat
890 1858 915 1885 a
942 1851 1092 1886 nostro
1119 1843 1216 1886 Pisa
1235 1844 1434 1887 Tonante
1458 1858 1627 1885 manus.

537 1989 560 2007 ι.
578 1976 637 2008 Pia
655 1979 763 2020 cepisti
775 1977 918 2009 mentein
937 1977 1156 2021 quibusdam.

484 2028 674 2062 Scriverius
690 2029 772 2073 legit
788 2042 795 2062 :
815 2038 867 2062 ηια
879 2032 1034 2075 percepset*
1049 2039 1156 2063 meme.

485 2103 535 2107 -—-
570 2083 671 2114 Astra
701 2083 877 2128 polumque.
916 2083 1041 2115 Sensus
1075 2091 1125 2116 est
1150 2096 1157 2116 ε

482 2134 654 2168 Palatium
667 2143 736 2168 tam
752 2136 943 2181 superbum
959 2135 1161 2169 Domitiano

483 2196 696 2222 exstruxerat
737 2188 899 2221 Rabirius
921 2213 930 2227 ‚
960 2197 999 2222 ut
1038 2189 1159 2222 caelum

484 2241 598 2286 ipsum
615 2249 732 2275 mente
746 2241 950 2286 concepisse
967 2240 1159 2283 videretur,

483 2293 524 2326 ad
548 2295 647 2338 eujus
673 2294 878 2339 imaginem,
907 2296 993 2328 alter
1020 2294 1160 2328 Phidias

484 2347 637 2380 Homero
675 2348 819 2393 plenus,
855 2347 1025 2381 Palatium
1070 2347 1157 2381 illud

484 2399 729 2435 aediiicave1·at.
748 2400 883 2433 Rabirii
901 2413 1020 2434 rursus
1038 2401 1160 2434 memi-

485 2452 535 2485 nit
556 2453 614 2485 lib.
636 2453 665 2485 X
680 2479 688 2493 ‚
707 2453 815 2499 epigr.
839 2465 935 2487 Lxxr.

540 2506 791 2539 2.l’arrl1asi‹1m.
806 2505 847 2539 Id
862 2515 933 2547 est,
949 2507 1159 2547 Palatinam,

483 2559 516 2590 in
560 2567 676 2591 monte
714 2572 839 2604 nempe
882 2560 1062 2601 Palatino,
1100 2561 1157 2593 ubi

483 2610 642 2644 Evander
675 2612 778 2645 Arcas
803 2625 843 2645 ex
866 2613 951 2646 urbe
976 2614 1156 2647 Parrhasia

478 2664 611 2708 primus
632 2664 777 2697 domum
810 2667 988 2700 exstruxit.
1016 2667 1071 2699 Sic
1103 2667 1156 2699 ln-

1220 1986 1390 2023 terpretes
1429 1977 1523 2010 hunc
1563 1978 1676 2010 locum
1723 1975 1896 2020 explicant

1220 2030 1319 2075 Virg.
1337 2029 1475 2063 AEneid,
1495 2030 1565 2070 XI,
1593 2028 1634 2061 31
1654 2041 1660 2062 z
1686 2046 1698 2058 «ι
1716 2027 1898 2061 Parrhasio

1220 2082 1386 2116 Evandro
1401 2083 1561 2127 Armiger
1571 2090 1649 2115 ante
1658 2081 1734 2114 fuit.
1746 2078 1899 2113 n-——Edi-

1222 2136 1325 2169 tionis
1343 2144 1487 2176 nostrae,
1508 2136 1575 2169 vol.
1594 2136 1659 2175 IV,
1677 2147 1713 2179 p.
1733 2133 1813 2166 203.
1830 2132 1896 2165 En.

1278 2189 1311 2222 3.
1339 2189 1413 2221 Jovi
1432 2189 1509 2221 dare
1531 2188 1643 2233 templa
1666 2186 1796 2232 parabit
1819 2199 1829 2218 .·
1853 2185 1898 2218 ita

1220 2242 1302 2289 legit
1319 2242 1524 2279 Turnebus,
1540 2241 1600 2274 lib.
1620 2241 1754 2281 XXIV,
1772 2252 1802 2272 c.
1829 2239 1872 2271 28
1891 2251 1899 2278 ;

1216 2297 1343 2339 paravit
1368 2295 1437 2328 alii.
1471 2315 1521 2322 -—
1550 2293 1706 2327 Phidiaco
1731 2295 1758 2325 si
1789 2291 1899 2335 digna.

1219 2349 1298 2381 Pisa
1324 2349 1408 2382 urbs
1427 2347 1664 2393 Peloponnesi
1686 2344 1729 2379 ad
1755 2344 1900 2378 fluvium

1219 2401 1393 2447 Alpheum
1410 2401 1437 2434 si
1458 2400 1608 2433 voluerit
1623 2399 1704 2432 Jovi
1725 2406 1902 2431 exstruere

1220 2455 1390 2499 templum
1422 2453 1567 2498 dignum
1594 2453 1653 2485 illo
1690 2451 1876 2485 simulacro
1894 2475 1902 2486 ,

1220 2507 1318 2553 quod
1349 2519 1389 2540 ex
1415 2507 1522 2540 ebore
1552 2504 1692 2539 Phidias
1714 2502 1903 2537 statuarius

1221 2560 1458 2593 nobilissimus
1488 2559 1670 2596 formavit,
1692 2569 1709 2590 a
1730 2555 1902 2589 Domitia-

1220 2627 1286 2653 no,
1313 2623 1434 2646 nostro
1456 2614 1562 2651 Jove,
1590 2619 1681 2656 petat
1719 2608 1899 2643 Rabirium

1217 2667 1459 2701 architectum.
