1978 3305
379 247 963 291 EPIGRAMMATUM
1000 246 1124 288 LlB.
1163 245 1248 287 IX.
1412 240 1508 302 395

717 391 915 447 XXV.

637 547 708 575 AD
746 526 1026 575 EUMDEMJ‘

186 672 322 728 Qms,
352 669 584 714 Pallatinos
611 671 802 714 imitatus
827 670 1012 730 imagine
1040 668 1208 723 vultus,

255 740 508 785 Phidiacum
534 740 660 784 Latio
687 740 1034 788 marmorevicit
1061 738 1197 783 ebur?

189 813 290 855 Haec
318 810 468 854 mundi
498 810 649 864 facies3
681 811 773 856 haec
799 820 900 854 sunt
927 810 1047 854 Jovis
1078 825 1155 854 ora
1182 812 1346 865 sereni3

257 882 328 924 Sic
352 890 475 924 tonat
504 879 574 924 ille
602 883 745 936 Deus,
774 897 908 942 quum
936 882 1026 924 sine
1051 880 1166 924 nube
1193 889 1327 924 tonat.

189 952 287 994 Non
313 949 448 995 solam
479 951 631 995 tribuit
657 950 796 995 Pallas
822 951 898 995 tibi

911 986 922 1006 ,
953 952 1064 995 Care
1075 986 1087 1006 ‚
1115 966 1321 995 coronam
1337 967 1348 1003 3

256 1020 458 1082 Effigiem
486 1021 675 1077 domini,
702 1038 831 1082 quam
854 1020 981 1075 colis,
1009 1020 1080 1065 illa
1105 1020 1236 1065 dedit.

179 1135 194 1150 ¹*
217 1139 314 1175 Idem
341 1150 583 1188 argumentum
612 1141 656 1176 de
682 1150 793 1175 statua

122 1194 330 1237 Domitiani,
345 1207 449 1240 quam
463 1195 500 1229 in
515 1194 647 1228 aedibus
660 1195 728 1228 suis
744 1195 793 1228 fa·

120 1255 210 1281 ctam
227 1247 363 1281 colebat
378 1248 486 1282 Carus
503 1259 511 1280 τ
532 1248 636 1294 hujus
656 1248 792 1293 elegan-

122 1300 203 1333 tiam
223 1308 399 1346 artemque
415 1299 592 1346 praedicat.

179 1365 193 1385 1
203 1379 210 1386 .
221 1353 399 1386 Pallatinos
412 1354 529 1386 vultus.
543 1353 620 1387 Hoc
635 1361 701 1395 est,
718 1353 794 1399 quis

123 1405 308 1439 statuarius
343 1406 535 1439 Domitiani
572 1403 584 1445 (
603 1406 792 1440 Palatinam

123 1456 268 1491 domum
299 1457 510 1499 habitantis)
544 1459 691 1492 formam
723 1468 792 1492 tam

123 1511 212 1544 bene
235 1512 420 1556 expressit,
440 1521 480 1546 ut
500 1512 616 1557 ipsum
635 1511 796 1546 Phidiam

125 1562 276 1597 caelando
294 1565 399 1597 ebore
413 1573 633 1610 praestantem
644 1592 653 1607 ‚
667 1564 710 1599 de
725 1578 795 1611 quo

124 1616 186 1650 lib.
205 1617 277 1653 VI,
297 1617 404 1663 epigr.
427 1629 521 1659 1111,
539 1617 780 1663 superaverit?

180 1668 214 1703 3.
229 1669 311 1702 Hoec
320 1669 437 1703 mundi.
452 1669 528 1704 Hoc
539 1679 608 1713 est,
622 1671 725 1704 facies
739 1671 797 1704 illa

127 1734 230 1768 quam
249 1722 408 1756 mundus
425 1721 546 1757 adorat
556 1731 592 1757 et
600 1731 797 1764 veneratur,

127 1787 203 1820 quae
226 1774 402 1808 mundum
425 1775 525 1820 regit.
544 1797 595 1802 -
617 1777 699 1809 Hoec
726 1785 798 1809 sunt

127 1828 214 1860 Jovis
239 1841 305 1861 ora.
333 1829 425 1862 Talis
456 1828 600 1874 fingitur
628 1829 724 1862 Jovis
747 1829 796 1863 fa-

128 1880 217 1922 cies,
247 1879 307 1914 sed
333 1880 481 1926 placidi,
506 1880 567 1915 sed
597 1882 722 1915 sereni.
745 1882 797 1915 Ita

851 1142 1005 1176 Theseus
1021 1140 1065 1175 de
1083 1142 1234 1175 Plutone
1250 1140 1343 1187 apud
1362 1140 1522 1174 Senecam

851 1194 887 1227 in
904 1195 1007 1228 Herc.
1025 1194 1106 1228 Fur.
1123 1207 1175 1228 vs.
1192 1194 1265 1239 723
1286 1194 1402 1227 Vultus
1419 1202 1466 1226 est
1480 1194 1525 1226 ill1

851 1247 951 1288 Jovis,
969 1247 1036 1281 Sed
1041 1248 1254 1290 fulminantis.

906 1306 938 1341 4.
953 1300 1057 1345 Quum
1073 1303 1138 1333 sine
1156 1300 1234 1333 nube
1247 1307 1345 1332 tonat.
1358 1299 1434 1332 Hoc
1450 1307 1501 1332 est
1514 1325 1523 1339 ‚

852 1353 926 1386 sine
953 1353 1002 1386 ira
1015 1379 1024 1394 ‚
1054 1365 1130 1398 quae
1159 1353 1284 1386 frontis
1312 1352 1527 1386 serenitatem

854 1407 982 1440 turbet.

909 1460 941 1492 5.
958 1458 1033 1492 Νοη
1047 1460 1158 1492 solam.
1173 1457 1335 1491 Minerva
1352 1455 1451 1490 dedit
1469 1469 1527 1490 co-

854 1524 976 1545 ronam
992 1510 1035 1544 de
1053 1524 1119 1557 qua
1139 1512 1249 1557 epigr.
1269 1509 1441 1554 praeced.;
1462 1509 1522 1542 sed

855 1572 1020 1610 praeterea
1047 1565 1139 1598 hanc
1167 1562 1357 1597 Domitiani
1382 1570 1524 1596 statuam

855 1627 1031 1651 munerata
1056 1626 1125 1660 est,
1147 1618 1246 1662 cujus
1267 1616 1397 1648 mirum
1417 1615 1526 1649 artifi—

856 1671 948 1704 cium
966 1670 1056 1704 nulli
1073 1677 1188 1716 potest
1201 1668 1267 1702 nisi
1281 1669 1346 1714 ipsi
1362 1667 1482 1702 tribui.

909 1726 942 1757 6.
967 1724 1072 1767 Quam
1103 1723 1177 1756 colit
1198 1720 1305 1755 codex
1330 1720 1524 1754 Pulmanni⁴

856 1777 1061 1809 Lectionem
1086 1785 1241 1809 nostram
1267 1774 1431 1807 exhibent
1453 1772 1531 1806 Ald.

857 1830 954 1862 Junt.
964 1829 1079 1863 Colin.
1090 1825 1410 1873 Gryph.Calderin.
1421 1827 1532 1860 Plani*

857 1882 997 1915 Junian.
1015 1881 1120 1927 Lang.
1138 1881 1265 1927 Delph.
1283 1888 1349 1914 etc.

713 2016 948 2071 XXVL

665 2172 720 2200 IN
760 2151 1004 2201 aramus*

203 2279 410 2322 DANTEM
440 2280 541 2322 vina
569 2288 693 2323 tuum
723 2280 890 2340 quoties
915 2280 1160 2338 aspeximus
1185 2276 1382 2337 Hyllum,

203 2384 326 2436 mov
352 2395 413 2437 ὅτ’
438 2393 690 2454 οἰνοχοεῦντα
718 2395 806 2437 τεὸν
834 2394 1059 2454 θεράποντα
1084 2393 1255 2452 θεῶμαι,

188 2517 424 2567 'Zelotypum
446 2521 586 2558 iriidet‚
609 2534 734 2568 rogans
762 2535 804 2555 an

135 2575 229 2608 nefas
238 2574 383 2620 pulchra
400 2575 546 2616 intueri,
556 2587 598 2609 au
615 2587 697 2621 ergo
711 2575 804 2609 nefas

136 2627 172 2660 in
200 2636 386 2662 venustum
417 2603 674 2674 pocillatorem„
686 2628 803 2662 oculos

137 2682 315 2727 conjicere.

923 2534 952 2555 1.
974 2521 1023 2565 H
1026 2520 1122 2554 ·lum
1114 2533 1150 2554 m
1169 2519 1382 2566 quibusdam
1402 2530 1482 2555 vett.
1503 2532 1535 2555 et

864 2575 911 2608 sic
946 2573 1049 2607 codd.
1087 2574 1275 2608 Juvenalis.
1311 2593 1360 2599 -—
1389 2575 1533 2619 Hymllum

865 2626 1056 2660 Pulchrum
1073 2639 1198 2672 nempe
1215 2635 1285 2660 et«
1272 2627 1411 2672 «nigris
1426 2628 1535 2661 oculi

862 2681 1028 2726 nigroque
1053 2680 1147 2715 crine
1175 2679 1343 2714 decorum
1363 2698 1376 2710 ι.
1393 2705 1403 2721 ,
1429 2689 1466 2714 ut
1488 2681 1530 2714 aii
