1978 3305
468 219 565 271 204

835 219 896 260 M.
921 219 1058 261 VAL.
1099 218 1487 262 MARTIALIS

597 306 717 348 Inter
742 303 977 365 laurigeros
1001 320 1135 365 quum
1162 321 1308 349 comes
1336 306 1414 349 ibit
1438 322 1584 366 equos.

532 377 610 418 Fas
635 374 785 418 audire
806 374 953 434 jocos,
976 374 1223 436 levioraque
1248 377 1468 430 carmina,
1494 377 1659 431 Caesar,

602 446 658 487 Et
686 444 765 488 tibi
792 461 800 486 :

463 565 635 610 populum
655 565 794 598 coronis
812 565 848 598 in
864 564 987 599 diebus
1007 566 1130 600 trium-

464 617 614 662 phorum
633 627 795 651 ornatum
814 617 929 652 fnisse.
950 619 1017 652 ED-

517 672 550 704 8.
579 671 870 715 Itzterluu1·igeros.
896 671 1002 705 Ovid.
1026 671 1133 705 Trist.

464 735 512 762 iv,
528 735 561 763 ιι,
582 735 598 755 2
611 736 623 756 1
638 737 644 755 :
662 722 877 770 «Vinclaque
891 725 1026 770 captiva
1038 737 1135 770 reges

463 776 596 808 cervice
620 784 796 821 gerentes,
828 778 919 811 Ante
952 786 1134 811 coronatos

467 828 515 860 ire
534 827 664 862 videbit
682 841 799 874 equos.
820 847 833 860 ›‚

519 893 552 924 9.
573 880 692 915 Codex
711 883 916 919 Vaticanus,
937 883 1044 916 leviori
1064 896 1134 915 car-

465 935 554 967 mine.
566 955 618 961 --
628 935 826 982 Leuioraque.
841 936 917 969 Hoc
930 944 999 977 est,
1015 934 1136 969 audire

466 998 539 1019 mea
557 987 803 1032 epigrammata
819 990 947 1035 jocosa.

522 1051 572 1074 10.
599 1040 651 1074 Sit
676 1041 751 1081 tibi,
783 1044 810 1074 si
838 1042 922 1074 lusus
947 1040 1002 1075 ed.
1029 1041 1137 1086 antiq.

831 445 863 488 si
893 443 1010 489 lusus
1036 445 1127 506 ipse
1154 445 1404 507 triumphus
1429 455 1558 489 amat.

1192 567 1328 601 Ferrar.
1344 580 1398 600 an.
1416 580 1428 600 1
1439 571 1525 611 471.
1540 566 1622 600 Ald.
1637 567 1736 600 Junt.
1751 567 1865 602 Colin.

1193 620 1330 665 Gryph.
1370 620 1483 653 Plant.
1521 619 1664 653 Junian.
1707 619 1866 653 Pulman.

1195 672 1370 706 Calderin.
1400 673 1509 717 Lang.
1542 672 1669 718 Delph.
1703 672 1787 706 aliae.
1821 673 1869 705 Ee

1196 725 1271 766 tibi,
1286 728 1314 758 si
1334 726 1417 758 lusus
1434 723 1537 759 codd.
1556 726 1634 758 Vat.
1652 732 1686 758 et
1704 724 1868 767 Gruteri,

1194 778 1253 824 qui
1275 778 1408 825 primus
1431 778 1467 811 in
1493 786 1625 812 textum
1652 778 1794 823 recepit.
1816 778 1871 810 Ja-

1194 844 1259 865 nus
1284 831 1486 876 Rutgersius
1512 828 1699 876 legendum
1726 838 1869 864 censet:

1195 885 1244 916 Et
1263 885 1318 916 tibi
1335 886 1400 917 sit:
1413 884 1496 916 lusus
1518 886 1591 928 ipsc.
1610 905 1661 910 -
1677 884 1776 916 Lusus
1797 885 1870 928 ipse.

1196 937 1368 970 Solemnis
1382 937 1476 970 enim
1486 944 1519 969 et
1534 936 1738 982 magnificus
1751 935 1872 969 trium·

1196 989 1300 1034 phus,
1316 988 1471 1022 admittit
1485 990 1624 1034 quosvis
1634 1015 1643 1030 ‚
1657 997 1691 1022 et
1705 1001 1871 1036 quorum-=

1198 1041 1250 1075 vis
1265 1041 1417 1075 militum
1435 1054 1471 1075 ac
1489 1041 1677 1076 hominum
1696 1042 1805 1087 joc05.

1118 1178 1230 1233 IX.

967 1316 1031 1343 DE
1069 1296 1376 1344 cA.scE1,10.*

535 1425 685 1478 QUUM
708 1422 929 1482 sexaginta
954 1430 1151 1464 numeret
1175 1419 1396 1465 Cascelius
1421 1438 1583 1477 annos,

608 1493 865 1552 Ingeniosus
890 1492 1024 1535 homo
1046 1500 1110 1535 est
1133 1507 1142 1533 ε
1169 1490 1343 1551 quando
1367 1491 1552 1536 disertus
1575 1491 1686 1536 erit?

521 1609 531 1621 '
557 1613 605 1645 De
626 1612 766 1646 Casselio
784 1613 987 1647 inscribitur
1004 1612 1040 1646 in
1058 1612 1140 1647 edd.

471 1673 551 1699 vett.
580 1678 656 1711 quae
687 1679 788 1700 versu
823 1665 940 1712 primo
974 1665 1142 1700 exhibent

469 1718 594 1758 etiam,
618 1719 774 1752 Casselius
797 1732 807 1752 .·
833 1718 1039 1753 Beverlandi
1066 1719 1141 1753 MS.

472 1770 654 1805 Cascellius.
672 1794 724 1798 —
741 1773 898 1806 Jactabat
917 1785 952 1806 se
971 1772 1142 1807 Cascelius

469 1823 513 1857 de
542 1824 681 1869 ingenio
711 1825 961 1867 ἐξηκονταετῆς,
989 1826 1143 1859 volebat-

471 1889 539 1922 que
565 1877 676 1911 videri
709 1877 846 1911 doctus.
878 1879 981 1912 Poeta
999 1906 1009 1920 ‚
1040 1879 1143 1913 nimis

472 1943 547 1963 sero
568 1939 621 1972 te,
646 1931 779 1976 inquit,
799 1932 1016 1976 ingeniosum
1037 1931 1142 1975 dicis;

473 1996 490 2015 a
507 1996 616 2028 puero
631 1984 875 2029 requirebatur
887 1983 930 2017 ad
948 1984 1143 2019 doctrinam

474 2037 625 2069 suturam
636 2037 825 2082 ingenium.
839 2038 997 2079 Dum-tus,
1011 2040 1146 2072 cultum

474 2090 620 2135 ingenii,
639 2089 857 2136 disciplinam
870 2117 879 2131 ‚
899 2099 1007 2125 artem
1027 2101 1060 2126 et
1077 2101 1148 2127 stu-

1202 1609 1326 1654 dium;
1355 1615 1512 1657 ingenium
1540 1622 1699 1646 naturam
1728 1613 1878 1647 hominis

1202 1672 1346 1709 spectat.

1259 1730 1289 1752 2.
1318 1719 1456 1764 Quando
1476 1718 1608 1751 disertas
1628 1721 1696 1752 erit.
1722 1718 1879 1752 Diserms

1201 1769 1274 1803 scil.
1296 1771 1433 1806 futurus
1453 1780 1532 1816 post
1559 1770 1728 1805 ducentos
1753 1784 1879 1812 annos,

1203 1830 1237 1856 et
1257 1834 1396 1859 acturus
1416 1837 1532 1858 causas
1557 1823 1649 1870 apud
1673 1824 1822 1864 inferos,
1844 1824 1877 1857 in

1205 1893 1276 1926 quo
1296 1878 1436 1912 tandem
1459 1877 1680 1923 sexagenario
1702 1877 1880 1922 ingenium

1206 1933 1249 1967 ad
1272 1933 1466 1967 doctrinam
1488 1931 1641 1964 futuram
1665 1930 1803 1964 elucere
1829 1929 1880 1962 in—

1206 1987 1304 2032 cipit.
1316 2007 1362 2012 -
1372 1985 1510 2030 Quando
1517 1989 1534 2015 :³
1546 1984 1737 2028 Nunquam
1751 1995 1758 2015 ε
1770 1982 1883 2016 hacte-

1205 2053 1271 2073 uus
1286 2039 1380 2073 enim
1394 2038 1482 2071 nihil
1497 2036 1630 2070 studuit
1642 2063 1651 2077 ,
1668 2044 1701 2069 et
1716 2036 1751 2068 in
1767 2044 1881 2081 poste-

1206 2105 1285 2127 rum
1302 2105 1372 2126 nou
1388 2090 1535 2138 poterit;
1553 2098 1632 2123 aetas
1651 2088 1746 2122 enim
1766 2097 1880 2134 negat.

1134 2224 1211 2279 X.

1038 2363 1089 2390 lN
1129 2340 1324 2391 omum*

551 2473 827 2515 l’sl-:!)¹CA'1‘tlf‘.
856 2473 990 2527 Eros,
1022 2470 1139 2515 fellat
1170 2473 1333 2514 Linus:
1361 2468 1469 2523 010,
1495 2470 1596 2528 quid
1624 2468 1676 2511 ad
1710 2477 1749 2510 tc
1767 2503 1778 2518 ,

536 2588 545 2598 ‘
559 2593 595 2624 In
614 2592 890 2635 (llunzsizgitt'vum
908 2593 1032 2626 lemma
1051 2600 1100 2625 cst
1118 2593 1152 2625 iu

483 2643 685 2678 Bcvcrlandi
707 2645 779 2678 MS.

1272 2607 1299 2624 ι.
1331 2591 1515 2623 l'trdicalm·
1537 2591 1618 2620 Uro.»
1643 2588 1676 2620 in
1699 2586 1779 2619 cdd.
1806 2595 1887 2620 vett.

1217 2645 1398 2677 ΙίιιΙιί-ιιιιιν
1419 2645 1503 2675 (hux
1524 2640 1632 2675 codex
1653 2640 1889 2675 Florentium.
