1978 3305
342 239 930 284 EPIGRAMMATUM
968 239 1093 285 LIB.
1120 240 1267 285 VIII.

1423 243 1522 305 289

537 553 604 581 AD
643 547 858 582 mmmm
896 534 1090 584 SUUM-⁴²

184 666 490 709 LAUR1GERos
515 663 704 719 domini,
727 663 855 719 liber,
881 666 1094 710 intrature
1115 668 1320 723 Penates,

251 735 385 778 Disce
409 734 661 778 verecundo
691 735 884 778 sanctius
909 751 985 779 ore
1011 735 1140 796 loqui.

179 804 310 849 Nuda
337 803 491 848 recede
513 806 665 848 Venus
689 821 698 847 ε
730 821 820 848 non
848 814 913 848 est
940 798 1042 849 tuus
1072 807 1151 850 iste
1178 806 1360 853 libellus.

246 876 313 918 Tu
338 874 468 930 mihi,
492 883 538 918 tu
561 874 701 918 Pallas
723 875 991 931 Caesariana,
1012 878 1124 920 veni.

158 996 173 1010 “
194 999 302 1034 Libro
331 1000 524 1034 Palatinam
553 999 697 1034 domum
729 1001 784 1034 in-

103 1066 267 1099 gressuro
289 1052 431 1087 mandat
445 1054 635 1086 verborum
651 1066 784 1087 rerum-

104 1119 173 1153 que
194 1105 441 1140 verecundiam
459 1114 494 1140 et
512 1107 754 1140 reverentiam.

156 1181 207 1186 -—-
223 1161 265 1193 In
293 1159 362 1193 hoc
381 1160 629 1205 epigrammate
651 1159 701 1192 nil
723 1172 782 1192 va·

102 1211 195 1245 riant
215 1212 298 1246 libri
317 1212 438 1258 scripti
457 1220 515 1245 aut
533 1212 702 1258 impressi.

162 1277 194 1299 1.
222 1266 425 1309 Laurigeros.
452 1265 528 1298 Hoc
557 1273 627 1306 est,
661 1265 781 1298 victri-

98 1330 180 1351 cem
203 1318 398 1352 Domitiani
418 1317 584 1359 domum;
606 1318 665 1351 ille
687 1318 779 1351 enim

100 1371 256 1405 lauream
283 1371 364 1404 Jovi
397 1371 599 1416 Capitolino
631 1370 675 1404 de
699 1370 780 1404 Sar-

100 1423 202 1457 matis
212 1424 333 1458 retulit
346 1420 546 1463 (Suetonius
560 1424 596 1457 in
608 1421 756 1459 Domit.)
770 1439 778 1463 ;

100 1477 258 1522 quamvis
292 1485 327 1510 et
362 1477 533 1522 Augustas
568 1477 659 1511 fores
696 1489 778 1522 per-

99 1537 208 1574 petua
231 1530 377 1563 ornabat
405 1529 534 1563 laurus.
561 1551 612 1556 —
634 1531 778 1563 Domini.

99 1582 326 1628 Imperatoris
339 1607 349 1623 ‚
370 1582 572 1616 Domitiani.

155 1635 189 1669 3.
210 1634 308 1668 Nuda
327 1635 433 1668 recede
456 1636 578 1668 Venus.
600 1635 678 1668 Hoc
702 1643 753 1668 est
768 1661 777 1676 ,

99 1687 182 1721 hinc
197 1688 323 1733 procul
342 1688 515 1734 relegetur
533 1688 640 1721 nimia
654 1689 776 1721 verbo-

98 1752 176 1773 rum
192 1741 331 1774 licentia
350 1749 384 1774 et
396 1741 535 1774 lascivia
546 1767 554 1783 ‚
571 1749 606 1775 et
624 1749 663 1774 ut
676 1749 776 1774 vocat

99 1793 134 1825 in
153 1795 237 1826 Arte
252 1793 388 1839 poetica
403 1795 569 1827 Horatius
585 1811 597 1821 ‹-
613 1794 773 1827 inornata

844 1009 877 1034 et
912 1000 1130 1035 dominantia
1169 1004 1313 1038 nomina
1349 1006 1476 1038 solum.
1503 1025 1516 1036 1.

899 1059 931 1094 4.
952 1055 1001 1087 Τιι
1021 1055 1147 1089 Pallas.
1173 1056 1286 1098 Quam
1316 1058 1446 1092 scilicet
1474 1059 1522 1092 ita

843 1106 931 1140 mira
949 1108 1196 1153 superstitione
1210 1109 1264 1143 vel
1277 1110 1397 1156 potius
1408 1123 1523 1145 amen-

843 1160 890 1192 tia
915 1160 1024 1193 coluit
1043 1162 1287 1204 Domitianus,
1309 1171 1347 1196 ut
1369 1164 1463 1197 illius
1479 1164 1522 1198 fi-

843 1212 930 1245 lium
948 1213 1072 1246 haberi
1088 1227 1125 1248 se
1142 1227 1253 1261 prope
1267 1216 1417 1261 jusserit.
1436 1217 1523 1250 Sue-

841 1265 959 1299 tonius
974 1266 1009 1299 in
1027 1267 1102 1312 ejus
1120 1268 1189 1301 vita
1210 1280 1286 1314 cap.
1304 1269 1520 1303 15.—Haud

840 1316 1002 1352 dissimili
1037 1319 1145 1353 modo
1175 1323 1371 1366 Augustus,
1399 1323 1459 1368 qui
1487 1332 1521 1357 et

840 1371 1016 1416 Apollinis
1030 1373 1083 1405 sui
1100 1374 1221 1407 oculos
1236 1400 1244 1415 ,
1266 1375 1404 1417 faciem,
1419 1376 1519 1409 habi-

840 1432 917 1457 tum
939 1425 1142 1467 aemulatus,
1162 1434 1196 1460 et
1216 1440 1252 1461 se
1270 1428 1337 1460 Dei
1358 1429 1519 1474 spurium

839 1485 873 1510 et
887 1477 1018 1510 Attiam
1034 1471 1212 1521 (matrem)
1224 1480 1287 1513 Dei
1302 1480 1464 1526 pellicem
1476 1482 1518 1514 li-

838 1530 924 1563 bens
935 1529 1217 1565 audiebat—Ab
1225 1532 1293 1567 hoc
1303 1542 1415 1567 autem
1426 1534 1518 1568 libro

838 1591 997 1616 removet
1019 1584 1193 1618 Venerem
1218 1586 1365 1620 lasciviae
1385 1588 1518 1630 Deam,

838 1634 1036 1669 Minervam
1059 1636 1238 1682 pudicitiae
1260 1648 1443 1684 patronam
1465 1640 1516 1673 in-

839 1698 941 1722 vocat
954 1714 963 1729 ,
983 1689 1078 1734 qnod
1095 1691 1298 1725 Domitiano
1317 1691 1464 1737 pudoris
1481 1702 1516 1727 et

834 1742 1075 1776 sanctimoniae
1096 1743 1222 1776 famam
1251 1745 1435 1779 assectanti
1459 1744 1513 1778 di-

835 1802 931 1827 catus
950 1795 993 1828 sit
1012 1795 1071 1828 hic
1091 1796 1190 1830 liber.
1213 1797 1280 1829 En.

756 1938 837 1993 ΙΙ,

647 2095 715 2122 AD
753 2094 961 2123 JANUM.

303 2210 561 2253 Fismnnm
590 2208 760 2268 genitor
785 2224 1029 2270 parensque
1057 2211 1192 2253 Janus

305 2279 530 2322 Victorem
557 2278 689 2322 modo
712 2295 845 2339 quum
876 2279 1046 2323 videret
1068 2281 1191 2330 Istri‚

152 2417 179 2437 1.
216 2406 372 2450 Pater-que
406 2405 507 2437 Jarms
544 2404 652 2438 codex
684 2406 768 2438 Pul-

91 2459 211 2491 manni
229 2458 382 2491 exhibet.
398 2458 619 2491 —Fastorum
631 2461 766 2502 genitor.

91 2510 183 2544 Fasti
216 2520 297 2544 sunt
327 2510 409 2544 libri
450 2511 511 2556 qui
551 2511 768 2556 singulorum

91 2575 263 2597 annorum
285 2573 379 2611 gesta
399 2564 601 2604 continent,
618 2576 768 2609 quorum

91 2625 225 2662 patrem
245 2618 374 2652 Janum
391 2625 508 2659 vocat,
529 2617 611 2663 quia
631 2616 704 2655 ille,
730 2625 768 2650 ut

91 2668 175 2703 dicit
196 2670 285 2703 infra
310 2670 420 2717 epigr.
438 2682 528 2709 vnt,
551 2669 765 2715 principium

165 2744 224 2785 Il.

829 2405 888 2438 dat
927 2406 1105 2438 velocibus
1143 2407 1251 2439 annis.
1282 2406 1364 2440 Fuit
1390 2417 1504 2443 autem

827 2459 937 2491 Janus
953 2470 1012 2491 rex
1029 2458 1137 2491 Italiae
1155 2459 1412 2505 antiquissimus
1424 2486 1433 2502 ,
1449 2464 1504 2496 cui

829 2519 970 2544 mortuo
1006 2519 1109 2556 atque
1144 2512 1235 2545 inter
1267 2513 1357 2546 Deos
1395 2516 1507 2550 relato

829 2564 964 2609 primus
985 2564 1065 2597 anni
1085 2565 1212 2599 mensis
1229 2563 1364 2600 dicatus
1376 2576 1437 2601 est.

884 2629 915 2649 2.
926 2617 1008 2650 Istro
1019 2616 1061 2650 in
1070 2617 1183 2651 Pulm.
1194 2617 1273 2652 cod.
1286 2631 1350 2664 pro
1361 2620 1501 2653 Iar-12*

831 2671 988 2702 Victorem
1000 2670 1093 2710 ism}
1105 2684 1149 2705 sc.
1164 2671 1397 2706 Sarmatarum
1408 2674 1504 2707 inco-

1197 2759 1255 2800 το
