1978 3305
432 240 527 302 596
801 241 862 282 Μ.
889 239 1031 283 VAL.
1072 240 1466 284 MARTIALIS

569 330 691 388 Saepe
718 326 1009 371 soloecismum
1039 326 1231 371 mentula
1262 337 1411 372 nostra
1442 327 1555 371 facit.

480 482 511 500 2.
529 467 751 499 Soloecismum.
771 465 901 498 Notum
920 465 1049 510 ubique
1066 474 1101 498 et

427 519 592 553 omnibus
611 518 722 564 qualis
740 519 943 563 Σῡλοικισμὶν
962 518 1054 552 inter
1068 527 1102 552 et

426 571 651 617 Βαρῧοὶρισμον
669 570 866 604 differentia
880 597 888 609 ,
899 584 963 604 nec
977 584 1042 604 nos
1057 570 1101 604 de

427 626 466 658 iis
481 624 658 669 disputare
679 624 908 665 tentabimus,
928 623 987 657 sed
1007 623 1101 657 unde

424 691 490 711 vox
526 678 584 710 illa
618 676 798 710 derivetur
827 675 984 710 edocere.
1012 679 1097 710 Duae

422 743 549 775 nempe
565 731 663 763 fuere
684 730 769 763 olim
792 729 950 763 civitates
970 731 1098 776 quibus

421 795 550 816 nomen
587 783 658 816 Soli
687 791 745 816 aut
772 781 881 823 Solae,
913 783 947 815 in
978 783 1098 816 Cilicia

1164 466 1260 505 haec,
1280 466 1338 499 illa
1359 466 1395 498 in
1429 465 1543 499 insula
1573 464 1707 510 CyprO.
1731 465 1839 509 Cujus

1164 530 1276 564 quum
1306 518 1430 552 incolae
1449 518 1573 552 Graeca
1595 516 1735 563 quidem
1748 543 1757 559 ‚
1778 518 1839 551 sed

1164 584 1202 604 ea
1226 580 1393 617 corrupta
1420 580 1453 604 et
1484 571 1723 616 grammatices
1751 583 1837 617 prae-

1161 624 1271 670 ceptis
1308 625 1426 657 minus
1462 632 1690 657 consentanea
1723 624 1838 669 lingua

1162 685 1364 718 uterentur,
1392 677 1574 716 σολοικίζειν
1608 675 1739 710 dictum
1775 676 1839 710 fuit

1160 743 1224 776 pro
1239 730 1329 764 male
1344 739 1378 764 et
1393 730 1628 764 semibarbare
1644 729 1751 775 loqui.
1765 730 1837 763 Cae-

1162 792 1275 816 terum
1295 783 1364 816 vid.
1385 790 1459 815 not.
1488 794 1515 815 1.
1537 783 1602 816 En.

1057 920 1198 975 XX.

780 1075 846 1103 An
886 1073 1176 1103 LECTOREM
1217 1056 1485 1103 euntium*

490 1186 698 1229 CAESARIS
731 1183 912 1243 Augusti
938 1181 1121 1225 lascivos
1137 1217 1148 1236 ,
1178 1181 1330 1236 livide,
1349 1198 1502 1226 versus

561 1256 645 1297 Sex
670 1253 791 1314 lege,
812 1254 885 1314 qui
913 1253 1046 1297 tristis
1073 1252 1204 1296 verba
1231 1254 1388 1297 Latina
1416 1251 1545 1315 legis:

489 1324 621 1382 Quod
651 1324 783 1368 futuit
812 1323 1068 1384 Glaphyren
1096 1324 1335 1379 Antonius,
1364 1323 1478 1367 hanc
1506 1323 1612 1366 mihi
1638 1338 1811 1384 poenam

560 1394 710 1439 Fulvia
739 1395 991 1449 constituit,
1021 1410 1066 1437 se
1094 1411 1269 1455 quoque
1299 1395 1360 1438 uti
1391 1393 1574 1438 futuam.

491 1465 686 1510 Fulviam
719 1481 801 1526 ego
827 1475 876 1509 ut
902 1464 1101 1509 futuam?
1128 1464 1246 1522 Quid
1274 1465 1308 1508 si
1338 1481 1408 1508 me
1436 1466 1612 1509 Manius
1634 1475 1727 1508 oret

556 1536 791 1589 Paedicem,
817 1534 1007 1580 faciam?
1028 1551 1116 1579 non
1144 1544 1252 1596 puto
1267 1571 1278 1588 ,
1302 1536 1336 1579 si
1361 1536 1538 1596 sapiam.

496 1610 578 1651 Aut
608 1607 752 1662 futue,
779 1616 856 1650 aut
879 1623 1148 1667 pugnemus,
1170 1607 1240 1650 ait.
1265 1606 1384 1663 Quid
1400 1642 1412 1659 ,
1439 1606 1556 1667 quod
1587 1607 1693 1650 mihi
1718 1609 1805 1650 wita

557 1679 715 1722 Carior
743 1687 808 1721 est
833 1678 925 1738 ipsa
949 1676 1172 1720 mentula?
1195 1678 1318 1738 signa
1346 1687 1518 1721 canant.

489 1747 691 1792 Absolvis
716 1747 882 1809 lepidos
907 1748 1113 1791 nimirum
1129 1783 1140 1800 ,

1162 1749 1376 1809 Auguste,
1401 1747 1567 1792 libellos
1581 1784 1591 1803 ,

559 1819 649 1876 Qui
678 1821 760 1863 scis
786 1820 985 1862 Romana
1016 1817 1293 1880 simplicitate
1318 1817 1449 1879 loqui.

474 1956 486 1968 ¹
502 1960 561 1993 Ad
577 1959 704 1992 lectores
722 1957 777 1992 ed.
797 1959 897 1992 Barb.

482 2025 508 2046 1.
530 2012 687 2053 Caesaris,
707 2019 774 2045 etc.
790 2013 872 2044 Duo
891 2011 995 2057 primi
1019 2023 1096 2044 ver·

422 2078 478 2099 sus
500 2073 581 2098 sunt
598 2064 766 2098 Martialis
780 2089 789 2105 ,
807 2073 845 2097 ut
871 2073 906 2098 et
927 2063 998 2097 duo
1015 2063 1097 2097 ulti-

419 2119 468 2152 mi
487 2130 494 2151 1
511 2118 738 2152 hexastichon
759 2116 1008 2151 intermedium
1024 2119 1097 2149 Au-

421 2171 511 2217 gusti
529 2179 601 2204 erat
618 2183 626 2204 :
643 2169 738 2217 quod
755 2170 840 2204 citat
860 2171 966 2204 Poeta
987 2169 1029 2203 ad
1043 2182 1099 2204 ex-

421 2223 610 2259 cusandam
645 2223 809 2257 carminis
836 2224 889 2257 sui
911 2223 1098 2257 lasciviam.

424 2298 475 2304 -—
501 2278 622 2310 Lis-ide.
650 2277 719 2310 Pro
751 2277 873 2317 invide,
907 2277 1033 2310 Zoile?
1057 2288 1100 2309 an

421 2343 487 2376 pro
499 2357 507 2369 ‚
522 2331 642 2369 tristis,
658 2330 768 2364 severi
786 2337 819 2363 et
835 2330 949 2363 tetrici
960 2329 1101 2363 vultus?

423 2384 537 2429 Eligat
557 2384 678 2416 lector.

479 2438 513 2470 3.
534 2437 632 2480 Quod
638 2437 764 2478 sumit,
787 2443 851 2469 etc.
875 2435 994 2469 Fulvia
1012 2447 1101 2469 uxor

424 2489 533 2522 Marci
557 2489 701 2522 Antonii
725 2482 740 2532 (
758 2488 872 2534 inquit
893 2488 1059 2522 Octavius
1074 2487 1098 2527 ).

422 2542 590 2575 incitante
626 2541 745 2574 Manio
761 2567 770 2581 ,
807 2554 879 2587 quo
914 2542 1101 2575 ulciscatur

424 2595 536 2628 mariti
577 2595 628 2627 sni
668 2595 895 2640 petulantiam
939 2596 972 2627 in
1016 2595 1098 2629 Gla-

420 2647 531 2693 pliyra
549 2673 554 2680 .
585 2659 656 2679 sese
689 2648 795 2680 offert
822 2647 905 2680 mihi
938 2661 1097 2681 corrum-

1156 1957 1330 2004 pendam,
1354 1959 1464 1991 immo
1490 1959 1603 2004 petit:
1624 1970 1734 2004 nego,
1754 1957 1837 1991 hm·-

1157 2024 1294 2056 reoque
1324 2024 1396 2045 non
1433 2012 1550 2045 minus
1583 2024 1688 2058 quani
1722 2011 1748 2044 si
1782 2024 1838 2044 me

1157 2064 1299 2097 Manius
1322 2073 1399 2098 oret
1428 2073 1487 2107 ut,
1513 2073 1580 2098 etc.
1610 2065 1836 2097 Interminata

1157 2116 1287 2151 deinde
1314 2117 1401 2150 1111111
1438 2118 1570 2151 bellum
1599 2117 1700 2151 civile
1724 2118 1759 2150 111
1789 2117 1835 2150 fa-

1158 2171 1269 2210 cianz,
1288 2171 1482 2216 posthabeo
1508 2171 1617 2216 ipsam
1643 2171 1750 2203 vitam
1771 2183 1836 2216 pn-

1160 2222 1466 2257 dicitiae.-Mil1i.
1484 2222 1629 2269 Lepide.
1654 2223 1742 2256 Nam
1765 2236 1836 2256 ma·

1160 2276 1230 2310 rito
1262 2288 1375 2321 poenae
1396 2275 1592 2321 irrognndae
1615 2285 1733 2317 erant,
1754 2289 1838 2322 quas

1162 2330 1227 2363 sihi
1240 2342 1256 2362 a
1269 2329 1390 2362 Fulvia
1404 2329 1537 2375 imponi
1551 2330 1649 2374 fingit
1659 2330 1833 2363 Octavius.

1218 2387 1253 2424 4.
1275 2383 1428 2427 Egofitt.
1451 2381 1529 2417 cod.
1550 2383 1735 2416 Pnlmann.

1216 2451 1250 2480 9.
1284 2436 1432 2468 Absolvis
1452 2462 1459 2475 ,
1507 2444 1571 2469 etc.
1617 2435 1839 2482 Apostrophe

1162 2489 1276 2522 Poetae
1295 2488 1337 2521 ad
1358 2490 1573 2534 Augustum;
1595 2488 1664 2522 vicl.
1681 2497 1753 2522 not.
1779 2501 1806 2522 1.

1219 2554 1277 2576 ιο.
1305 2542 1523 2587 Simplicitate.
1555 2540 1595 2575 Id
1623 2549 1696 2581 est,
1725 2560 1737 2571 ιι
1765 2554 1834 2574 11011

1161 2607 1224 2640 per
1241 2596 1409 2629 circuitus
1429 2595 1566 2629 locutus
1586 2595 1678 2628 illam
1697 2595 1746 2627 Ex
1769 2606 1835 2639 qua

1159 2648 1334 2681 nascimur
1348 2667 1377 2684 n.
1392 2647 1545 2682 etc.Vid.
1564 2660 1640 2693 sup.
1656 2660 1709 2692 ep.
1726 2660 1781 2685 xv,
1800 2648 1831 2680 8.
