1978 3305
378 242 961 288 EPIGRAMMATUM
999 242 1123 284 LlB.
1163 241 1246 282 IX.

1420 241 1518 299 [⁸29

185 334 393 392 Quisquis
416 331 471 374 ab
496 332 580 375 hoc
607 330 736 374 fuerit
761 329 892 382 fixus,
915 330 1123 372 morietur
1147 343 1306 371 amore.

255 407 296 445 O
323 401 445 457 felix,
471 402 504 445 si
527 417 655 461 quem
683 410 770 444 tam
797 400 911 443 bona
942 398 1030 442 fata
1055 395 1252 441 manent!

184 475 302 517 Dum
328 489 437 533 puer
462 488 528 527 es,
553 471 726 526 redeas,
750 469 855 513 dum
886 467 1030 512 vultus
1058 467 1272 522 lubricus3
1302 477 1345 510 et
1373 476 1414 509 te

253 543 355 587 Non
383 541 518 602 Libye
547 541 696 593 faciat,
724 539 799 584 sed
824 549 898 584 tua
923 540 1089 593 Roma,
1111 539 1266 581 virum.

185 666 272 715 Πᾶς
293 667 440 707 τούτου
463 664 639 718 βελέεσσι
658 663 793 721 παρεὶς
813 663 879 704 ὑπ’
899 662 1044 721 ἔρωτος
1068 663 1231 703 ὀλεῖται.

255 729 492 794 Εὐὸαίμων,
514 732 625 782 τοί-ης
647 734 764 792 κηρὸς
783 731 825 774 ὃν
846 727 939 774 αἶσα
959 727 1084 790 μένειῖ

188 805 359 858 Νίσσεο,
387 805 503 863 μέσφ’
525 799 557 845 εἷ
579 806 693 857 παῖς,
722 803 838 862 μέσφ’
860 802 1005 845 ἔπλετο
1028 800 1125 848 θῆλυ
1145 801 1377 861 πρόσωπον·

254 876 308 922 Σή
330 864 452 933 Ρώμη
479 873 608 917 τελέοι
626 874 661 915 σ’
684 866 834 932 ἄνδρα,
855 871 922 914 καὶ
947 874 990 914 οὐ
1016 866 1161 916 mean

115 999 272 1035 defendit
305 999 546 1047 pulchritudo.
577 993 697 1043 (Vide
726 999 788 1032 lib.

119 1055 187 1095 VI,
206 1053 314 1100 epigr.
337 1048 494 1096 Lxxvn.)
517 1052 726 1086 Suavissime
746 1051 790 1086 de

115 1119 156 1139 eo
176 1106 378 1152 AEschylus,
406 1113 440 1139 et
461 1107 626 1151 juvenem
660 1113 695 1139 et
718 1105 790 1138 for-

115 1171 250 1192 mosum
270 1167 304 1192 et
325 1167 504 1192 strenuum
527 1157 672 1192 laudans
689 1170 697 1191 :
723 1171 788 1202 μα.-

116 1213 184 1257 τρὸς
229 1212 260 1252 ἐξ
288 1213 433 1256 ὀρεσκόου
468 1211 648 1256 Βλάστημα
681 1211 788 1243 καλλί-

116 1278 236 1309 πρωρον
263 1262 438 1309 ἀνδρόπαις
470 1264 565 1308 ἀνὴρ·
600 1264 725 1307 Στείχει
755 1259 789 1295 δ’

116 1319 212 1355 ἴουλος
243 1318 314 1362 ἄρτι
344 1314 403 1350 διὰ
427 1314 672 1360 παρηΐδωνῐ...
691 1316 788 1360 Sept.

116 1369 159 1402 ad
187 1369 299 1403 Theb.
323 1382 372 1403 vs.
398 1370 493 1411 484,
517 1381 593 1415 sqq.
617 1369 662 1402 Et
685 1368 790 1413 Papi-

113 1422 195 1455 nius
226 1423 283 1455 lib.
318 1423 370 1454 IV
404 1421 605 1467 Sylvarum,
631 1439 644 1451 «
671 1421 792 1463 Qualis

116 1475 197 1508 belli
220 1478 289 1520 jam
316 1474 447 1509 casside
474 1475 575 1509 missa
596 1475 789 1508 Partheno-

115 1540 210 1572 paeus
231 1536 315 1561 erat.
336 1545 349 1557 »ι
364 1528 432 1562 En.

171 1594 204 1624 9.
234 1581 305 1614 Hoc
321 1582 423 1624 suerit
443 1579 551 1625 fixus,
579 1589 646 1614 etc.
670 1580 790 1613 Altero

849 997 1046 1043 Cupidine,
1066 1006 1101 1031 et
1125 997 1265 1030 Amoris
1286 996 1363 1030 telis
1393 997 1521 1031 instru-

850 1058 927 1091 cto,
950 1059 989 1084 ut
1009 1049 1116 1083 modo
1135 1063 1185 1084 vs.
1212 1062 1246 1083 2.

903 1115 951 1137 11.
965 1103 1091 1136 Vultus.
1107 1103 1176 1136 Alii
1190 1103 1300 1135 vultu:
1311 1101 1407 1148 quod
1419 1102 1521 1136 etiam

850 1157 887 1189 in
924 1163 1057 1190 textum
1088 1168 1189 1189 suum
1226 1156 1358 1200 recepit
1395 1156 1521 1188 Bar-boa

849 1205 926 1242 Par.
950 1208 1057 1254 1754.
1071 1230 1122 1234 —
1136 1208 1252 1241 Vultus
1273 1208 1420 1241 lubricus.
1446 1209 1520 1242 Ho-

849 1271 913 1296 rat.
928 1262 989 1295 lib.
1008 1263 1026 1294 I
1038 1288 1046 1301 ‚
1063 1260 1120 1294 od.
1139 1273 1226 1294 mx:
1246 1278 1260 1291 α
1272 1261 1317 1294 Et
1336 1261 1453 1294 vultus
1467 1262 1521 1294 ni-

849 1315 959 1347 mium
993 1314 1150 1347 lubricus
1180 1313 1297 1359 aspici.
1324 1331 1337 1343 n
1371 1314 1521 1347 Lubricus

849 1380 933 1401 vero
948 1366 1081 1401 dicitur
1098 1367 1302 1413 metaphora
1317 1366 1423 1400 ducta
1437 1379 1455 1400 a
1467 1367 1521 1400 via

849 1420 1001 1461 lubrica⁷
1035 1420 1070 1452 in
1100 1432 1168 1465 qua
1198 1419 1342 1453 difficile
1365 1428 1415 1452 est
1447 1420 1521 1453 sine

850 1473 1075 1519 prolapsione
1096 1472 1267 1506 insistere.
1294 1472 1349 1505 Sic
1379 1471 1522 1506 difficile

849 1534 900 1560 est
928 1526 1118 1559 formosum
1144 1526 1281 1559 vultum
1309 1524 1486 1570 adspicere
1509 1550 1519 1565 ‚

851 1579 937 1625 quin
959 1591 1077 1613 amore
1094 1578 1325 1612 labefactetur
1342 1578 1488 1626 animus.

708 1715 931 1770 LVIII.

614 1864 669 1892 IN
713 1840 1027 1891 HEDYLUM.*

323 1983 412 2026 Nm
434 1990 499 2025 est
519 1980 660 2024 tritius
680 1977 838 2039 Hedyli
859 1976 1066 2031 lacernis,

326 2054 427 2095 Non
452 2067 565 2094 ansae
589 2059 786 2094 veterum
809 2047 1136 2092 Corinthiorum
1152 2082 1163 2101 ‚

324 2124 416 2167 Nec
440 2138 539 2165 crus
565 2120 776 2181 compede
805 2117 1019 2162 lubricum
1047 2117 1252 2170 decenni,

323 2194 426 2237 Non
447 2201 586 2253 ruptae
608 2191 792 2235 recutita
812 2188 923 2234 colla
944 2187 1071 2232 mulae
1086 2223 1097 2244 ‚

325 2264 418 2306 Nec
441 2279 536 2323 quae
556 2261 811 2305 Flaminiam
834 2269 982 2305 secant
1005 2257 1203 2313 salebrae,

167 2398 182 2411 ⁹
201 2403 239 2435 ln
271 2401 402 2434 Edilam
430 2398 509 2433 Ald.
539 2400 638 2432 Junt.
671 2398 786 2432 Colin.

173 2468 203 2488 1.
222 2455 283 2488 Νἱί
300 2462 347 2486 est
366 2455 468 2486 tritius
490 2453 553 2485 lac.
573 2451 705 2497 Hedyli.
729 2451 788 2484 Ci-

116 2507 206 2542 naedi
226 2518 354 2552 nempe
371 2518 477 2552 quem
495 2513 593 2538 acute
611 2503 734 2549 carpit.

902 2397 934 2430 3.
959 2396 1027 2430 Nec
1046 2408 1125 2428 crus.
1155 2395 1344 2429 Servorum
1364 2408 1491 2442 nempe
1509 2421 1517 2433 ‚

847 2450 956 2495 epigr.
978 2460 1069 2482 xxtu
1083 2475 1092 2489 ‚
1109 2460 1221 2493 supra.

901 2506 935 2542 4.
963 2502 1107 2534 Romaim
1133 2501 1227 2533 colla.
1253 2501 1341 2534 Cute
1366 2513 1492 2547 nempe
1508 2529 1517 2543 ‚

172 2574 203 2594 α.
243 2561 389 2593 Veterum
423 2558 666 2592 Corinthiorum.
696 2556 787 2589 Vasa
848 2567 924 2600 quae
945 2555 1062 2587 labore
1084 2562 1116 2587 et
1142 2554 1344 2587 verberibus
1364 2553 1515 2588 den-acta

118 2614 268 2657 intellige
293 2613 379 2646 facta
410 2624 450 2645 ex
482 2611 588 2644 veteri
623 2621 688 2642 εει-ε·
722 2609 788 2641 Co·

118 2666 259 2700 rinthio.

849 2609 961 2641 fuerat
971 2633 979 2644 ,
1000 2615 1175 2640 renovata.

904 2664 933 2693 ὀ,
953 2660 1102 2693 Salebm.
1119 2660 1206 2693 Sunt
1226 2661 1297 2694 ioca
1321 2662 1517 2705 inaequalia,
