1978 3305
422 207 484 252 86

792 211 852 252 M.
880 211 1014 254 VAL.
1053 212 1438 254 MARTIALlS

488 297 575 338 Ista
605 304 711 350 tuae,
737 298 904 351 Caesar,
927 307 1061 357 quota
1089 313 1189 358 pars
1217 307 1437 358 spectatur
1461 298 1633 342 arenae?

562 366 647 408 Dat
676 365 840 424 majora
868 383 1009 410 novus
1036 366 1182 427 praelia
1209 383 1337 411 mane
1366 368 1470 411 dies.

490 434 611 489 Quot
639 436 838 494 graviora
864 436 1026 480 cadunt
1050 438 1253 482 Nemeaeo
1280 437 1474 497 pondera
1502 437 1726 482 monstro?

559 504 682 559 Quot
710 514 785 547 tua
812 505 1035 550 Maenalios
1064 506 1248 551 collocat
1275 507 1399 551 hasta
1428 506 1554 551 sues?

490 572 714 616 Reddatur
744 575 777 617 si
802 591 948 635 pugna
971 575 1127 637 triplex
1152 577 1337 638 pastoris
1359 577 1498 632 Iberi3

489 714 621 755 Τοῦτο
652 721 764 767 τεοῦ,
790 716 973 776 Καῖσαρ,
1003 718 1129 768 πός-ον
1159 720 1275 778 μέρος
1303 719 1364 769 ἐςὶ
1391 719 1579 779 θεάτρου;

560 778 804 844 Μειζοτέρας
831 788 910 836 ἠὼς
934 785 1039 848 πρωΐ
1065 782 1209 830 δίδωσι
1235 788 1382 848 μάχας.

495 853 698 911 Κρέσσονα
727 856 860 898 πόσσα
889 851 1062 901 &Saum
1086 861 1262 917 πελώρια
1289 865 1363 902 τοῦ
1391 859 1619 918 Νεμέηθεν;

563 923 744 974 Πόσσους
770 927 1014 978 Μαιναλίους
1039 928 1106 971 σὸν
1135 924 1230 988 δόρυ
1257 927 1390 990 μάρψε
1414 930 1533 983 σύαςς

492 992 688 1050 Τριπλόος
719 994 750 1036 εἰ
780 989 825 1038 δὲ
855 998 1024 1057 βοτῆρος
1050 998 1211 1048 §vig-ww
1238 995 1354 1048 ἆθλος
1385 986 1551 1058 Ϊὲηρος,

479 1159 511 1190 7.
541 1148 610 1181 Ista
643 1159 728 1189 tuce,
764 1150 895 1192 Cwsur,
927 1160 992 1188 eta
1016 1153 1098 1187 Haec

426 1200 479 1232 vel
494 1200 557 1233 ista
578 1204 692 1237 omnia
713 1205 870 1241 Herculis
887 1207 976 1242 facta
995 1208 1099 1241 colla-

430 1260 462 1285 ta
481 1264 561 1286 cum
581 1255 723 1290 Caesaris
740 1260 943 1304 spectaculis
962 1260 998 1293 in
1015 1262 1099 1293 Am-

427 1304 629 1348 phitheatro
642 1335 650 1350 ‚
666 1319 771 1354 quota
789 1325 867 1357 pars
883 1313 986 1347 sunt?
1004 1313 1100 1359 quasi

428 1355 563 1393 diceret
579 1360 738 1397 minima.

495 1412 527 1445 8.
571 1413 711 1459 lilajora.
748 1416 840 1451 Dicit
875 1431 958 1464 ergo
995 1419 1102 1452 Poeta

432 1463 551 1498 Romae
587 1466 623 1499 in
654 1469 922 1515 Amphitheatro
956 1473 1104 1516 majores

430 1515 576 1558 bestias,
603 1530 826 1568 monstraque
858 1536 930 1556 uno
955 1523 1013 1557 die
1031 1551 1039 1564 ‚
1070 1532 1104 1557 et

430 1568 574 1611 quidem
585 1570 770 1609 dimidiato
785 1585 818 1609 et
837 1576 1006 1610 matutino
1023 1589 1104 1610 con-

432 1621 505 1663 fici,
525 1635 625 1668 quam
647 1625 812 1662 Hercules
835 1636 906 1662 tota
932 1630 1002 1663 vita
1020 1642 1104 1662 con-

433 1673 525 1708 fecit.
558 1698 609 1703 —
640 1679 746 1714 Novus
779 1682 855 1715 dies.
890 1682 1105 1716 Matutinum

432 1730 666 1771 spectaculum
687 1759 696 1774 ‚
735 1747 807 1779 quo
843 1735 996 1768 bestiarii
1025 1747 1104 1768 cuin

434 1779 552 1816 bestiis
575 1781 823 1830 depugnabant
852 1799 860 1820 :
893 1796 971 1832 post
1000 1788 1105 1821 meri—

433 1830 548 1875 diem,
576 1837 635 1881 qui
670 1848 900 1883 supererant,
931 1841 1023 1873 inter
1058 1853 1104 1874 se.

436 1885 582 1930 Seneca,
603 1891 702 1934 epist.
718 1892 786 1925 VII
807 1904 815 1925 :
843 1910 853 1921 ι
872 1893 975 1927 Mane
997 1894 1105 1926 leoni-

435 1938 500 1972 bus
516 1948 550 1973 et
567 1943 654 1975 ursis
668 1943 826 1978 homines
842 1970 850 1985 ,
867 1945 1014 1979 meridie
1029 1959 1106 1991 spe-

435 1993 623 2028 ctatoribus
650 1996 721 2029 suis
741 1998 968 2043 objiciuntur.
995 1999 1107 2031 Inter-

435 2043 583 2080 fectores
601 2047 834 2084 interfecturis
853 2052 1023 2096 jubentur
1045 2051 1107 2084 ob-

435 2096 511 2139 jici,
531 2107 566 2132 et
582 2099 751 2136 victorem
775 2103 811 2136 in
833 2104 934 2137 aliam
950 2103 1108 2138 detinent

435 2149 578 2184 caedem.
602 2170 614 2182 »

490 2216 526 2247 9.
553 2204 710 2240 Graviora
727 2210 878 2252 pondera.
897 2209 937 2243 Id
952 2219 1024 2250 est,
1043 2211 1108 2242 iin-

439 2268 573 2296 manes,
593 2258 717 2294 bellnae
741 2262 863 2307 majori
888 2262 980 2296 mole
1006 2275 1109 2308 quam

438 2307 491 2340 leo
512 2311 584 2356 ipse
610 2312 789 2347 Neineaeus
812 2316 854 2348 ab
881 2315 1029 2348 Hercule
1053 2315 1109 2348 de-

442 2361 558 2396 uictus.
580 2364 645 2398 En.

498 2428 552 2449 10.
579 2418 721 2451 Collum!
738 2422 839 2452 Ιιιωια.
858 2421 934 2454 Lib.
956 2422 1108 2467 Spectac.

439 2470 548 2513 vpigr.
584 2484 644 2511 xv,
675 2472 761 2506 dixit
795 2474 896 2507 Poeta
927 2486 933 2506 :
971 2492 983 2503 ιι
1003 2475 1106 2518 longo

442 2523 596 2565 pont-xit
642 2526 780 2558 sulm-ro
822 2526 978 2570 pardum.
1005 2545 1016 2553 ›=
1057 2528 1107 2560 Ex

442 2573 505 2607 huc
524 2588 640 2617 wisn,
662 2586 691 2609 --t
711 2578 846 2611 dunum>
866 2581 1086 2624 ΙκυιμιιιιῑιΙιιιμ
1101 2607 1107 2617 ‚

440 2628 604 2672 [vilignnt
632 2631 833 2674 immineins
855 2632 918 2664 lm«-
935 2645 1106 2677 epigram·

1157 1167 1212 1188 ma
1238 1154 1362 1187 referri
1391 1153 1435 1187 ad
1465 1152 1755 1199 Carpophorum,
1786 1152 1830 1186 (le

1158 1219 1231 1253 quo
1262 1207 1324 1240 lib.
1356 1206 1471 1252 Spect.
1503 1207 1611 1252 epigr.
1643 1218 1740 1240 xxvu
1756 1232 1766 1247 ,
1798 1215 1832 1239 et

1159 1259 1360 1293 Domitiano
1381 1259 1505 1293 tribuit
1531 1257 1703 1304 quidquid
1728 1271 1831 1292 vena-

1161 1321 1216 1346 tor
1231 1314 1306 1358 ejus
1318 1312 1570 1358 Carpophorus
1585 1311 1677 1345 facit.
1691 1333 1743 1338 —
1756 1311 1786 1345 C
1784 1313 1833 1344 ol-

1160 1366 1244 1398 locat
1263 1366 1354 1397 hasta
1373 1378 1451 1399 sues.
1472 1364 1654 1398 Interficit.
1675 1364 1832 1410 Metaph.

1160 1427 1297 1464 sumpta
1318 1419 1361 1451 ab
1385 1418 1529 1464 antiquo
1556 1415 1750 1451 collocandi
1777 1429 1832 1451 ca-

1160 1470 1294 1504 daveris
1313 1484 1432 1504 more:
1450 1470 1495 1504 de
1513 1483 1583 1516 quo
1606 1471 1715 1503 multa
1737 1470 1834 1514 Lips.

1160 1524 1221 1557 lib.
1237 1525 1267 1565 Ι,
1285 1524 1393 1557 Elect.
1413 1536 1487 1570 cap.
1508 1526 1542 1557 6.
1558 1522 1615 1556 5ἱο
1630 1523 1834 1567 προτίθεσθαι

1161 1576 1304 1610 Graecis.
1328 1577 1373 1609 Et
1398 1589 1471 1609 nou
1500 1576 1612 1610 solum
1641 1588 1706 1621 pro
1726 1575 1834 1609 collo—

1162 1641 1240 1662 care
1267 1629 1302 1662 in
1328 1629 1498 1662 vestibulo
1529 1627 1655 1662 aedium
1679 1640 1688 1661 :
1714 1640 1835 1661 veruni

1162 1690 1196 1715 et
1213 1682 1249 1714 in
1270 1682 1348 1714 loco
1373 1682 1515 1727 publico
1528 1706 1538 1721 ,
1557 1690 1595 1714 ut
1617 1694 1681 1726 pro
1703 1680 1838 1714 Rostris

1163 1735 1282 1768 Romae
1293 1761 1302 1776 ‚
1315 1734 1374 1767 ubi
1390 1743 1423 1768 et
1432 1733 1584 1767 laudatio
1594 1734 1831 1779 peragebatur,

1166 1787 1303 1822 Iler-ald.
1328 1803 1378 1808 —
1411 1787 1578 1820 Moenalios
1605 1800 1684 1819 sues.
1724 1788 1839 1831 Apros

1164 1840 1338 1881 Maenalio,
1348 1839 1402 1872 vel
1415 1839 1663 1885 Erymanthaeo
1673 1865 1681 1879 ,
1696 1839 1738 1872 ab
1753 1838 1839 1872 Her-

1164 1893 1241 1926 cule
1253 1893 1435 1926 interfecto
1447 1918 1456 1933 ,
1471 1893 1611 1925 similes.
1625 1893 1676 1925 De
1690 1891 1838 1924 Maenalo

1164 1945 1321 1978 Arcadiae
1345 1946 1433 1978 urbe
1457 1953 1491 1979 et
1519 1953 1659 1985 monte,
1679 1943 1748 1977 vid.
1774 1944 1837 1977 lib.

1166 1998 1280 2044 Spect.
1300 1998 1407 2043 epigr.
1433 2010 1513 2031 xxv.

1220 2063 1231 2083 ι
1242 2063 1266 2085 ι.
1274 2052 1418 2084 Pastoris
1431 2052 1522 2084 Iberi.
1534 2050 1707 2094 Geryonis
1719 2049 1838 2083 tricor-

1166 2103 1277 2149 poris,
1298 2103 1531 2149 Hispanorum
1550 2102 1656 2148 regis,
1673 2102 1771 2147 cujus
1789 2101 1840 2134 in-

1167 2157 1301 2189 terfecti
1318 2157 1484 2190 Hercules
1501 2156 1613 2200 abegit
1626 2153 1840 2188 boves.Vide

1169 2209 1398 2254 niphologos.
1421 2208 1489 2242 Sed
1508 2221 1561 2242 res
1582 2208 1625 2241 ita
1649 2219 1684 2240 se
1709 2207 1813 2240 habet
1831 2219 1839 2239 :

1168 2262 1311 2308 Geryon
1336 2271 1404 2295 tres
1431 2261 1553 2295 hahuit
1583 2260 1672 2293 filios
1705 2260 1841 2304 Geryo·

1168 2327 1229 2347 nes
1243 2341 1251 2356 ,
1265 2327 1352 2360 quos
1367 2315 1532 2347 Hercules
1546 2313 1714 2359 Libycus,
1730 2325 1841 2358 quum

1170 2367 1203 2399 in
1226 2368 1399 2412 subjectos
1424 2367 1595 2412 Hispanos
1619 2364 1841 2410 tyrannidem

1170 2430 1369 2454 exercerent
1392 2447 1400 2462 ‚
1433 2428 1634 2465 comparato
1669 2418 1842 2459 exercitu,

1170 2486 1209 2506 ex
1237 2474 1482 2519 provocznione
1503 2485 1592 2505 unus
1611 2484 1750 2511 onim-s,
1773 2479 1841 2504 tres

1168 2527 1262 2559 solus
1277 2527 1435 2559 confecit.
1459 2525 1561 2558 Unde
1577 2533 1654 2557 nata
1675 2532 1722 2556 est
1744 2524 1841 2558 subn-

1169 2581 1217 2619 Ι.ι,
1244 2582 1442 2612 (ieiumi-nn
1466 2578 1649 2623 tricipitem
1682 2577 1722 2610 ab
1750 2576 1838 2611 Her·

1169 2633 1243 2665 rnir
1265 2634 1390 2665 xictnin
1427 2632 1539 2663 Haila:
