1978 3305
430 244 1018 291 EPIGRAMMATUM
1057 245 1181 288 LIB,
1220 246 1276 286 X.

1457 244 1548 298 481

768 397 945 451 VIII.

682 552 744 579 DE
789 531 1039 579 PAULLA.*

224 676 417 719 NUBERE
446 671 595 716 Paulla
624 672 744 732 cupit
775 671 930 723 nobis;
957 687 1038 732 ego
1068 671 1227 716 ducere
1255 672 1447 716 Paullam

293 742 431 796 Nolo;
460 758 567 785 anus
597 751 662 785 est
687 758 696 784 ε
725 740 960 796 velle1n‚.si
986 743 1123 802 magis
1154 752 1266 786 esset
1295 758 1414 787 anus.

204 876 219 890 ¹'
232 880 338 913 Paula
350 888 384 912 et
393 878 531 911 Paulam
544 876 626 911 edd.
639 876 720 911 Ald.
733 878 833 911 Junt.

155 933 270 966 Colin.
283 933 420 965 Paulum
433 943 575 976 quoque
588 939 621 964 et
635 931 736 963 Paule
749 929 833 963 eaed.

157 986 194 1018 in
207 985 316 1031 epigr.
329 984 715 1028 x.—-Scornmajactum
728 983 764 1016 in
775 996 834 1016 ve-

896 885 997 923 ptas3
1019 889 1172 924 quorum
1198 880 1406 913 alterutrum
1431 892 1570 914 necesse

896 939 947 964 est
984 939 1022 964 ut
1058 944 1229 977 pauperes
1242 957 1252 972 ‚
1284 932 1391 966 modo
1422 932 1568 966 florente

899 991 1017 1026 aetate,
1036 985 1125 1017 bene
1144 985 1199 1018 vel
1213 985 1416 1031 nupserint,
1433 986 1488 1019 vel
1507 985 1572 1019 du-

155 1038 281 1079 tulam,
304 1050 428 1083 quam,
442 1036 612 1070 Martialis
631 1036 834 1082 conjugium
894 1037 1022 1070 xerint.
1043 1037 1110 1070 En.

156 1091 382 1131 ambientem,
393 1091 449 1123 ille
462 1089 549 1123 dicit
564 1101 629 1122 nec
639 1089 834 1134 juventutis

156 1144 252 1184 satis,
273 1156 337 1176 nec
357 1151 504 1176 senectae
520 1142 660 1175 habere.
678 1142 766 1174 Nam
779 1143 834 1187 ju-

955 1103 986 1123 1.
1007 1090 1120 1123 Nobis.
1143 1090 1220 1123 Hoc
1240 1098 1308 1130 est,
1329 1090 1429 1124 mihi.

952 1155 983 1175 2.
1004 1143 1041 1176 Si
1059 1146 1160 1187 magis
1177 1151 1256 1175 esset
1269 1156 1358 1176 anus.
1381 1143 1459 1176 Cito
1478 1144 1572 1176 enim

156 1197 253 1230 venis
272 1196 447 1242 placeret;
463 1195 560 1228 senio
577 1194 734 1228 confecta
753 1207 836 1227 mox
897 1203 1113 1235 moreretur,
1138 1203 1172 1228 et
1192 1208 1248 1228 me
1266 1195 1441 1229 haeredem
1466 1196 1575 1229 relin-

157 1257 354 1283 moreretur
375 1260 382 1281 :
406 1248 488 1281 hinc
508 1259 611 1292 opes,
633 1246 715 1280 inde
731 1247 834 1280 volu-

896 1256 1033 1292 queret.
1047 1247 1131 1281 Vid.
1149 1260 1264 1293 supra.

808 1381 916 1436 IX.

754 1539 820 1567 DE
879 1518 980 1567 sn*

373 1667 589 1710 Usmzms
615 1662 906 1724 pedibusque,
930 1663 1189 1725 syllabisque
1204 1701 1215 1720 ‚

369 1738 426 1779 Et
455 1734 594 1778 multo
621 1733 730 1787 sale,
757 1751 837 1778 nec
863 1744 1009 1777 tamen
1032 1745 1264 1795 protervo,

371 1807 513 1850 Notus
545 1805 745 1866 gentibus
776 1803 846 1848 ille
872 1804 1105 1858 Martialis,

372 1878 429 1920 Et
448 1885 577 1919 notus
599 1873 772 1936 populis
793 1891 801 1917 ε
824 1874 926 1935 quid
950 1875 1181 1919 invidetis?

368 1947 470 1990 Non
494 1963 589 1990 sum
612 1945 902 1989 Andraemone
928 1946 1073 1989 notior
1099 1945 1291 1990 Caballo.

212 2075 227 2089 ⁴'
246 2079 408 2113 Affirmat
430 2078 599 2111 Martialis
622 2077 689 2110 sibi
710 2078 836 2110 famam

160 2132 292 2177 ingenii
321 2140 356 2165 et
384 2131 548 2165 carminis
578 2143 649 2163 non
679 2129 839 2163 inviden-

159 2183 262 2227 dam,
292 2184 389 2231 quod
423 2183 580 2217 eamdem
613 2182 731 2228 adepti
769 2182 839 2216 sint

162 2237 274 2270 multo
295 2250 331 2271 se
352 2237 536 2270 inferiores
556 2245 590 2270 et
610 2235 836 2281 indigniores.

162 2290 277 2323 Rader.

221 2355 234 2376 1
245 2369 252 2376 .
278 2342 416 2375 Undenis
427 2342 568 2386 pedibus.
588 2342 718 2374 Versus
735 2341 838 2373 intel-

161 2396 228 2441 lige
250 2407 337 2440 quos
359 2402 394 2427 et
413 2394 542 2439 passim
564 2392 716 2427 effundit
733 2401 767 2426 et
780 2393 840 2426 hic

163 2449 267 2482 etiam
279 2474 288 2488 ,
302 2446 610 2492 hendecasyllabos
619 2471 628 2486 ‚
641 2452 841 2479 constantes

164 2513 289 2546 nempe
316 2499 482 2533 undecim
509 2493 674 2542 (ἕνδεκα)
699 2498 840 2543 syllabis

165 2549 403 2593 (συλλαὲαῑς),
419 2551 466 2585 ita
482 2559 521 2585 ut
539 2550 665 2596 singuli
687 2551 842 2595 quinque

166 2605 272 2652 pedes
298 2604 453 2638 efficiant
479 2616 487 2637 :
514 2613 547 2638 et
577 2603 708 2637 dicitur
736 2603 842 2638 etiam

168 2670 310 2692 carmen
328 2657 567 2691 phaleucium.
588 2657 655 2689 En.

245 2730 305 2772 II.

953 2090 984 2109 2.
1003 2078 1078 2111 Sale
1090 2105 1098 2118 ,
1118 2092 1172 2111 nec
1186 2086 1287 2111 tamen
1296 2087 1452 2124 protervo.
1471 2080 1575 2114 Face-

899 2138 952 2163 tus
964 2155 974 2169 ‚
988 2130 1047 2163 sed
1062 2130 1240 2165 modestus
1252 2132 1288 2164 in
1309 2132 1449 2166 facetiis.
1465 2133 1532 2167 En.

952 2183 986 2216 3.
1016 2184 1120 2216 Notus
1145 2184 1301 2228 gentibtcS.
1322 2184 1416 2218 Vide
1445 2186 1505 2220 lib.
1536 2188 1572 2227 I,

898 2236 1006 2281 epigr.
1027 2248 1068 2269 11.

954 2288 987 2321 5.
1009 2288 1209 2321 Andremone
1229 2288 1308 2321 edd.
1327 2298 1411 2324 vett.
1435 2299 1469 2324 et
1490 2291 1518 2325 F
1520 2305 1574 2325 ar-

898 2341 1016 2380 nabii,
1038 2348 1072 2373 et
1093 2340 1206 2374 Maitt.
1229 2343 1322 2375 Dant
1347 2343 1472 2377 caballo
1492 2344 1572 2379 edd.

900 2393 1005 2426 Paris.
1026 2396 1120 2437 1617
1142 2401 1177 2426 et
1195 2393 1337 2427 Bar-hou.
1359 2416 1409 2422 -—-
1432 2397 1574 2430 Androe-

899 2458 987 2477 mone
1013 2445 1161 2479 Caballo.
1191 2446 1268 2479 Lib.
1297 2448 1331 2488 I,
1357 2449 1467 2494 epigr.
1494 2463 1573 2484 Χιιῐ

900 2497 1087 2543 quemdam
1115 2511 1271 2532 scurram
1293 2508 1393 2534 vocat
1415 2501 1575 2536 Sextium

903 2551 1095 2584 Caballum.
1108 2551 1174 2584 Hic
1184 2553 1286 2584 etiam
1307 2553 1396 2587 forte
1416 2554 1578 2601 intelligit

903 2615 1068 2636 scurram.
1099 2604 1166 2636 Alii
1196 2606 1319 2638 volunt
1349 2619 1420 2640 esse
1447 2620 1576 2641 nomen

905 2656 1032 2690 nobilis
1050 2656 1228 2702 cujusdam
1252 2659 1331 2704 equi
1352 2659 1525 2694 circensis.

1317 2734 1371 2773 31
