1978 3305
365 224 947 270 EPIGRAMMATUM
987 226 1111 270 LIB.
1153 226 1296 268 VIII.

1455 224 1549 279 345

765 383 929 438 LIX.

549 551 605 578 IN
645 549 872 579 Luscum
911 528 1154 579 Fufium*

215 677 429 720 Ansmms
452 673 570 716 hunc
592 689 682 716 uno
709 681 965 717 contentum
987 671 1174 729 lumine,
1199 674 1324 733 cujus

282 745 422 805 Lippa
451 742 531 786 sub
559 743 707 786 attrita
732 742 876 786 fronte
901 741 1058 792 lacuna
1081 742 1229 803 patet?

215 815 279 858 Ne
311 824 541 858 contemne
569 822 723 873 caput,
746 811 852 856 nihil
881 822 946 856 est
974 812 1164 857 furacius
1193 811 1291 868 illo;

282 884 385 928 Non
410 883 490 927 fuit
514 882 717 943 Autolyci
743 892 832 926 tam
855 883 1054 944 piperata
1076 899 1244 926 manus.

214 957 343 999 Hunc
368 963 416 997 tu
438 954 670 998 convivam
695 963 849 998 cautus
875 969 1048 997 servare
1073 963 1315 1009 inemento3

285 1026 410 1068 Tunc
438 1023 566 1079 furit,
588 1033 719 1084 atque
742 1022 871 1068 oculo
892 1023 1038 1068 luscus
1062 1032 1249 1084 utroque
1276 1024 1405 1068 videt.

216 1094 378 1139 Pocula
407 1093 576 1138 solliciti
603 1093 796 1156 perdunt
825 1092 1064 1154 ligulasque
1094 1095 1305 1150 ministri,

284 1167 342 1209 Et
368 1164 475 1208 latet
504 1165 548 1208 in
578 1163 727 1225 tepido
753 1163 942 1225 plurima
971 1179 1131 1225 mappa
1156 1165 1264 1209 sinu.

218 1237 360 1296 Lapsa
381 1251 462 1279 nec
483 1250 508 1278 a
534 1234 682 1278 cubito
710 1233 952 1278 subducere
979 1234 1107 1295 pallia
1133 1235 1291 1290 nescit,

288 1307 345 1349 Et
374 1314 515 1349 tectus
541 1303 658 1349 laenis
685 1321 797 1365 saepe
823 1303 993 1348 duabus
1015 1305 1118 1348 abit.

201 1439 215 1455 '¹
236 1444 398 1478 Nobilem
416 1453 450 1478 et
466 1445 693 1478 exercitatum
711 1445 827 1478 furem

149 1497 479 1543 monophthalmum
492 1510 552 1532 seu
565 1498 757 1532 unoculum
771 1509 827 1531 ce-

150 1551 279 1593 lebrat,
294 1551 353 1596 qui
366 1551 444 1596 plus
461 1563 533 1584 uno
549 1550 710 1594 videbat,
723 1563 827 1597 quam

151 1603 211 1637 alii
230 1602 370 1637 duobus
388 1604 510 1637 oculis.

209 1668 238 1689 1.
259 1657 329 1690 Uno
343 1664 530 1690 contentum.
547 1655 655 1698 Quod
670 1668 761 1689 unus
776 1655 828 1689 illi

152 1709 273 1743 oculus
289 1709 439 1743 sufficiat
456 1707 500 1742 ad
517 1708 722 1742 furandum·

207 1776 238 1795 2.
253 1762 347 1795 Sedet
363 1763 486 1808 legunt
506 1775 572 1807 pro
587 1770 676 1807 patet
692 1761 761 1795 alii.
777 1783 829 1787 —-

155 1816 255 1860 Lippa
274 1816 399 1849 lacuna.
416 1815 521 1848 Oculi
541 1815 671 1849 scilicet
694 1814 826 1854 amissi,

154 1881 172 1900 a
192 1867 319 1913 quibus
341 1867 495 1914 putredo
522 1868 612 1901 fluit.
634 1890 687 1895 —-
705 1869 831 1901 Attrita

148 1921 267 1963 ,li-onte.
283 1920 484 1967 Impudenti
498 1946 508 1963 ‚
526 1921 661 1955 effricta
680 1921 809 1954 fronte.

210 1974 243 2007 3.
284 1973 390 2019 Caput
406 2001 414 2015 ,
450 1982 515 2008 etc.
549 1974 738 2008 Hominem
750 1999 759 2016 ,
792 1981 832 2006 ut

156 2026 267 2060 Graeci
285 2027 443 2072 κεφαλῆν;
462 2040 541 2073 pars
553 2040 620 2072 pro
638 2035 713 2061 toto
728 2025 832 2059 sumi-

156 2089 223 2113 tur.
242 2080 309 2113 Vel
328 2080 534 2125 simpliciter
545 2106 554 2121 ‚
570 2089 676 2126 caput
693 2092 832 2113 unocu-

158 2133 229 2165 lum
248 2133 324 2166 noli
343 2132 484 2166 credere
502 2133 629 2166 inutile.
649 2141 708 2166 aut
729 2133 832 2165 inno—

159 2198 275 2218 cuum.
295 2185 488 2219 -Sensus
516 2194 567 2219 est
585 2197 591 2218 :
615 2186 667 2219 Ne
697 2184 833 2218 desinas

160 2239 343 2272 observare
383 2239 477 2272 hunc
514 2239 693 2272 hominem
710 2264 718 2277 ‚
752 2238 834 2272 licet

161 2291 307 2324 luscum.
326 2290 411 2324 Vid.
430 2299 505 2324 not.
523 2290 567 2324 ad
585 2304 635 2325 vs.
657 2292 689 2324 5-

216 2348 251 2384 4.
268 2343 432 2388 Autolyci.
457 2343 564 2388 Cujus
582 2344 742 2377 meminit
762 2343 834 2376 Ho-

162 2408 296 2437 merus,
319 2395 419 2429 Iliad.
434 2400 478 2430 K.
493 2396 574 2429 Fuit
593 2396 652 2429 ille
667 2396 835 2429 Mercurii

163 2449 216 2482 vel
237 2449 329 2482 {ilius
347 2475 356 2491 ,
383 2461 421 2481 ac
448 2457 485 2481 ut
502 2457 619 2494 pater,
649 2466 662 2478 ιι
681 2447 836 2482 Callidus

163 2500 340 2547 quidquid
374 2501 503 2547 placuit
536 2503 654 2546 jocoso
676 2500 837 2534 Co'nclere

165 2555 268 2588 furto.
287 2572 300 2583 n
320 2575 372 2580 -—
387 2555 466 2587 Tam
483 2556 629 2599 piperata
653 2554 835 2598 (piceam)

166 2620 284 2640 manus.
306 2607 389 2640 Erat
407 2607 442 2640 in
465 2605 569 2640 codd.
593 2607 696 2652 vulgo
711 2609 838 2651 piceam

167 2672 284 2692 manus.
312 2661 502 2693 Barbarum
525 2660 595 2692 hoc
629 2668 662 2693 et
692 2672 762 2692 non
788 2660 837 2692 fe-

167 2711 328 2746 :endunr
354 2714 465 2745 Picare
485 2713 600 2753 enim,
625 2725 694 2745 non
714 2715 838 2756 piccus-1·

885 1444 1033 1478 dictum.
1052 1444 1144 1478 Hinc
1161 1444 1198 1478 in
1216 1443 1382 1490 quasdam
1403 1443 1458 1478 ed.
1480 1445 1566 1477 irre-

885 1498 956 1543 psit
961 1500 1087 1542 piceam
1106 1510 1214 1530 manus
1225 1510 1238 1538 ‚·
1252 1510 1318 1530 nec
1334 1498 1546 1543 ineleganter
1557 1523 1566 1538 ,

887 1551 984 1596 quasi
1015 1549 1138 1584 dextra
1164 1551 1331 1584 innuatur
1352 1551 1448 1596 pice,
1470 1550 1565 1583 visco

886 1603 934 1637 ita
952 1611 1056 1637 uncta
1074 1611 1114 1636 ut
1135 1603 1201 1649 ipsi
1223 1603 1396 1649 quidquid
1413 1603 1568 1648 attigerit

887 1655 1071 1690 adhaereat.
1109 1656 1236 1690 Melius
1267 1665 1382 1690 tamen
1426 1655 1521 1702 quod
1549 1669 1567 1690 e

886 1709 986 1743 MSS.
1005 1709 1096 1742 eruit
1117 1717 1151 1742 et
1173 1710 1336 1754 probavit
1355 1709 1566 1743 Scriverius:

889 1771 952 1794 tam
969 1764 1116 1807 piperata
1138 1775 1258 1796 manus.
1270 1763 1565 1808 ED.-—Pc‘l1erata.

888 1814 931 1848 Id
946 1822 1017 1858 est,
1036 1814 1158 1849 calida.
1178 1815 1287 1849 Fures
1304 1823 1422 1849 autem
1440 1814 1568 1849 calidas

887 1881 1010 1901 manus
1029 1868 1158 1902 habere
1174 1867 1356 1910 dicuntur,
1375 1876 1413 1901 ut
1429 1881 1447 1901 e
1463 1868 1566 1901 Plau-

889 1930 925 1954 to
939 1929 1043 1966 atque
1059 1921 1240 1955 Macrobio
1255 1921 1418 1967 probavit
1433 1920 1567 1955 Scrive-

888 1974 976 2007 rius.
1006 1973 1148 2008 Gronov.

945 2026 978 2061 5.
990 2027 1104 2059 l‘'ita1·e
1117 2034 1265 2059 memento
1280 2027 1317 2060 in
1331 2025 1412 2060 edd.
1427 2034 1510 2060 vett.
1525 2027 1566 2059 In

889 2078 947 2114 ed.
965 2079 1088 2125 Langii
1108 2091 1116 2113 :
1138 2082 1242 2112 vitare
1267 2087 1428 2113 momento.
1447 2078 1569 2112 Codex

890 2132 1078 2166 Pulmanni
1093 2141 1127 2165 et
1138 2131 1343 2165 Beverlandi
1361 2132 1434 2165 MS.
1448 2145 1569 2165 servare

891 2193 1050 2219 memento.
1063 2184 1170 2227 Quod
1181 2185 1284 2218 unice
1298 2184 1567 2218 admittendum.

890 2238 1074 2272 ——Servare
1087 2246 1246 2271 memento.
1265 2238 1477 2279 Observare,
1497 2250 1568 2271 ser-

891 2303 974 2324 vare
989 2290 1110 2324 oculis.
1128 2291 1180 2323 Ita
1193 2289 1287 2335 apud
1301 2291 1441 2324 Graecos
1454 2291 1568 2335 φυλάτ-

892 2357 957 2377 τειν
973 2343 1105 2389 duplici
1123 2355 1239 2376 sensu.

947 2408 981 2441 7.
1001 2397 1205 2442 Lz'gulasque.
1228 2395 1348 2442 Epigr.
1375 2408 1489 2429 xxxn1
1512 2409 1568 2430 su-

893 2461 970 2494 pra,
985 2461 1033 2481 vs.
1052 2448 1110 2489 23,
1126 2448 1259 2482 etinfra
1274 2449 1382 2494 epigr.
1400 2462 1483 2482 an
1496 2475 1504 2491 ,
1521 2462 1569 2483 vs.

897 2513 930 2545 9.
953 2501 1070 2545 Ligula
1086 2501 1245 2535 cochlear
1263 2510 1313 2535 est
1324 2527 1332 2542 ‚
1350 2510 1384 2535 et
1400 2502 1572 2548 spathula.

951 2555 983 2587 8.
1007 2555 1052 2586 Et
1073 2554 1152 2587 latet
1171 2556 1203 2587 in
1226 2555 1345 2599 trepido
1366 2555 1570 2589 Beverlandi

897 2606 969 2640 MS.
981 2628 1031 2632 —
1043 2607 1091 2639 Et
1103 2608 1189 2641 latet.
1201 2608 1245 2640 Et
1258 2607 1396 2642 furatur
1410 2621 1550 2654 mappas
1564 2634 1571 2647 ‚

897 2671 981 2705 quas
1000 2660 1035 2692 in
1054 2660 1132 2693 sinu
1149 2659 1283 2693 condit.

958 2725 969 2745 1
980 2726 1012 2745 0-
1035 2713 1138 2745 Laenis
1154 2713 1287 2746 duabus.
1307 2715 1408 2747 Lanna
1425 2726 1527 2758 quam
1542 2722 1572 2746 et
