1978 3305
397 206 981 250 EPIGRAMMATUM
1021 206 1145 248 LIB.
1186 207 1238 248 X.

1420 205 1512 268 557

186 295 342 345 Parce,
373 310 541 354 precor,
574 292 684 336 lasso
700 328 711 347 ‚
736 308 958 352 vanosque
983 293 1153 336 remitte
1179 291 1369 345 labores,

255 364 343 420 Qui
368 364 444 407 tibi
470 380 557 407 non
588 372 791 424 prosunt,
821 373 863 406 et
886 362 1012 417 mihi,
1037 361 1180 418 Galle,
1204 372 1376 407 nocent.

115 486 260 519 stabant.
281 485 467 519 Gronovius.
486 506 534 510 —-
549 486 789 528 Innumerasque

116 551 180 583 pro
220 538 434 584 lugeamusque
470 538 599 570 habent
633 535 787 582 quidam.

116 592 194 624 Non
213 591 258 624 ita
274 592 373 624 bene.
387 592 480 624 Crux
491 598 562 623 erat
575 589 787 635 supplicium

116 655 314 685 servorum;
330 643 374 676 ita
388 643 445 676 isti
455 644 588 676 labores
604 650 701 675 erant
713 654 788 674 cru-

115 708 170 729 ces
201 697 431 741 ingenuorum
456 694 764 729 anteambulonum
778 719 787 733 ‚

115 757 148 781 et
159 749 296 793 poetice
307 761 401 793 ergo,
413 761 516 780 cruces
535 750 690 792 ingenuae.

903 496 936 527 7.
955 484 1063 516 Fesso.
1079 482 1156 517 cod.
1173 484 1279 518 Palat.
1299 493 1333 518 et
1347 485 1448 519 Barb.
1462 485 1516 519 ed.

849 557 894 561 —
929 536 1070 569 Remitte.
1107 536 1187 569 Siue
1227 549 1291 582 ego
1324 538 1515 583 quiescam,

849 588 942 621 solve
967 600 1021 621 me
1049 601 1092 621 eo
1120 589 1256 631 labore,
1283 591 1343 635 qui
1376 591 1517 636 insuper

846 640 935 673 nihil
955 641 1055 673 affert
1073 640 1244 683 utilitatis,

902 694 935 725 8.
958 693 1060 733 Mihi,
1088 693 1204 732 Galle,
1234 704 1355 729 nocent.
1379 695 1436 728 Sic
1454 696 1514 729 lib.

850 746 877 778 1.
899 745 1008 790 epigr.
1028 758 1124 780 Lxxt.
1140 759 1189 779 VS.
1214 758 1268 791 17.

628 880 1012 937 LXXXIII.

607 1025 678 1052 An
718 1001 1031 1052 MAMNUMJ‘

296 1140 452 1182 RARos
485 1136 648 1197 colligis
675 1137 777 1180 hinc
808 1145 851 1178 et
882 1135 980 1177 hinc
1007 1133 1205 1195 capillos,

291 1211 345 1251 Et
372 1208 506 1252 latum
532 1206 699 1259 nitidae,
723 1207 918 1256 Marine,
942 1203 1073 1249 calvae

287 1280 503 1339 Campum
529 1277 797 1337 temporibus
823 1277 930 1337 tegis
952 1277 1132 1318 comatis
1151 1292 1158 1318 ε

288 1348 372 1393 Sed
402 1349 508 1392 moti
539 1347 719 1391 redeunt
750 1346 925 1405 jubente
958 1355 1111 1400 vento,

290 1418 637 1478 Reddunturque
667 1418 769 1472 sibi,
800 1426 1014 1478 caputque
1041 1415 1206 1459 nudum

291 1491 424 1533 Cirris
446 1488 681 1550 grandibus
701 1488 803 1532 hinc
823 1497 866 1530 et
889 1487 987 1530 inde
1008 1487 1204 1546 cingunt.

291 1561 408 1603 inter
432 1559 821 1620 Spendophorum,
851 1557 1275 1618 Telesphorumque,

169 1676 183 1689 ’
202 1681 347 1715 Calvum
377 1679 500 1713 irridet
526 1679 717 1712 Marinum.

176 1747 205 1767 1.
228 1734 330 1766 Raros
347 1733 482 1775 colligis.
502 1733 628 1766 Comas
642 1745 659 1765 a
676 1732 790 1764 fronte

116 1795 151 1820 et
181 1786 398 1831 temporibus
428 1786 592 1831 utrinque
619 1784 735 1828 rejicis
757 1792 790 1817 et

117 1838 276 1885 disponis
295 1838 338 1872 ad
353 1837 534 1884 tegendam
551 1838 789 1871 calvitiem.—

119 1893 219 1924 Raros
248 1893 380 1936 colligis.
412 1890 506 1924 Vide
526 1891 586 1924 lib.
610 1891 657 1931 V,
678 1890 786 1935 epigr.

118 1956 203 1978 xmx
221 1971 229 1985 ‚
251 1943 296 1977 de
318 1944 474 1977 Labieno
496 1943 605 1976 calvo.

173 1997 207 2031 3.
229 1997 402 2042 Campum,
422 2005 485 2030 etc.
507 1997 664 2032 Calvam,
685 2007 788 2041 quam

119 2062 221 2095 supra
244 2051 343 2095 alleg.
375 2050 483 2095 epigr.
517 2062 566 2082 vs.
595 2061 630 2094 7,
655 2047 790 2081 dixerat

119 2116 234 2136 dream-

174 2159 206 2196 4.
228 2156 387 2196 Redeunt,
411 2164 475 2189 etc.
496 2155 639 2189 Stabant
665 2166 791 2199 nempe

120 2220 226 2241 manu
245 2207 351 2242 modo
362 2207 522 2254 dispositi
540 2208 670 2249 crines,
688 2215 722 2239 et
740 2207 789 2239 sic

119 2261 285 2294 verticem
324 2260 463 2294 nudum
494 2260 710 2294 occulebant.
746 2260 791 2292 At

119 2313 180 2346 ubi
195 2313 289 2347 venti
307 2312 392 2359 quid
409 2313 598 2359 spiraverat
609 2338 619 2353 ‚
634 2312 744 2345 immo
757 2319 792 2344 et

120 2364 275 2411 pondere
293 2366 358 2413 ipsi
371 2379 450 2406 suo,
469 2366 739 2399 revolvebantur
758 2372 808 2399 etv

122 2419 155 2451 in
175 2431 274 2452 suum
293 2419 409 2453 locum
424 2417 640 2452 defluebant.

175 2473 208 2505 5.
226 2472 469 2517 Reddunturque
486 2471 556 2504 sibi.
576 2469 676 2503 Idem
695 2468 790 2516 quod

121 2533 198 2557 ante
214 2523 318 2565 dixit,
339 2524 478 2558 redeunt.
494 2546 545 2550 —-
562 2523 725 2569 Caputque
736 2535 791 2555 nu-

120 2579 204 2610 dum.
227 2577 303 2611 Lib.
320 2578 365 2617 V,
391 2578 499 2623 epigr.
518 2577 645 2609 citato:
670 2593 683 2605 a
703 2575 791 2608 Sunt

119 2630 216 2663 illinc
246 2631 308 2663 tibi
321 2657 329 2670 ‚
359 2638 438 2662 sunt
474 2639 504 2663 et
537 2630 617 2662 hinc
645 2628 761 2673 capilli
782 2640 789 2660 :

851 1676 992 1710 Nudum
1018 1685 1067 1709 est
1087 1676 1121 1709 in
1141 1675 1257 1709 medio
1276 1684 1382 1721 caput
1399 1694 1411 1706 »ι
1429 1703 1437 1718 ,
1458 1686 1521 1712 etc.

905 1733 940 1763 6.
962 1729 1061 1762 Cirris
1078 1729 1265 1774 grandibus.
1285 1730 1396 1771 Cirri,
1415 1732 1520 1776 capil—

850 1783 999 1816 lamenta
1025 1783 1119 1815 velut
1144 1782 1179 1815 in
1204 1780 1338 1815 nodum
1370 1782 1522 1818 collecta.

903 1848 938 1877 7.
957 1836 1043 1868 Inter
1053 1835 1313 1880 splendoplzorurn
1326 1835 1406 1870 Ald.
1422 1837 1442 1868 J
1447 1845 1522 1870 unt.

849 1888 963 1922 Colin.
980 1888 1067 1921 Inter
1086 1888 1352 1933 Splendophorum
1369 1887 1424 1922 ed.
1443 1890 1520 1923 Par.

855 1943 966 1986 1617,
989 1939 1084 1986 quod
1103 1941 1248 1974 exhibet
1267 1941 1459 1975 Farnabius
1484 1943 1518 1975 in

849 2002 943 2027 textu
961 2020 970 2035 ,
987 1993 1046 2027 sed
1063 1993 1099 2026 in
1117 1993 1217 2026 Notis
1231 1993 1305 2026 haec
1319 1995 1424 2028 verba
1438 1996 1522 2028 scri-

848 2048 936 2093 psit:
954 2064 966 2076 ιι
981 2046 1134 2080 duorum
1151 2057 1341 2092 puerorum
1364 2046 1522 2092 Spendo-

848 2099 950 2146 phori
969 2107 1002 2133 et
1020 2093 1405 2144 Thelesphori.»(Mihi
1421 2101 1522 2135 unice

850 2153 963 2199 placet
992 2152 1109 2197 Spend.
1132 2150 1231 2197 quod
1257 2151 1324 2185 hoc
1350 2153 1523 2199 semigrae-

850 2218 929 2238 curn
943 2205 1177 2238 semilatinum
1190 2229 1198 2245 ,
1213 2216 1296 2249 ergo
1315 2205 1520 2248 barharum;

850 2257 939 2291 illud
957 2259 1178 2302 &zo-graecum
1192 2282 1201 2297 ,
1223 2265 1261 2289 ut
1289 2265 1322 2290 et
1354 2259 1522 2304 Telespho-

850 2323 928 2344 rum.
948 2307 1037 2349 ΕΒ.)
1056 2332 1108 2336 -
1128 2310 1215 2342 Inter
1243 2309 1496 2355 Spendophorum
1510 2340 1519 2353 ‚

851 2371 918 2396 etc.
933 2363 986 2396 Ita
1000 2362 1094 2396 calva
1110 2370 1168 2394 tua
1184 2362 1361 2408 utrimque
1378 2364 1500 2398 cirrata
1512 2391 1522 2406 ‚

850 2415 992 2449 videtur
1009 2427 1081 2448 esse
1102 2423 1208 2460 caput
1230 2415 1316 2448 calvi
1335 2416 1522 2451 Hermero-

851 2476 911 2510 tae‚
944 2468 1036 2501 inter
1069 2468 1182 2513 capita
1213 2468 1337 2501 cirrata
1369 2468 1519 2504 duorum

851 2533 1040 2567 puerorum
1069 2519 1316 2566 Spendophori
1346 2530 1377 2555 et
1404 2523 1520 2557 Teles-

851 2574 973 2619 phori,
992 2574 1052 2619 qui
1069 2573 1261 2607 Domitiani
1280 2575 1520 2619 pulcherrimi.

849 2626 1099 2673 Spendophori
1125 2634 1239 2659 autem
1268 2626 1394 2660 Noster
1426 2641 1521 2662 men-
