1978 3305
389 247 972 292 EPIGRAMMATUM
1010 248 1135 291 LIB.
1173 249 1215 290 V
1452 264 1505 308 71

249 333 498 393 Improbius
529 333 634 378 nihil
658 344 722 379 est
747 335 854 391 hac,
880 335 1152 396 Charopine‚
1175 334 1286 396 gula.

179 404 339 454 Desine
357 404 445 464 jam
476 414 693 461 nostram,
717 422 894 466 precor,
916 406 1148 450 observare
1175 404 1389 461 culinam,

247 475 389 534 Atque
418 473 653 536 aliquando
678 491 799 520 meus
825 475 897 520 det
920 476 997 520 tibi
1018 476 1152 530 verba
1175 492 1353 537 coquus.

162 607 195 639 8.
219 607 285 638 Det
313 606 369 639 tibi
397 607 494 639 vet-ba
524 620 642 654 coqu-us
672 607 782 649 codex

108 658 291 691 Pulmanni
326 667 361 693 et
398 659 606 693 Beverlandi
635 659 709 693 MS.
732 682 783 688 —-

111 711 250 758 Coqaus.
272 712 413 749 Lateat‚
433 712 528 745 fallat
543 721 587 745 te.
608 712 663 746 Al.
675 713 782 756 focus.

108 785 159 791 —
171 765 237 797 Det
253 764 310 796 tibi
323 764 431 798 verba.
449 765 501 798 Te
519 763 670 810 decipiat
685 777 693 798 z
708 765 784 798 dare

843 608 940 640 verba
950 617 1000 642 est
1010 608 1159 653 aliquem
1172 608 1290 642 fallere
1299 633 1308 649 ‚
1319 607 1418 654 quasi
1430 607 1517 640 nihil

842 661 893 693 illi
907 668 1032 706 praeter
1042 662 1150 694 verba
1159 661 1253 694 dare.
1267 661 1369 694 Dicat
1384 661 1447 693 tibi
1463 672 1517 693 me

843 714 885 745 ab
904 713 971 746 alio
985 713 1175 747 invitatum
1186 739 1196 755 ,
1214 726 1349 748 coenare
1364 713 1447 747 foris
1460 739 1468 754 ,
1480 713 1518 745 li-

843 776 899 799 cet
919 764 1016 799 domi
1038 777 1181 799 coenem.

763 901 863 956 LI.

635 1059 706 1087 AD
756 1039 991 1087 RUFUMf

251 1183 361 1236 Hic,
384 1182 456 1241 qui
478 1179 628 1225 libellis
650 1198 920 1242 praegravem
945 1183 1054 1243 gerit
1078 1182 1228 1227 laevam
1242 1220 1253 1237 ,

251 1253 534 1296 Notariorum
557 1268 685 1311 quem
709 1253 869 1313 premit
888 1253 1049 1297 chorus
1070 1252 1198 1309 levis,

250 1322 338 1378 Qui
360 1321 567 1366 codicillis
587 1322 690 1366 hinc
710 1332 753 1366 et
773 1322 872 1366 inde
893 1323 1095 1384 prolatis,

162 1454 176 1470 ⁴²
187 1460 248 1493 Ad
255 1461 387 1504 Ruffum
398 1460 579 1506 inscriptio
591 1468 641 1494 est
654 1460 690 1493 in
704 1459 784 1493 edd.

111 1521 196 1547 vett.
216 1522 250 1547 et
266 1513 314 1547 sic
326 1526 376 1547 vs.
399 1516 434 1547 6.
450 1514 556 1557 RaJJe.

162 1587 214 1593 —-
234 1567 357 1612 Carpit
377 1567 585 1600 insolentem
607 1565 786 1610 cujusdam

110 1618 246 1653 indocti
277 1619 504 1665 illaudatique
534 1618 702 1653 causidici
732 1633 786 1653 ar-

110 1673 321 1717 rogantiam,
334 1673 395 1718 qui
408 1685 483 1706 non
498 1672 638 1712 salutet,
656 1685 721 1706 nec
735 1685 786 1706 sa-

111 1725 237 1759 lutanti
250 1725 458 1771 respondeat
471 1752 480 1768 ,
491 1724 588 1771 quod
598 1726 635 1758 in
647 1726 788 1764 ἀλαζόνα

111 1778 287 1812 convenit.
307 1779 372 1812 Vel
394 1778 534 1813 videtur
553 1778 671 1824 potius
692 1779 787 1812 illius

111 1830 277 1865 causidici
298 1831 490 1873 inscitiam,
519 1841 552 1865 et
578 1833 613 1865 in
636 1830 787 1865 dicendo

112 1885 294 1918 infantiam
309 1886 398 1918 velle
411 1894 550 1928 notare3
564 1885 623 1930 qui
635 1897 704 1930 quo
718 1898 787 1918 ma-

112 1937 165 1982 gis
182 1950 217 1971 se
231 1950 296 1984 pro
310 1937 488 1972 causidico
507 1947 541 1971 et
557 1937 697 1971 erudito
710 1938 787 1971 viro

113 1989 270 2024 venditet
283 2017 293 2032 ‚
310 1991 379 2024 hoc
399 1992 515 2025 minus
537 1991 640 2032 sciat,
665 2001 702 2024 ut
728 1991 787 2037 qui

113 2055 159 2076 ne
168 2044 353 2078 salutantes
364 2044 506 2089 quidem
516 2045 626 2089 possit
635 2044 788 2078 officiose

115 2096 278 2130 salutare.

174 2161 203 2183 1.
230 2150 296 2183 Hic
322 2152 375 2196 qui
405 2150 516 2182 libellis
539 2162 723 2195 pet-gravem
752 2150 787 2182 in

116 2200 194 2235 edd.
211 2203 391 2248 antiquiss.
409 2214 489 2236 cum
508 2202 586 2236 Ald.
603 2204 700 2237 Junt.
718 2203 788 2237 Co·

118 2254 177 2288 lin.
205 2256 291 2289 aliis.
320 2256 371 2288 De
397 2256 655 2300 permutatione
677 2270 735 2301 per
755 2264 789 2289 et

113 2320 182 2352 prae
198 2307 280 2341 vide
300 2320 364 2341 nos
380 2307 423 2341 ad
443 2309 574 2342 Tibull.
598 2311 634 2350 Ι,
655 2323 688 2347 x,
718 2310 788 2348 68;

117 2358 176 2401 ΙΙ,
198 2373 230 2401 ν,
250 2365 316 2404 74;
332 2362 403 2401 ΙΙΙ,
426 2373 458 2401 1,
482 2373 539 2402 113
559 2362 623 2403 IV,
645 2374 676 2403 1,
695 2362 787 2406 1753

117 2413 249 2446 Duker.
273 2412 317 2446 ad
338 2413 432 2447 Flor.
450 2415 505 2455 II,
524 2427 596 2455 ΧΠ,
623 2419 666 2455 14
683 2416 789 2454 3Dra-

117 2467 222 2499 kenb.
240 2465 284 2499 ad
298 2466 374 2499 Liv.
393 2467 458 2505 IV,
476 2479 591 2507 xxvn,
613 2468 654 2509 53
671 2469 721 2500 VI
735 2493 743 2508 ,
757 2481 790 2508 v,

121 2523 162 2559 ᾗς
182 2520 282 2552 Obss.
301 2519 398 2552 Misc.
419 2527 503 2552 tom.
523 2520 630 2560 VIII,
646 2533 681 2564 p.
703 2521 792 2565 3273

118 2572 237 2605 Heius.
249 2571 293 2605 ad
304 2571 408 2604 Ovid.
423 2571 695 2611 Heroid.XV11‚
712 2584 791 2617 107,

120 2626 208 2659 Fast.
230 2626 294 2666 IV,
319 2629 404 2669 9510.
424 2647 474 2652 ——-
500 2625 627 2658 Libellis
647 2638 792 2671 prcegra-

122 2691 194 2712 vem.
224 2678 375 2712 Libellos
396 2679 449 2711 vel
470 2679 641 2724 supplices
665 2679 715 2711 vel
735 2691 790 2711 ac-

845 1460 1037 1494 cusatorios
1054 1460 1167 1505 palam
1186 1461 1318 1494 ferebat
1335 1460 1370 1494 in
1392 1461 1446 1493 via
1464 1461 1521 1494 hic.

845 1512 1039 1547 causidicus
1051 1536 1060 1552 ,
1082 1523 1121 1546 ut
1140 1514 1358 1559 negotiorum
1378 1525 1519 1547 suorum

845 1565 1108 1600 multitudinem
1120 1567 1252 1612 populo
1262 1575 1460 1601 ostentaret.
1469 1568 1520 1600 De

844 1620 981 1653 notario
994 1618 1074 1653 vide
1085 1619 1147 1652 lib.
1161 1620 1261 1661 XIV,
1272 1619 1380 1666 epigr.
1396 1632 1519 1653 ccvnl.

899 1685 914 1704 2
923 1700 930 1705 ,
942 1673 1031 1706 Levis
1042 1673 1176 1710 (Λευίς).
1190 1673 1281 1707 Male
1292 1675 1364 1706 levis
1376 1681 1520 1718 propter

846 1726 955 1770 legem
967 1726 1139 1759 carminis.
1155 1748 1201 1752 —
1217 1727 1434 1766 Notariorum,
1451 1733 1517 1758 etc.

846 1779 1039 1812 Puerorum
1054 1779 1316 1812 amanuensium
1328 1805 1337 1821 ‚
1354 1779 1414 1824 qui
1430 1780 1502 1824 ejus
1513 1804 1521 1819 .,

845 1841 1011 1877 tanquam
1024 1832 1187 1877 pluribus
1198 1831 1345 1866 districti
1361 1832 1521 1877 negotii5‚

846 1883 974 1919 dictata
998 1885 1160 1918 scribant.
1187 1886 1404 1919 Notariorum.
1435 1884 1520 1918 Cin-

845 1938 992 1982 gebatur
1016 1938 1121 1971 etiam
1146 1946 1179 1971 et
1204 1939 1301 1984 quasi
1329 1938 1522 1984 stipabatur

845 1991 1004 2036 pluribus
1033 1991 1195 2031 notariis,
1224 2000 1387 2037 tanquam
1412 1991 1523 2024 multa

846 2043 977 2077 dictare
999 2045 1143 2085 soleret,
1161 2053 1195 2077 et
1214 2043 1358 2077 diversis
1374 2043 1521 2088 negotiis

845 2095 1124 2142 distringeretur.
1163 2097 1294 2130 Glossae
1311 2109 1318 2130 :
1343 2096 1494 2129 Notarius
1509 2120 1520 2136 ‚

847 2150 1100 2195 σἠμειεγροίῳοςε
1120 2158 1224 2183 recte.
1243 2150 1364 2183 Notare
1378 2177 1386 2189 ‚
1409 2151 1522 2184 ἐπιση-

845 2206 1030 2245 μειοῦσθαι,
1059 2204 1301 2247 σῃμειεγραφεῖν
1316 2229 1325 2243 ,
1360 2214 1523 2247 ταχυγρσι-

846 2257 923 2300 ῳεῖν.
940 2256 1072 2289 Harum
1090 2263 1253 2288 notarum
1268 2263 1427 2300 repertor
1446 2255 1522 2288 Me-

846 2321 956 2342 caenas
965 2308 1181 2354 perhibetur.
1194 2307 1261 2340 Dio
1273 2333 1282 2348 ‚
1295 2308 1356 2340 lib.
1370 2308 1435 2340 IV.
1447 2307 1520 2340 No-

848 2362 926 2394 tarii
949 2361 1044 2394 enim
1063 2369 1145 2393 sunt
1161 2361 1360 2405 ταχυγράφοι
1379 2360 1520 2393 Graecis.

903 2414 937 2447 3.
958 2414 1025 2458 Qui
1038 2413 1199 2446 codicillis.
1217 2413 1293 2447 Hoc
1306 2421 1356 2446 est
1367 2438 1378 2453 ‚
1396 2413 1455 2459 qui
1469 2421 1521 2446 atu

848 2475 944 2500 tente
974 2475 1008 2499 et
1038 2466 1174 2500 sublato
1205 2466 1392 2512 supercilio
1424 2478 1523 2499 aures

848 2520 979 2565 praebet
991 2518 1172 2553 codicillis.
1191 2519 1279 2553 Sunt
1295 2527 1407 2552 autem
1425 2517 1522 2552 codi-

848 2572 937 2610 cilli,
959 2572 1055 2617 parvi
1074 2571 1214 2618 quidam
1234 2581 1266 2605 et
1283 2573 1406 2605 breves
1425 2570 1521 2604 codi-

849 2638 922 2665 ces7
948 2626 983 2658 in
1014 2626 1140 2671 quibus
1168 2626 1313 2658 Veteres
1343 2636 1522 2670 supremas

851 2691 926 2711 suas
962 2679 1157 2712 voluntates
1182 2678 1401 2719 scribebant,
1430 2676 1521 2710 haud

1277 2740 1325 2767 νά

1273 2768 1296 2791 ς)
