1978 3305
406 210 505 255 616

778 214 840 255 M.
868 213 1005 257 VAL.
1045 215 1443 258 MARTIALIS

975 374 1242 445 XLVII.

888 532 942 561 IN
981 512 1336 561 BLATTARAM.*

478 646 643 688 ΟΜΝῙΑ
669 643 864 689 femineis
892 661 1026 706 quare
1051 645 1208 690 dilecta
1235 648 1419 691 catervis

547 712 706 758 Balnea
729 714 895 760 devitat
913 715 1132 760 Blattara?
1152 733 1206 761 ne
1228 717 1382 761 futuat.

477 785 569 829 Cur
588 800 669 828 nec
693 787 900 847 Pompeia
925 786 1066 831 lentus
1091 788 1302 848 spatiatur
1325 789 1369 832 in
1392 787 1571 844 umbra,

548 856 642 899 Nec
668 857 778 916 petit
799 856 1031 901 Inachidos
1055 856 1231 901 limina?
1257 875 1311 902 ne
1339 858 1492 902 futuat.

477 925 571 968 Cur
596 925 928 971 Lacedaemonio
954 926 1119 970 luteum
1145 938 1363 972 ceromate
1389 945 1548 989 corpus

550 995 777 1040 Perfundit
799 996 941 1058 gelida
961 997 1171 1058 Virgine?
1195 1014 1249 1041 ne
1276 997 1429 1041 futuat.

484 1065 636 1122 Quum
666 1068 726 1111 sic
753 1067 926 1111 feminei
953 1068 1122 1128 generis
1148 1069 1351 1129 contagia
1376 1069 1504 1124 vitet,

548 1137 641 1180 Cur
672 1136 795 1198 lingit
826 1154 1020 1182 cunnum
1047 1137 1267 1182 Blattara?
1298 1155 1352 1183 ne
1384 1138 1541 1182 futuat.

463 1264 477 1278 '
506 1270 546 1303 In
565 1270 730 1304 Lattaram
749 1270 828 1305 cod.
851 1284 958 1305 manu
976 1284 1094 1305 exara-

423 1330 496 1364 tus,
516 1335 620 1368 quem
637 1324 746 1358 citant
763 1324 800 1357 in
818 1337 928 1370 marg.
951 1324 1008 1357 ed.
1029 1325 1093 1358 Pa·

412 1374 474 1407 ris.
490 1377 593 1420 1617.
608 1376 723 1417 Quam
741 1377 913 1411 rationem
927 1386 1040 1412 servat
1056 1379 1093 1411 in

409 1427 682 1474 Epigrammate.

468 1480 501 1515 3.
530 1482 714 1527 Pompeiam
741 1482 789 1516 id.
818 1483 892 1517 MS.
915 1505 966 1510 —
994 1484 1092 1516 Pom-

408 1536 485 1579 peia
498 1561 508 1574 ,
529 1542 594 1568 etc.
607 1535 750 1569 Porticu
765 1536 943 1582 Pompeii,
959 1536 1020 1570 lib.
1034 1537 1091 1578 11,

414 1586 525 1632 epigr.
553 1599 626 1628 XIV,
648 1601 697 1622 vs.
718 1602 773 1622 10.

473 1643 504 1679 4.
534 1640 702 1674 Inachidos
732 1642 861 1682 limina,
893 1650 961 1675 etc.
988 1641 1091 1676 Isidis

415 1692 593 1736 porticum
620 1706 680 1727 seu
704 1695 897 1740 templum,
920 1694 983 1727 ubi
1007 1708 1090 1729 con·

416 1753 537 1779 ventus
565 1755 600 1780 et
623 1747 798 1793 colloquia
828 1747 872 1781 de
897 1746 1091 1782 adulteriis.

1159 1272 1316 1305 “Multos
1339 1272 1398 1305 illa
1423 1273 1522 1311 facit,
1548 1271 1643 1318 quod
1668 1272 1733 1305 fuit
1753 1273 1826 1317 ipsa

1153 1325 1244 1358 Jovi.
1259 1343 1272 1355 u
1294 1324 1443 1358 Ovidius
1463 1338 1492 1358 11
1510 1324 1553 1358 de
1569 1327 1661 1358 Arte.
1685 1343 1698 1355 «
1712 1326 1828 1359 Isiacae

1152 1378 1300 1413 sacraria
1331 1378 1457 1412 lenae.»
1489 1378 1647 1412 Juvenal.
1675 1378 1743 1411 Sat.
1757 1379 1826 1418 Vl,

1154 1443 1203 1465 vs.
1228 1436 1312 1475 490.

1207 1483 1225 1517 5
1235 1509 1241 1515 .
1251 1484 1488 1516 Lacedaemonio
1497 1484 1621 1517 luteum.
1632 1483 1830 1516 Palaestraiu

1150 1536 1324 1570 invenisse
1342 1535 1592 1578 tradebantur,
1617 1545 1711 1570 certe
1736 1549 1832 1569 exer-

1151 1590 1277 1623 cebant
1299 1588 1568 1623 Lacedaemonii.
1591 1611 1642 1615 —
1666 1589 1831 1623 Ceromate

1150 1656 1270 1687 σοι-ρας.
1295 1642 1373 1676 Lib.
1389 1643 1434 1683 V,
1457 1655 1537 1684 va‚
1559 1643 1592 1676 3.

1206 1698 1239 1728 (ἰ.
1269 1696 1424 1740 Virgine,
1455 1704 1518 1730 etc.
1552 1697 1651 1741 Aqua
1681 1694 1832 1741 frigida,

1150 1748 1210 1781 lib.
1229 1749 1276 1790 V,
1298 1749 1405 1793 epigr.
1430 1762 1490 1790 xx,
1511 1761 1557 1782 vs.
1582 1762 1616 1793 9.

984 1895 1277 1953 XLVIII.

792 2039 843 2067 ιΝ
882 2039 1084 2069 siLIUM
1124 2020 1453 2070 1TALicuii1.*

491 2152 645 2196 Simus
677 2151 770 2195 haec
801 2153 948 2213 magni
979 2152 1170 2196 celebrat
1200 2163 1484 2197 monumenta
1510 2154 1729 2207 Maronis,

559 2223 720 2283 Jugera
747 2222 922 2266 facundi
948 2224 1022 2284 qui
1047 2224 1271 2268 Ciceronis
1299 2223 1441 2267 habet.

493 2292 719 2336 Haeredem
746 2292 1059 2355 dominumque
1088 2295 1152 2338 sui
1178 2293 1391 2338 tumulive
1414 2296 1594 2339 Larisve

480 2412 494 2425 *
519 2418 665 2451 Italicum
691 2420 860 2453 omittunt
887 2418 967 2453 edd.
994 2421 1102 2454 Paris.

434 2483 445 2504 1
456 2473 476 2505 6
486 2483 498 2504 1
509 2483 528 2515 7
546 2479 580 2504 et
593 2471 743 2506 Farnab.
758 2473 807 2505 De
817 2473 898 2507 Silio
909 2472 989 2507 Ald.
1002 2474 1101 2507 Junt.

427 2523 545 2558 Colin.
556 2524 605 2556 De
616 2525 696 2559 Silio
707 2526 821 2558 Italico
829 2534 923 2571 pocta
935 2525 989 2559 ed.
1001 2526 1103 2560 Barb.

487 2589 515 2609 i.
542 2577 605 2609 Hic
628 2578 702 2611 MS.
732 2579 764 2611 in
788 2592 894 2625 marg.
915 2579 970 2613 ed.
995 2580 1102 2613 Paris.

436 2631 542 2673 ¹617.
565 2652 613 2656 -—<
635 2631 743 2665 Silius.
774 2633 824 2666 De
847 2645 917 2677 quo
942 2633 999 2665 lib.
1014 2633 1103 2673 VH,

1164 2421 1272 2467 epigr.
1299 2421 1546 2466 Lmeirgilii
1574 2422 1778 2467 sepulcrum·
1802 2423 1835 2454 in

1165 2487 1247 2519 agro
1266 2474 1496 2518 Neapolitano
1515 2473 1650 2508 assidue
1666 2475 1774 2508 coluit
1786 2475 1838 2508 Si-

1166 2528 1231 2560 lius
1242 2553 1250 2567 ,
1267 2535 1299 2560 et
1315 2527 1494 2561 Ciceronis
1507 2528 1623 2561 villain
1636 2528 1738 2568 emit,
1756 2536 1839 2561 testo

1165 2580 1280 2613 Plinio
1299 2580 1359 2613 lib.
1384 2581 1520 2621 XXXI,
1539 2594 1612 2626 cap.
1642 2594 1668 2613 i.

1220 2634 1251 2665 3.
1275 2633 1327 2667 Sis
1355 2632 1432 2667 cod.
1452 2634 1531 2667 Bev.
1550 2634 1732 2679 Tumulique
1758 2632 1835 2666 edd.
