1978 3305
438 237 1021 282 EPIGRAMMATUM
1059 237 1181 279 LIB.
1222 236 1274 277 V.
1501 234 1554 279 31

227 324 489 368 Jamdudum
515 326 648 369 tacito
671 324 807 377 rides,
830 324 1113 377 Germanice,
1133 339 1261 377 naso3

296 394 413 438 Utile
436 395 553 455 quod
576 395 701 439 nobis
726 395 783 438 do
814 395 889 438 tibi
916 393 1156 438 consilium.

215 538 273 570 17.
310 526 502 559 Iamdudum
536 527 657 559 adunco
688 527 833 560 Juntina

155 587 273 611 nostra
289 579 325 611 in
343 581 508 625 margine.
523 601 575 606 —
597 581 710 612 Tacito
731 580 830 619 rides,

156 640 222 665 etc.
253 631 416 665 Suboluit
438 632 502 665 tibi
527 644 582 665 me
603 631 671 664 hoc
699 632 735 664 in
757 644 833 664 rem

155 696 270 717 meam
300 685 537 724 cousuluisse,
567 683 720 729 ideoque
750 684 834 717 sub-

155 735 261 770 rides.
284 758 335 763 —-
352 736 479 770 Irrides
505 737 600 770 velut
628 738 775 770 stultum
799 745 832 770 et

156 789 375 829 morionem;
398 789 474 834 quis
504 789 598 822 enim
627 802 700 822 non
737 798 832 835 petat

156 841 329 881 Caesareiii
354 843 504 875 amicum
539 842 574 874 in
605 855 706 875 suum
733 855 831 876 com-

154 893 314 928 modum.
336 895 444 927 Nasus
465 893 561 927 sedes
590 895 765 927 irrisionis
790 903 829 927 ut

155 946 215 979 lib.
234 948 251 979 I
268 946 401 980 dictum
419 955 486 987 est,
505 956 538 980 et
556 960 619 993 pro
643 947 829 992 prudentia

154 1000 311 1044 ponitur.
331 1000 398 1033 En.
411 1000 665 1034 —Germam'cffi
683 1001 733 1033 Ex
751 1000 829 1033 ficta

155 1051 414 1085 Germanorum
434 1052 541 1086 clade.
559 1054 627 1086 En.

214 1106 268 1138 18.
298 1106 383 1138 Utile
405 1106 489 1152 quod
508 1120 568 1139 non
585 1109 635 1138 ”vis
651 1105 729 1140 edd.
745 1114 827 1139 vett.

894 527 1029 559 Ferrar.
1050 538 1131 559 ann.
1159 529 1260 570 1471.
1277 522 1358 556 Ald.
1378 524 1478 557 Junt.
1496 525 1565 557 Co-

894 579 957 612 lin.
988 578 1124 624 Gryph.
1157 586 1221 611 etc.
1259 577 1342 610 Utile
1370 577 1454 622 quod
1478 578 1564 609 nobis

893 631 972 665 cod.
993 632 1202 671 Vaticanus,
1220 639 1254 663 et
1273 638 1362 675 optt.
1387 630 1562 662 Scriverii.

893 684 1029 728 Vulgo,
1045 684 1129 729 qnod
1142 696 1203 716 non
1216 686 1288 715 vis:
1305 681 1366 715 sed
1382 681 1475 715 istud
1485 695 1565 716 con-

891 736 973 781 jecit
994 737 1026 768 J.
1054 736 1273 780 Rutgersius,
1294 744 1327 768 et
1350 736 1498 768 habetur
1529 736 1563 768 in

893 789 1034 834 optimis
1061 788 1137 821 MS.
1158 809 1210 814 —-
1237 789 1320 820 Utile
1349 788 1434 832 quod
1464 788 1562 821 nobis.

893 843 1012 882 Quum
1030 842 1178 874 suasoris
1195 841 1238 873 sit
1256 841 1335 873 finis
1348 841 1476 874 utilitas
1493 842 1565 886 ejus
1590 853 1593 856 ⁷

892 895 947 928 cui
964 893 1105 935 suadet3
1127 893 1296 926 Martialis
1317 901 1436 926 contra
1457 895 1566 927 consi-

888 948 974 980 lium
986 947 1049 979 sibi
1063 947 1148 979 utile
1158 972 1167 987 ‚
1178 946 1379 979 Domitiano
1393 958 1492 981 vero,
1507 948 1561 979 cui

888 999 1077 1039 suadebat,
1102 1012 1290 1033 onerosum
1319 998 1432 1032 dabat.
1460 999 1564 1032 Hunc

889 1053 1009 1086 fucum
1027 1066 1045 1086 a
1061 1053 1196 1086 Caesare
1212 1051 1488 1085 animadversum
1504 1078 1512 1092 ‚
1530 1061 1561 1085 et

890 1119 925 1139 se
944 1107 987 1139 ab
1008 1106 1068 1139 illo
1084 1104 1193 1139 rideri
1213 1105 1327 1150 fingit.
1346 1104 1523 1138 Scriverius.

786 1244 927 1299 XX.

500 1400 569 1429 AD
607 1399 814 1430 sumum
853 1378 1226 1428 MARTIALEMf

368 1526 414 1568 Si
443 1534 588 1568 tecum
615 1525 745 1580 mihi,
765 1539 864 1568 care
887 1521 1123 1577 Martialis,

366 1597 536 1639 Securis
560 1594 686 1639 liceat
708 1594 792 1638 frui
819 1594 996 1650 diebus;

364 1667 408 1710 Si
432 1665 661 1726 disponere
681 1675 854 1726 tempus
877 1665 1064 1708 otiosum
1079 1699 1092 1718 ‚

363 1738 420 1780 Et
442 1753 556 1780 verae
576 1737 738 1797 pariter
759 1751 915 1779 vacare
938 1736 1062 1791 vitae;

363 1808 458 1851 Nec
484 1823 563 1850 nos
589 1808 721 1862 atria,
746 1822 826 1850 nec
852 1806 1006 1850 domos
1030 1814 1282 1866 potentum,

361 1879 454 1921 Nec
476 1876 571 1921 lites
595 1878 792 1933 tetricas,
814 1877 1044 1937 forumque
1066 1877 1187 1920 triste

365 1948 628 2004 Nossemus,
651 1964 732 1992 nec
758 1948 966 2009 imagines
991 1947 1221 2008 superbam

207 2084 222 2098 *
234 2086 369 2119 Julium
386 2086 584 2120 Martialem
605 2087 766 2121 hortatur
785 2086 828 2119 ad

153 2139 261 2173 vitam
289 2140 450 2180 beatam,
481 2139 515 2172 id
546 2149 616 2181 est,
644 2141 828 2186 voluptua—

153 2192 240 2225 riam
251 2218 262 2234 ‚
271 2200 310 2225 ut
326 2206 398 2226 non
408 2194 498 2226 sinat
512 2194 606 2226 abire
617 2195 730 2227 bonos
741 2194 829 2226 soles

153 2245 229 2279 sine
245 2245 373 2291 gaudio
395 2255 428 2279 et
447 2245 687 2280 delectatione.

205 2319 257 2323 ——
283 2300 344 2331 Ad
367 2299 547 2331 Martialem
570 2300 773 2333 inscribitur
791 2299 827 2331 in

154 2348 236 2384 edd.
255 2359 338 2384 vett.

213 2416 244 2436 1.
265 2404 303 2436 Si
318 2412 426 2437 tecum.
439 2404 531 2438 Vide
551 2406 611 2438 lib.
633 2406 698 2446 IV,
719 2405 827 2450 epigr.

155 2467 258 2498 inv,
288 2455 332 2490 de
353 2455 474 2490 eodem
496 2458 591 2491 Julio
610 2457 775 2491 Martiali.

208 2508 242 2542 3.
265 2510 440 2554 Disponere
469 2518 594 2555 tempus.
622 2510 770 2556 Proprie
795 2518 828 2543 et

153 2560 337 2606 eleganter.
360 2563 449 2596 Plin.
474 2563 533 2596 lib.
549 2564 614 2602 IV,
634 2563 733 2608 epist.
758 2564 824 2596 23:

156 2628 169 2639 “
186 2614 346 2660 Magnam
372 2616 448 2661 cepi
466 2616 699 2660 voluptatem,
719 2628 825 2661 quum

156 2679 196 2699 ex
224 2668 385 2701 omnibus
413 2669 528 2702 amicis
562 2669 738 2714 cognovi,
766 2678 823 2706 te,

888 2096 927 2120 ut
957 2087 1124 2132 sapientia
1156 2095 1213 2120 tua
1242 2086 1389 2132 dignum
1423 2095 1496 2121 est,
1529 2095 1560 2119 et

888 2139 1075 2186 disponere
1093 2139 1203 2173 otium
1219 2147 1253 2173 et
1269 2140 1370 2172 ferre.
1392 2156 1404 2168 n
1427 2141 1557 2171 Auson.

887 2193 988 2238 epist.
1011 2205 1068 2233 10,
1089 2192 1133 2226 33
1153 2206 1160 2225 :
1179 2210 1192 2221 «ι
1208 2194 1382 2238 Tempora
1398 2191 1561 2238 disponas

886 2247 947 2279 ubi
975 2255 1012 2279 tu
1042 2254 1124 2279 tua:
1144 2247 1270 2291 jusque
1292 2253 1392 2278 tuum
1418 2245 1484 2286 sit,
1510 2246 1558 2278 Ut

888 2299 938 2332 nil
955 2311 1051 2344 agas,
1070 2299 1122 2331 vel
1143 2297 1240 2344 qnod
1256 2299 1360 2331 voles.
1384 2315 1397 2326 n

943 2356 977 2392 4.
1006 2353 1055 2384 Et
1078 2365 1176 2384 νει-α’.
1203 2352 1294 2396 Lege
1311 2351 1373 2384 lib.
1394 2351 1428 2391 Ῑ,
1449 2351 1558 2396 epigr,

889 2416 971 2446 xv13
991 2405 1167 2449 atquelih.
1186 2404 1220 2436 II
1239 2430 1247 2444 ,
1270 2404 1378 2449 epigr.
1398 2417 1450 2437 xc.
1466 2405 1559 2437 Vera

888 2457 956 2490 vita
979 2456 1072 2502 apud
1094 2466 1253 2490 nostrum
1277 2466 1415 2502 poetam
1434 2457 1560 2503 accipi·

888 2518 946 2542 tur
961 2535 970 2551 ,
987 2522 1052 2556 pro
1072 2522 1112 2543 eo
1137 2519 1295 2555 tempore
1313 2523 1383 2555 quo
1404 2509 1559 2555 indulge-

887 2575 963 2596 mus
989 2563 1224 2608 voluptatibus
1241 2563 1394 2596 honestis
1406 2585 1415 2601 ‚
1435 2572 1474 2596 ut
1487 2565 1556 2608 jam

886 2613 1021 2649 dictum
1039 2625 1089 2649 est
1108 2628 1223 2661 supra.

941 2681 972 2712 7.
1009 2669 1164 2713 Imagines
1193 2669 1350 2714 superbas.
1385 2668 1460 2701 Hoc
1486 2676 1555 2709 est,
