<?xml version="1.0" encoding="UTF-8"?>
<!DOCTYPE html PUBLIC "-//W3C//DTD XHTML 1.0 Transitional//EN"
    "http://www.w3.org/TR/xhtml1/DTD/xhtml1-transitional.dtd">
<html xmlns="http://www.w3.org/1999/xhtml" xml:lang="en" lang="en">
 <head>
  <title>
</title>
<meta http-equiv="Content-Type" content="text/html;charset=utf-8" />
  <meta name='ocr-system' content='tesseract 3.04.00' />
  <meta name='ocr-capabilities' content='ocr_page ocr_carea ocr_par ocr_line ocrx_word'/>
</head>
<body>
  <div class='ocr_page' id='page_1' title='image "./epigrammata02martuoft/epigrammata02martuoft_0432.png"; bbox 0 0 1978 3305; ppageno 0'>
   <div class='ocr_carea' id='block_1_1' title="bbox 477 224 574 279">
    <p class='ocr_par' dir='ltr' id='par_1_1' title="bbox 477 224 574 279">
     <span class='ocr_line' id='line_1_1' title="bbox 477 224 574 279; baseline 0 -11"><span class='ocrx_word' id='word_1_1' title='bbox 477 224 574 279; x_wconf 71' lang='lat'>418</span> 
     </span>
    </p>
   </div>
   <div class='ocr_carea' id='block_1_2' title="bbox 850 209 1503 264">
    <p class='ocr_par' dir='ltr' id='par_1_2' title="bbox 850 209 1503 264">
     <span class='ocr_line' id='line_1_2' title="bbox 850 209 1503 264; baseline -0.003 0"><span class='ocrx_word' id='word_1_2' title='bbox 850 209 909 264; x_wconf 82' lang='grc' dir='ltr'>Μ.</span> <span class='ocrx_word' id='word_1_3' title='bbox 934 221 1081 263; x_wconf 88' lang='lat' dir='ltr'>VAL.</span> <span class='ocrx_word' id='word_1_4' title='bbox 1119 220 1503 263; x_wconf 79' lang='lat' dir='ltr'>MARTIALIS</span> 
     </span>
    </p>
   </div>
   <div class='ocr_carea' id='block_1_3' title="bbox 1066 366 1284 424">
    <p class='ocr_par' dir='ltr' id='par_1_3' title="bbox 1066 366 1284 424">
     <span class='ocr_line' id='line_1_3' title="bbox 1066 366 1284 424; baseline 0 -2"><span class='ocrx_word' id='word_1_5' title='bbox 1066 366 1284 424; x_wconf 85' lang='lat' dir='ltr'><strong>XLVI.</strong></span> 
     </span>
    </p>
   </div>
   <div class='ocr_carea' id='block_1_4' title="bbox 878 501 1479 551">
    <p class='ocr_par' dir='ltr' id='par_1_4' title="bbox 878 501 1479 551">
     <span class='ocr_line' id='line_1_4' title="bbox 878 501 1479 551; baseline -0.002 0"><span class='ocrx_word' id='word_1_6' title='bbox 878 523 949 551; x_wconf 78' lang='lat' dir='ltr'>AD</span> <span class='ocrx_word' id='word_1_7' title='bbox 998 501 1479 551; x_wconf 62' lang='lat' dir='ltr'>MARCELLINUM.*</span> 
     </span>
    </p>
   </div>
   <div class='ocr_carea' id='block_1_5' title="bbox 550 645 1885 1055">
    <p class='ocr_par' dir='ltr' id='par_1_5' title="bbox 550 645 1885 1055">
     <span class='ocr_line' id='line_1_5' title="bbox 550 645 1733 709; baseline -0.003 -15"><span class='ocrx_word' id='word_1_8' title='bbox 550 651 702 694; x_wconf 78' lang='lat' dir='ltr'>M1LEs</span> <span class='ocrx_word' id='word_1_9' title='bbox 723 648 1032 709; x_wconf 89' lang='lat' dir='ltr'>Hyperboreos</span> <span class='ocrx_word' id='word_1_10' title='bbox 1056 646 1188 691; x_wconf 91' lang='lat' dir='ltr'>modo</span> <span class='ocrx_word' id='word_1_11' title='bbox 1201 682 1212 702; x_wconf 85' lang='lat'>‚</span> <span class='ocrx_word' id='word_1_12' title='bbox 1233 645 1509 702; x_wconf 83' lang='lat' dir='ltr'>Marcelline,</span> <span class='ocrx_word' id='word_1_13' title='bbox 1529 647 1733 704; x_wconf 85' lang='lat' dir='ltr'>Triones,</span> 
     </span>
     <span class='ocr_line' id='line_1_6' title="bbox 618 717 1482 779; baseline -0.005 -15"><span class='ocrx_word' id='word_1_14' title='bbox 618 722 676 763; x_wconf 85' lang='lat' dir='ltr'>Et</span> <span class='ocrx_word' id='word_1_15' title='bbox 705 719 850 764; x_wconf 88' lang='lat' dir='ltr'>Getici</span> <span class='ocrx_word' id='word_1_16' title='bbox 879 717 1028 762; x_wconf 90' lang='lat' dir='ltr'>tuleris</span> <span class='ocrx_word' id='word_1_17' title='bbox 1056 717 1196 761; x_wconf 85' lang='lat' dir='ltr'>sidera</span> <span class='ocrx_word' id='word_1_18' title='bbox 1224 719 1349 778; x_wconf 85' lang='lat' dir='ltr'>pigra</span> <span class='ocrx_word' id='word_1_19' title='bbox 1372 717 1482 779; x_wconf 84' lang='lat' dir='ltr'>poli;</span> 
     </span>
     <span class='ocr_line' id='line_1_7' title="bbox 550 787 1605 849; baseline -0.003 -15"><span class='ocrx_word' id='word_1_20' title='bbox 550 792 664 834; x_wconf 86' lang='lat' dir='ltr'>Ecce</span> <span class='ocrx_word' id='word_1_21' title='bbox 692 789 963 834; x_wconf 78' lang='lat' dir='ltr'>Prometheae</span> <span class='ocrx_word' id='word_1_22' title='bbox 992 804 1148 849; x_wconf 88' lang='lat' dir='ltr'>rupes,</span> <span class='ocrx_word' id='word_1_23' title='bbox 1176 797 1220 831; x_wconf 88' lang='lat' dir='ltr'>et</span> <span class='ocrx_word' id='word_1_24' title='bbox 1247 787 1394 832; x_wconf 86' lang='lat' dir='ltr'>fabula</span> <span class='ocrx_word' id='word_1_25' title='bbox 1423 789 1605 844; x_wconf 82' lang='lat' dir='ltr'>montis,</span> 
     </span>
     <span class='ocr_line' id='line_1_8' title="bbox 619 857 1732 921; baseline -0.004 -16"><span class='ocrx_word' id='word_1_26' title='bbox 619 862 765 918; x_wconf 84' lang='lat' dir='ltr'>Quam</span> <span class='ocrx_word' id='word_1_27' title='bbox 796 875 934 921; x_wconf 89' lang='lat' dir='ltr'>prope</span> <span class='ocrx_word' id='word_1_28' title='bbox 964 868 1065 903; x_wconf 80' lang='lat' dir='ltr'>sunt</span> <span class='ocrx_word' id='word_1_29' title='bbox 1094 857 1229 902; x_wconf 89' lang='lat' dir='ltr'>oculis</span> <span class='ocrx_word' id='word_1_30' title='bbox 1260 875 1378 902; x_wconf 89' lang='lat' dir='ltr'>nunc</span> <span class='ocrx_word' id='word_1_31' title='bbox 1405 858 1605 903; x_wconf 81' lang='lat' dir='ltr'>adeunda</span> <span class='ocrx_word' id='word_1_32' title='bbox 1636 859 1732 903; x_wconf 87' lang='lat' dir='ltr'>tuis.</span> 
     </span>
     <span class='ocr_line' id='line_1_9' title="bbox 550 928 1885 990; baseline -0.002 -15"><span class='ocrx_word' id='word_1_33' title='bbox 550 931 721 975; x_wconf 90' lang='lat' dir='ltr'>Videris</span> <span class='ocrx_word' id='word_1_34' title='bbox 750 930 969 974; x_wconf 86' lang='lat' dir='ltr'>immensis</span> <span class='ocrx_word' id='word_1_35' title='bbox 999 945 1132 990; x_wconf 86' lang='lat' dir='ltr'>quum</span> <span class='ocrx_word' id='word_1_36' title='bbox 1160 928 1432 973; x_wconf 85' lang='lat' dir='ltr'>conclamata</span> <span class='ocrx_word' id='word_1_37' title='bbox 1457 929 1641 990; x_wconf 87' lang='lat' dir='ltr'>querelis</span> <span class='ocrx_word' id='word_1_38' title='bbox 1873 951 1885 973; x_wconf 81' lang='lat'>5</span> 
     </span>
     <span class='ocr_line' id='line_1_10' title="bbox 619 998 1454 1055; baseline -0.005 -9"><span class='ocrx_word' id='word_1_39' title='bbox 619 1004 730 1046; x_wconf 82' lang='lat' dir='ltr'>Saxa</span> <span class='ocrx_word' id='word_1_40' title='bbox 753 1002 888 1055; x_wconf 76' lang='lat' dir='ltr'>senis,</span> <span class='ocrx_word' id='word_1_41' title='bbox 911 999 1050 1054; x_wconf 81' lang='lat' dir='ltr'>dices,</span> <span class='ocrx_word' id='word_1_42' title='bbox 1076 1000 1242 1042; x_wconf 88' lang='lat' dir='ltr'>Durior</span> <span class='ocrx_word' id='word_1_43' title='bbox 1265 998 1335 1042; x_wconf 92' lang='lat' dir='ltr'>ille</span> <span class='ocrx_word' id='word_1_44' title='bbox 1362 999 1454 1043; x_wconf 91' lang='lat' dir='ltr'>fuit.</span> 
     </span>
    </p>
   </div>
   <div class='ocr_carea' id='block_1_6' title="bbox 550 1131 1643 1487">
    <p class='ocr_par' dir='ltr' id='par_1_6' title="bbox 550 1131 1643 1487">
     <span class='ocr_line' id='line_1_11' title="bbox 550 1131 1643 1201; baseline -0.003 -16"><span class='ocrx_word' id='word_1_45' title='bbox 550 1141 649 1185; x_wconf 58' lang='lat' dir='ltr'>Ebv&#39;</span> <span class='ocrx_word' id='word_1_46' title='bbox 679 1139 724 1184; x_wconf 77' lang='grc' dir='ltr'>ἂν</span> <span class='ocrx_word' id='word_1_47' title='bbox 753 1131 1009 1201; x_wconf 61' lang='grc' dir='ltr'>Ῠπερςορέων</span> <span class='ocrx_word' id='word_1_48' title='bbox 1038 1141 1268 1199; x_wconf 83' lang='grc' dir='ltr'><strong>ςρατιώτης</strong></span> <span class='ocrx_word' id='word_1_49' title='bbox 1298 1144 1422 1199; x_wconf 79' lang='grc' dir='ltr'>κλῖμα</span> <span class='ocrx_word' id='word_1_50' title='bbox 1450 1134 1643 1200; x_wconf 71' lang='grc' dir='ltr'>διατλῇς,</span> 
     </span>
     <span class='ocr_line' id='line_1_12' title="bbox 620 1205 1554 1271; baseline -0.002 -17"><span class='ocrx_word' id='word_1_51' title='bbox 620 1214 891 1271; x_wconf 81' lang='grc' dir='ltr'>Μαρκελλῖνε,</span> <span class='ocrx_word' id='word_1_52' title='bbox 915 1211 1042 1254; x_wconf 83' lang='grc' dir='ltr'>πόλου</span> <span class='ocrx_word' id='word_1_53' title='bbox 1068 1211 1106 1254; x_wconf 84' lang='grc' dir='ltr'>τ’</span> <span class='ocrx_word' id='word_1_54' title='bbox 1132 1211 1277 1270; x_wconf 80' lang='grc' dir='ltr'><em>ἀςέρας</em></span> <span class='ocrx_word' id='word_1_55' title='bbox 1307 1205 1554 1271; x_wconf 61' lang='grc' dir='ltr'>ἰσοὸραδεῒς,</span> 
     </span>
     <span class='ocr_line' id='line_1_13' title="bbox 552 1280 1526 1342; baseline 0.001 -19"><span class='ocrx_word' id='word_1_56' title='bbox 552 1285 612 1325; x_wconf 85' lang='grc' dir='ltr'>Οὐ</span> <span class='ocrx_word' id='word_1_57' title='bbox 638 1282 779 1341; x_wconf 82' lang='grc' dir='ltr'>φθαίης</span> <span class='ocrx_word' id='word_1_58' title='bbox 805 1281 987 1342; x_wconf 79' lang='grc' dir='ltr'>μύθευμα</span> <span class='ocrx_word' id='word_1_59' title='bbox 1012 1280 1264 1342; x_wconf 77' lang='grc' dir='ltr'>Προμηθείου</span> <span class='ocrx_word' id='word_1_60' title='bbox 1291 1283 1526 1334; x_wconf 81' lang='grc' dir='ltr'>σκοπέλοιο,</span> 
     </span>
     <span class='ocr_line' id='line_1_14' title="bbox 621 1352 1497 1413; baseline -0.001 -18"><span class='ocrx_word' id='word_1_61' title='bbox 621 1353 704 1395; x_wconf 80' lang='grc' dir='ltr'>Καὶ</span> <span class='ocrx_word' id='word_1_62' title='bbox 730 1353 859 1413; x_wconf 80' lang='grc' dir='ltr'>πάγον</span> <span class='ocrx_word' id='word_1_63' title='bbox 890 1352 1098 1402; x_wconf 80' lang='grc' dir='ltr'>αὐτόπτης</span> <span class='ocrx_word' id='word_1_64' title='bbox 1123 1352 1283 1413; x_wconf 76' lang='grc' dir='ltr'>ἐγγύθεν</span> <span class='ocrx_word' id='word_1_65' title='bbox 1313 1353 1497 1412; x_wconf 77' lang='grc' dir='ltr'>ἱςορέειν.</span> 
     </span>
     <span class='ocr_line' id='line_1_15' title="bbox 552 1410 1504 1487; baseline -0.001 -22"><span class='ocrx_word' id='word_1_66' title='bbox 552 1410 675 1484; x_wconf 65' lang='grc' dir='ltr'>ὥκριν</span> <span class='ocrx_word' id='word_1_67' title='bbox 704 1421 766 1484; x_wconf 74' lang='grc' dir='ltr'>ἄρ’</span> <span class='ocrx_word' id='word_1_68' title='bbox 793 1423 966 1484; x_wconf 77' lang='grc' dir='ltr'>ἰυγμοῖσι</span> <span class='ocrx_word' id='word_1_69' title='bbox 992 1423 1298 1487; x_wconf 67' lang='grc' dir='ltr'>καταυλῃθέντα</span> <span class='ocrx_word' id='word_1_70' title='bbox 1319 1424 1504 1484; x_wconf 79' lang='grc' dir='ltr'>γέροντος</span> 
     </span>
    </p>
   </div>
   <div class='ocr_carea' id='block_1_7' title="bbox 621 1487 1585 1555">
    <p class='ocr_par' dir='ltr' id='par_1_7' title="bbox 621 1487 1585 1555">
     <span class='ocr_line' id='line_1_16' title="bbox 621 1487 1585 1555; baseline -0.001 -19"><span class='ocrx_word' id='word_1_71' title='bbox 621 1495 782 1555; x_wconf 73' lang='grc' dir='ltr'>Τρηχὺν</span> <span class='ocrx_word' id='word_1_72' title='bbox 810 1497 926 1554; x_wconf 74' lang='grc' dir='ltr'>ὁρῶν,</span> <span class='ocrx_word' id='word_1_73' title='bbox 953 1496 1112 1552; x_wconf 68' lang='grc' dir='ltr'>φτῖσεις,</span> <span class='ocrx_word' id='word_1_74' title='bbox 1143 1487 1203 1535; x_wconf 83' lang='grc' dir='ltr'>Ην</span> <span class='ocrx_word' id='word_1_75' title='bbox 1233 1489 1302 1536; x_wconf 77' lang='grc' dir='ltr'>ὅδε</span> <span class='ocrx_word' id='word_1_76' title='bbox 1327 1494 1585 1554; x_wconf 72' lang='grc' dir='ltr'>τρηχῦτερος.</span> 
     </span>
    </p>
   </div>
   <div class='ocr_carea' id='block_1_8' title="bbox 442 1630 1165 2674">
    <p class='ocr_par' dir='ltr' id='par_1_8' title="bbox 481 1630 1158 1775">
     <span class='ocr_line' id='line_1_17' title="bbox 535 1630 1158 1677; baseline -0.005 -10"><span class='ocrx_word' id='word_1_77' title='bbox 535 1630 548 1643; x_wconf 80' lang='lat'>⁴¹</span> <span class='ocrx_word' id='word_1_78' title='bbox 563 1633 616 1667; x_wconf 89' lang='lat' dir='ltr'>Ad</span> <span class='ocrx_word' id='word_1_79' title='bbox 633 1633 803 1667; x_wconf 78' lang='lat' dir='ltr'>Sarmatas</span> <span class='ocrx_word' id='word_1_80' title='bbox 818 1640 852 1666; x_wconf 88' lang='lat' dir='ltr'>et</span> <span class='ocrx_word' id='word_1_81' title='bbox 865 1632 1010 1677; x_wconf 80' lang='lat' dir='ltr'>Scythas</span> <span class='ocrx_word' id='word_1_82' title='bbox 1027 1632 1158 1665; x_wconf 91' lang='lat' dir='ltr'>iturum</span> 
     </span>
     <span class='ocr_line' id='line_1_18' title="bbox 482 1684 1158 1727; baseline -0.007 -5"><span class='ocrx_word' id='word_1_83' title='bbox 482 1687 726 1722; x_wconf 87' lang='lat' dir='ltr'>Marcellinum</span> <span class='ocrx_word' id='word_1_84' title='bbox 750 1685 886 1727; x_wconf 89' lang='lat' dir='ltr'>filium,</span> <span class='ocrx_word' id='word_1_85' title='bbox 914 1684 1081 1718; x_wconf 83' lang='lat' dir='ltr'>admonet</span> <span class='ocrx_word' id='word_1_86' title='bbox 1109 1685 1158 1718; x_wconf 88' lang='lat' dir='ltr'>fa-</span> 
     </span>
     <span class='ocr_line' id='line_1_19' title="bbox 481 1739 815 1775; baseline -0.009 0"><span class='ocrx_word' id='word_1_87' title='bbox 481 1742 571 1775; x_wconf 85' lang='lat' dir='ltr'>bulae</span> <span class='ocrx_word' id='word_1_88' title='bbox 587 1739 815 1773; x_wconf 86' lang='lat' dir='ltr'>Prometheae.</span> 
     </span>
    </p>

    <p class='ocr_par' dir='ltr' id='par_1_9' title="bbox 481 1791 1164 2158">
     <span class='ocr_line' id='line_1_20' title="bbox 540 1791 1163 1840; baseline -0.006 -13"><span class='ocrx_word' id='word_1_89' title='bbox 540 1807 553 1827; x_wconf 90' lang='lat'>1</span> <span class='ocrx_word' id='word_1_90' title='bbox 564 1821 571 1827; x_wconf 97' lang='lat'>.</span> <span class='ocrx_word' id='word_1_91' title='bbox 587 1793 806 1840; x_wconf 60' lang='lat' dir='ltr'>Hyperboreos</span> <span class='ocrx_word' id='word_1_92' title='bbox 828 1792 970 1825; x_wconf 71' lang='lat' dir='ltr'>Triones.</span> <span class='ocrx_word' id='word_1_93' title='bbox 987 1791 1163 1824; x_wconf 85' lang='lat' dir='ltr'>Describit</span> 
     </span>
     <span class='ocr_line' id='line_1_21' title="bbox 484 1845 1162 1893; baseline -0.006 -12"><span class='ocrx_word' id='word_1_94' title='bbox 484 1847 778 1893; x_wconf 83' lang='lat' dir='ltr'>Septemtriouem</span> <span class='ocrx_word' id='word_1_95' title='bbox 795 1869 804 1884; x_wconf 77' lang='lat'>,</span> <span class='ocrx_word' id='word_1_96' title='bbox 839 1845 900 1877; x_wconf 87' lang='lat' dir='ltr'>ubi</span> <span class='ocrx_word' id='word_1_97' title='bbox 935 1845 1162 1877; x_wconf 82' lang='lat' dir='ltr'>Marcellinus</span> 
     </span>
     <span class='ocr_line' id='line_1_22' title="bbox 483 1896 1161 1934; baseline -0.006 0"><span class='ocrx_word' id='word_1_98' title='bbox 483 1901 595 1934; x_wconf 88' lang='lat' dir='ltr'>multa</span> <span class='ocrx_word' id='word_1_99' title='bbox 610 1899 820 1932; x_wconf 84' lang='lat' dir='ltr'>toleraturus</span> <span class='ocrx_word' id='word_1_100' title='bbox 836 1906 910 1930; x_wconf 87' lang='lat' dir='ltr'>erat</span> <span class='ocrx_word' id='word_1_101' title='bbox 927 1896 1161 1931; x_wconf 82' lang='lat' dir='ltr'>incommoda.</span> 
     </span>
     <span class='ocr_line' id='line_1_23' title="bbox 483 1950 1164 1996; baseline -0.006 -9"><span class='ocrx_word' id='word_1_102' title='bbox 483 1955 535 1987; x_wconf 69' lang='lat' dir='ltr'>De</span> <span class='ocrx_word' id='word_1_103' title='bbox 545 1952 736 1986; x_wconf 84' lang='lat' dir='ltr'>Trionibus</span> <span class='ocrx_word' id='word_1_104' title='bbox 755 1950 862 1984; x_wconf 85' lang='lat' dir='ltr'>stellis</span> <span class='ocrx_word' id='word_1_105' title='bbox 876 1963 1003 1996; x_wconf 87' lang='lat' dir='ltr'>nempe</span> <span class='ocrx_word' id='word_1_106' title='bbox 1016 1950 1164 1991; x_wconf 75' lang='lat' dir='ltr'>(lictum,</span> 
     </span>
     <span class='ocr_line' id='line_1_24' title="bbox 481 2003 1160 2051; baseline -0.006 -12"><span class='ocrx_word' id='word_1_107' title='bbox 481 2008 545 2041; x_wconf 91' lang='lat' dir='ltr'>lib.</span> <span class='ocrx_word' id='word_1_108' title='bbox 563 2007 615 2039; x_wconf 81' lang='lat' dir='ltr'>VI</span> <span class='ocrx_word' id='word_1_109' title='bbox 631 2032 639 2047; x_wconf 90' lang='lat'>‚</span> <span class='ocrx_word' id='word_1_110' title='bbox 661 2005 768 2051; x_wconf 86' lang='lat' dir='ltr'>epigr.</span> <span class='ocrx_word' id='word_1_111' title='bbox 794 2015 886 2037; x_wconf 73' lang='lat' dir='ltr'>Lvu1</span> <span class='ocrx_word' id='word_1_112' title='bbox 900 2030 909 2045; x_wconf 85' lang='lat'><strong>,</strong></span> <span class='ocrx_word' id='word_1_113' title='bbox 933 2012 965 2037; x_wconf 87' lang='lat' dir='ltr'>et</span> <span class='ocrx_word' id='word_1_114' title='bbox 987 2003 1046 2036; x_wconf 92' lang='lat' dir='ltr'>lib.</span> <span class='ocrx_word' id='word_1_115' title='bbox 1067 2004 1160 2042; x_wconf 73' lang='lat' dir='ltr'>VII,</span> 
     </span>
     <span class='ocr_line' id='line_1_25' title="bbox 484 2056 1161 2106; baseline -0.007 -12"><span class='ocrx_word' id='word_1_116' title='bbox 484 2060 593 2106; x_wconf 78' lang='lat' dir='ltr'>epigr.</span> <span class='ocrx_word' id='word_1_117' title='bbox 608 2070 707 2092; x_wconf 75' lang='lat' dir='ltr'>Lxxx.</span> <span class='ocrx_word' id='word_1_118' title='bbox 723 2059 811 2091; x_wconf 88' lang='lat' dir='ltr'>Item</span> <span class='ocrx_word' id='word_1_119' title='bbox 826 2056 870 2089; x_wconf 86' lang='lat' dir='ltr'>de</span> <span class='ocrx_word' id='word_1_120' title='bbox 882 2056 1088 2090; x_wconf 86' lang='lat' dir='ltr'>Marcellino</span> <span class='ocrx_word' id='word_1_121' title='bbox 1101 2056 1161 2089; x_wconf 92' lang='lat' dir='ltr'>lib.</span> 
     </span>
     <span class='ocr_line' id='line_1_26' title="bbox 486 2109 1161 2158; baseline -0.006 -12"><span class='ocrx_word' id='word_1_122' title='bbox 486 2114 541 2146; x_wconf 93' lang='lat' dir='ltr'>III</span> <span class='ocrx_word' id='word_1_123' title='bbox 553 2139 562 2154; x_wconf 92' lang='lat'>‚</span> <span class='ocrx_word' id='word_1_124' title='bbox 573 2112 681 2158; x_wconf 83' lang='lat' dir='ltr'>epigr.</span> <span class='ocrx_word' id='word_1_125' title='bbox 694 2123 731 2143; x_wconf 73' lang='lat' dir='ltr'>vr</span> <span class='ocrx_word' id='word_1_126' title='bbox 741 2136 749 2152; x_wconf 88' lang='lat'><strong>,</strong></span> <span class='ocrx_word' id='word_1_127' title='bbox 761 2118 793 2143; x_wconf 86' lang='lat' dir='ltr'>et</span> <span class='ocrx_word' id='word_1_128' title='bbox 810 2110 947 2151; x_wconf 82' lang='lat' dir='ltr'>lib.VI,</span> <span class='ocrx_word' id='word_1_129' title='bbox 963 2109 1072 2155; x_wconf 79' lang='lat' dir='ltr'>epigr.</span> <span class='ocrx_word' id='word_1_130' title='bbox 1085 2122 1161 2142; x_wconf 77' lang='lat' dir='ltr'>xxv.</span> 
     </span>
    </p>

    <p class='ocr_par' dir='ltr' id='par_1_10' title="bbox 442 2161 1165 2529">
     <span class='ocr_line' id='line_1_27' title="bbox 542 2161 1164 2208; baseline -0.008 -8"><span class='ocrx_word' id='word_1_131' title='bbox 542 2179 575 2200; x_wconf 86' lang='lat'>2.</span> <span class='ocrx_word' id='word_1_132' title='bbox 600 2165 733 2198; x_wconf 79' lang='lat' dir='ltr'>Tuleras</span> <span class='ocrx_word' id='word_1_133' title='bbox 751 2163 859 2196; x_wconf 87' lang='lat' dir='ltr'>Palat.</span> <span class='ocrx_word' id='word_1_134' title='bbox 883 2161 978 2196; x_wconf 91' lang='lat' dir='ltr'>unde</span> <span class='ocrx_word' id='word_1_135' title='bbox 1007 2162 1087 2208; x_wconf 88' lang='lat' dir='ltr'>quis</span> <span class='ocrx_word' id='word_1_136' title='bbox 1115 2162 1164 2195; x_wconf 84' lang='lat' dir='ltr'>fa-</span> 
     </span>
     <span class='ocr_line' id='line_1_28' title="bbox 484 2215 1164 2260; baseline -0.006 -8"><span class='ocrx_word' id='word_1_137' title='bbox 484 2219 550 2252; x_wconf 87' lang='lat' dir='ltr'>cile</span> <span class='ocrx_word' id='word_1_138' title='bbox 567 2218 689 2252; x_wconf 86' lang='lat' dir='ltr'>fecerit</span> <span class='ocrx_word' id='word_1_139' title='bbox 704 2217 816 2249; x_wconf 76' lang='lat' dir='ltr'>toleras</span> <span class='ocrx_word' id='word_1_140' title='bbox 834 2229 845 2255; x_wconf 92' lang='lat'>,·</span> <span class='ocrx_word' id='word_1_141' title='bbox 863 2216 929 2249; x_wconf 87' lang='lat' dir='ltr'>nisi</span> <span class='ocrx_word' id='word_1_142' title='bbox 946 2215 1036 2248; x_wconf 84' lang='lat' dir='ltr'>modo</span> <span class='ocrx_word' id='word_1_143' title='bbox 1053 2215 1164 2260; x_wconf 88' lang='lat' dir='ltr'>signet</span> 
     </span>
     <span class='ocr_line' id='line_1_29' title="bbox 486 2268 1144 2305; baseline -0.003 -1"><span class='ocrx_word' id='word_1_144' title='bbox 486 2272 653 2305; x_wconf 76' lang='lat' dir='ltr'>dummodo</span> <span class='ocrx_word' id='word_1_145' title='bbox 666 2284 677 2304; x_wconf 91' lang='lat'>.·</span> <span class='ocrx_word' id='word_1_146' title='bbox 698 2269 757 2303; x_wconf 82' lang='lat' dir='ltr'>sed</span> <span class='ocrx_word' id='word_1_147' title='bbox 777 2269 865 2302; x_wconf 81' lang='lat' dir='ltr'>nihil</span> <span class='ocrx_word' id='word_1_148' title='bbox 884 2277 994 2302; x_wconf 87' lang='lat' dir='ltr'>muto.</span> <span class='ocrx_word' id='word_1_149' title='bbox 1014 2268 1144 2303; x_wconf 81' lang='lat' dir='ltr'>Gruter.</span> 
     </span>
     <span class='ocr_line' id='line_1_30' title="bbox 486 2322 1165 2368; baseline -0.006 -10"><span class='ocrx_word' id='word_1_150' title='bbox 486 2347 538 2352; x_wconf 91' lang='lat'>—-</span> <span class='ocrx_word' id='word_1_151' title='bbox 559 2325 671 2358; x_wconf 73' lang='lat' dir='ltr'>Sidera</span> <span class='ocrx_word' id='word_1_152' title='bbox 690 2326 797 2368; x_wconf 75' lang='lat' dir='ltr'>pigra.</span> <span class='ocrx_word' id='word_1_153' title='bbox 818 2322 894 2355; x_wconf 86' lang='lat' dir='ltr'>Hoc</span> <span class='ocrx_word' id='word_1_154' title='bbox 917 2330 987 2363; x_wconf 82' lang='lat' dir='ltr'>est,</span> <span class='ocrx_word' id='word_1_155' title='bbox 1006 2322 1112 2355; x_wconf 80' lang='lat' dir='ltr'>Ursas</span> <span class='ocrx_word' id='word_1_156' title='bbox 1132 2330 1165 2355; x_wconf 87' lang='lat' dir='ltr'>et</span> 
     </span>
     <span class='ocr_line' id='line_1_31' title="bbox 486 2374 1164 2411; baseline -0.006 0"><span class='ocrx_word' id='word_1_157' title='bbox 486 2379 620 2411; x_wconf 81' lang='lat' dir='ltr'>Booten</span> <span class='ocrx_word' id='word_1_158' title='bbox 636 2378 730 2410; x_wconf 79' lang='lat' dir='ltr'>lente</span> <span class='ocrx_word' id='word_1_159' title='bbox 745 2389 780 2409; x_wconf 86' lang='lat' dir='ltr'>se</span> <span class='ocrx_word' id='word_1_160' title='bbox 795 2383 982 2409; x_wconf 82' lang='lat' dir='ltr'>moventes.</span> <span class='ocrx_word' id='word_1_161' title='bbox 995 2374 1087 2407; x_wconf 81' lang='lat' dir='ltr'>Vide</span> <span class='ocrx_word' id='word_1_162' title='bbox 1104 2375 1164 2408; x_wconf 86' lang='lat' dir='ltr'>lib.</span> 
     </span>
     <span class='ocr_line' id='line_1_32' title="bbox 442 2429 1164 2476; baseline -0.004 -12"><span class='ocrx_word' id='word_1_163' title='bbox 442 2449 447 2454; x_wconf 91' lang='lat'><em>·</em></span> <span class='ocrx_word' id='word_1_164' title='bbox 486 2432 556 2471; x_wconf 79' lang='lat' dir='ltr'>vl,</span> <span class='ocrx_word' id='word_1_165' title='bbox 577 2430 686 2476; x_wconf 79' lang='lat' dir='ltr'>epig-r.</span> <span class='ocrx_word' id='word_1_166' title='bbox 707 2442 796 2469; x_wconf 79' lang='lat' dir='ltr'><strong>xxv,</strong></span> <span class='ocrx_word' id='word_1_167' title='bbox 824 2436 858 2461; x_wconf 85' lang='lat' dir='ltr'>et</span> <span class='ocrx_word' id='word_1_168' title='bbox 883 2429 946 2466; x_wconf 76' lang='lat' dir='ltr'>lv,</span> <span class='ocrx_word' id='word_1_169' title='bbox 964 2440 1031 2469; x_wconf 84' lang='lat' dir='ltr'>ni,</span> <span class='ocrx_word' id='word_1_170' title='bbox 1053 2429 1086 2461; x_wconf 85' lang='lat'>5.</span> <span class='ocrx_word' id='word_1_171' title='bbox 1115 2429 1164 2461; x_wconf 86' lang='lat' dir='ltr'>De</span> 
     </span>
     <span class='ocr_line' id='line_1_33' title="bbox 488 2481 1114 2529; baseline -0.006 -12"><span class='ocrx_word' id='word_1_172' title='bbox 488 2484 585 2517; x_wconf 75' lang='lat' dir='ltr'>Getis</span> <span class='ocrx_word' id='word_1_173' title='bbox 602 2484 734 2529; x_wconf 80' lang='lat' dir='ltr'>egimus</span> <span class='ocrx_word' id='word_1_174' title='bbox 749 2483 810 2515; x_wconf 88' lang='lat' dir='ltr'>lib.</span> <span class='ocrx_word' id='word_1_175' title='bbox 829 2482 918 2520; x_wconf 85' lang='lat' dir='ltr'>Vll,</span> <span class='ocrx_word' id='word_1_176' title='bbox 941 2481 1050 2527; x_wconf 82' lang='lat' dir='ltr'>epigr.</span> <span class='ocrx_word' id='word_1_177' title='bbox 1072 2493 1114 2514; x_wconf 83' lang='grc' dir='ltr'>ιι.</span> 
     </span>
    </p>

    <p class='ocr_par' dir='ltr' id='par_1_11' title="bbox 486 2535 1165 2674">
     <span class='ocr_line' id='line_1_34' title="bbox 542 2535 1165 2579; baseline -0.005 -10"><span class='ocrx_word' id='word_1_178' title='bbox 542 2537 574 2569; x_wconf 84' lang='grc'>3.</span> <span class='ocrx_word' id='word_1_179' title='bbox 599 2538 681 2569; x_wconf 75' lang='lat' dir='ltr'>Ecce</span> <span class='ocrx_word' id='word_1_180' title='bbox 699 2536 894 2568; x_wconf 71' lang='lat' dir='ltr'>Prometlwa’</span> <span class='ocrx_word' id='word_1_181' title='bbox 911 2547 1012 2579; x_wconf 72' lang='lat' dir='ltr'>rupes.</span> <span class='ocrx_word' id='word_1_182' title='bbox 1035 2535 1165 2567; x_wconf 80' lang='lat' dir='ltr'>Cauca-</span> 
     </span>
     <span class='ocr_line' id='line_1_35' title="bbox 486 2589 1164 2634; baseline -0.001 -13"><span class='ocrx_word' id='word_1_183' title='bbox 486 2602 560 2622; x_wconf 68' lang='lat' dir='ltr'>sum</span> <span class='ocrx_word' id='word_1_184' title='bbox 596 2598 749 2622; x_wconf 84' lang='lat' dir='ltr'>montem</span> <span class='ocrx_word' id='word_1_185' title='bbox 785 2589 1033 2634; x_wconf 81' lang='lat' dir='ltr'>interpretare,</span> <span class='ocrx_word' id='word_1_186' title='bbox 1066 2589 1164 2633; x_wconf 83' lang='lat' dir='ltr'>eujus</span> 
     </span>
     <span class='ocr_line' id='line_1_36' title="bbox 486 2641 1160 2674; baseline -0.001 0"><span class='ocrx_word' id='word_1_187' title='bbox 486 2642 604 2674; x_wconf 72' lang='lat' dir='ltr'>vertici</span> <span class='ocrx_word' id='word_1_188' title='bbox 625 2643 764 2674; x_wconf 76' lang='lat' dir='ltr'>affixum</span> <span class='ocrx_word' id='word_1_189' title='bbox 788 2642 890 2674; x_wconf 75' lang='lat' dir='ltr'>fuisse</span> <span class='ocrx_word' id='word_1_190' title='bbox 914 2641 1160 2673; x_wconf 66' lang='lat' dir='ltr'>Prome-themu</span> 
     </span>
    </p>
   </div>
   <div class='ocr_carea' id='block_1_9' title="bbox 1219 1629 1898 2684">
    <p class='ocr_par' dir='ltr' id='par_1_12' title="bbox 1219 1629 1892 1725">
     <span class='ocr_line' id='line_1_37' title="bbox 1219 1629 1892 1676; baseline 0.001 -12"><span class='ocrx_word' id='word_1_191' title='bbox 1219 1631 1420 1664; x_wconf 80' lang='lat' dir='ltr'>fabulantur</span> <span class='ocrx_word' id='word_1_192' title='bbox 1449 1629 1624 1664; x_wconf 88' lang='lat' dir='ltr'>Hesiodus</span> <span class='ocrx_word' id='word_1_193' title='bbox 1642 1655 1653 1672; x_wconf 87' lang='lat'><strong>,</strong></span> <span class='ocrx_word' id='word_1_194' title='bbox 1681 1630 1865 1676; x_wconf 83' lang='lat' dir='ltr'>AEschylus</span> <span class='ocrx_word' id='word_1_195' title='bbox 1883 1657 1892 1673; x_wconf 92' lang='lat'><strong>,</strong></span> 
     </span>
     <span class='ocr_line' id='line_1_38' title="bbox 1219 1683 1481 1725; baseline -0.008 -7"><span class='ocrx_word' id='word_1_196' title='bbox 1219 1683 1368 1718; x_wconf 84' lang='lat' dir='ltr'>Ovidius</span> <span class='ocrx_word' id='word_1_197' title='bbox 1383 1709 1392 1725; x_wconf 90' lang='lat'><em>‚</em></span> <span class='ocrx_word' id='word_1_198' title='bbox 1413 1683 1481 1717; x_wconf 86' lang='lat' dir='ltr'>alii.</span> 
     </span>
    </p>

    <p class='ocr_par' dir='ltr' id='par_1_13' title="bbox 1219 1736 1896 2367">
     <span class='ocr_line' id='line_1_39' title="bbox 1275 1736 1894 1783; baseline -0.002 -12"><span class='ocrx_word' id='word_1_199' title='bbox 1275 1737 1308 1771; x_wconf 84' lang='lat'>5.</span> <span class='ocrx_word' id='word_1_200' title='bbox 1334 1737 1541 1771; x_wconf 77' lang='lat' dir='ltr'>Conclamata</span> <span class='ocrx_word' id='word_1_201' title='bbox 1561 1737 1703 1783; x_wconf 82' lang='lat' dir='ltr'>querelis.</span> <span class='ocrx_word' id='word_1_202' title='bbox 1723 1736 1894 1771; x_wconf 80' lang='lat' dir='ltr'>Clamori-</span> 
     </span>
     <span class='ocr_line' id='line_1_40' title="bbox 1219 1789 1894 1831; baseline 0 -8"><span class='ocrx_word' id='word_1_203' title='bbox 1219 1791 1284 1824; x_wconf 89' lang='lat' dir='ltr'>hus</span> <span class='ocrx_word' id='word_1_204' title='bbox 1312 1790 1511 1824; x_wconf 86' lang='lat' dir='ltr'>Promethei</span> <span class='ocrx_word' id='word_1_205' title='bbox 1539 1789 1679 1831; x_wconf 84' lang='lat' dir='ltr'>caelum,</span> <span class='ocrx_word' id='word_1_206' title='bbox 1705 1797 1739 1823; x_wconf 88' lang='lat' dir='ltr'>et</span> <span class='ocrx_word' id='word_1_207' title='bbox 1765 1797 1894 1823; x_wconf 82' lang='lat' dir='ltr'>terram</span> 
     </span>
     <span class='ocr_line' id='line_1_41' title="bbox 1221 1841 1894 1888; baseline -0.001 -11"><span class='ocrx_word' id='word_1_208' title='bbox 1221 1844 1445 1877; x_wconf 83' lang='lat' dir='ltr'>contestantis</span> <span class='ocrx_word' id='word_1_209' title='bbox 1469 1843 1626 1884; x_wconf 81' lang='lat' dir='ltr'>conscia,</span> <span class='ocrx_word' id='word_1_210' title='bbox 1647 1855 1683 1876; x_wconf 86' lang='lat' dir='ltr'>se</span> <span class='ocrx_word' id='word_1_211' title='bbox 1706 1843 1778 1888; x_wconf 85' lang='lat' dir='ltr'>pati</span> <span class='ocrx_word' id='word_1_212' title='bbox 1802 1841 1894 1876; x_wconf 83' lang='lat' dir='ltr'>indi-</span> 
     </span>
     <span class='ocr_line' id='line_1_42' title="bbox 1220 1896 1895 1942; baseline 0 -12"><span class='ocrx_word' id='word_1_213' title='bbox 1220 1896 1386 1942; x_wconf 89' lang='lat' dir='ltr'>gna.Vid.</span> <span class='ocrx_word' id='word_1_214' title='bbox 1399 1896 1554 1942; x_wconf 82' lang='lat' dir='ltr'>AEschyli</span> <span class='ocrx_word' id='word_1_215' title='bbox 1571 1896 1799 1930; x_wconf 84' lang='lat' dir='ltr'>Prometheus</span> <span class='ocrx_word' id='word_1_216' title='bbox 1808 1896 1895 1930; x_wconf 84' lang='lat' dir='ltr'>Vin-</span> 
     </span>
     <span class='ocr_line' id='line_1_43' title="bbox 1221 1949 1895 1995; baseline -0.001 -12"><span class='ocrx_word' id='word_1_217' title='bbox 1221 1958 1308 1983; x_wconf 91' lang='lat' dir='ltr'>ctus.</span> <span class='ocrx_word' id='word_1_218' title='bbox 1326 1949 1755 1995; x_wconf 65' lang='lat' dir='ltr'>Donn‘rms.--Namque</span> <span class='ocrx_word' id='word_1_219' title='bbox 1775 1949 1811 1982; x_wconf 89' lang='lat' dir='ltr'>in</span> <span class='ocrx_word' id='word_1_220' title='bbox 1833 1949 1895 1982; x_wconf 90' lang='lat' dir='ltr'>illo</span> 
     </span>
     <span class='ocr_line' id='line_1_44' title="bbox 1222 2002 1895 2049; baseline -0.001 -13"><span class='ocrx_word' id='word_1_221' title='bbox 1222 2003 1377 2049; x_wconf 69' lang='lat' dir='ltr'>AEschyli</span> <span class='ocrx_word' id='word_1_222' title='bbox 1391 2002 1546 2036; x_wconf 86' lang='lat' dir='ltr'>dramate</span> <span class='ocrx_word' id='word_1_223' title='bbox 1562 2014 1634 2048; x_wconf 91' lang='lat' dir='ltr'>quo</span> <span class='ocrx_word' id='word_1_224' title='bbox 1650 2003 1684 2036; x_wconf 89' lang='lat' dir='ltr'>in</span> <span class='ocrx_word' id='word_1_225' title='bbox 1695 2002 1818 2048; x_wconf 87' lang='lat' dir='ltr'>primis</span> <span class='ocrx_word' id='word_1_226' title='bbox 1831 2014 1895 2036; x_wconf 91' lang='lat' dir='ltr'>no-</span> 
     </span>
     <span class='ocr_line' id='line_1_45' title="bbox 1222 2056 1896 2095; baseline -0.001 -6"><span class='ocrx_word' id='word_1_227' title='bbox 1222 2065 1277 2089; x_wconf 83' lang='lat' dir='ltr'>tus</span> <span class='ocrx_word' id='word_1_228' title='bbox 1294 2056 1539 2095; x_wconf 82' lang='lat' dir='ltr'>Prometheus,</span> <span class='ocrx_word' id='word_1_229' title='bbox 1556 2068 1677 2089; x_wconf 86' lang='lat' dir='ltr'>omnes</span> <span class='ocrx_word' id='word_1_230' title='bbox 1691 2056 1761 2089; x_wconf 85' lang='lat' dir='ltr'>fere</span> <span class='ocrx_word' id='word_1_231' title='bbox 1777 2067 1896 2089; x_wconf 82' lang='lat' dir='ltr'>versus</span> 
     </span>
     <span class='ocr_line' id='line_1_46' title="bbox 1222 2109 1896 2155; baseline -0.001 -13"><span class='ocrx_word' id='word_1_232' title='bbox 1222 2109 1378 2154; x_wconf 80' lang='lat' dir='ltr'>querelas</span> <span class='ocrx_word' id='word_1_233' title='bbox 1389 2117 1422 2142; x_wconf 93' lang='lat' dir='ltr'>et</span> <span class='ocrx_word' id='word_1_234' title='bbox 1432 2109 1638 2155; x_wconf 85' lang='lat' dir='ltr'>ejulationes</span> <span class='ocrx_word' id='word_1_235' title='bbox 1647 2109 1896 2142; x_wconf 86' lang='lat' dir='ltr'>continent.—</span> 
     </span>
     <span class='ocr_line' id='line_1_47' title="bbox 1225 2160 1896 2207; baseline -0.001 -11"><span class='ocrx_word' id='word_1_236' title='bbox 1225 2162 1443 2196; x_wconf 66' lang='lat' dir='ltr'>Condamata.</span> <span class='ocrx_word' id='word_1_237' title='bbox 1458 2163 1741 2207; x_wconf 78' lang='lat' dir='ltr'>Interpretantur</span> <span class='ocrx_word' id='word_1_238' title='bbox 1753 2160 1896 2207; x_wconf 88' lang='lat' dir='ltr'>quidam</span> 
     </span>
     <span class='ocr_line' id='line_1_48' title="bbox 1223 2215 1896 2260; baseline 0.001 -13"><span class='ocrx_word' id='word_1_239' title='bbox 1223 2227 1299 2248; x_wconf 77' lang='lat' dir='ltr'>saxa</span> <span class='ocrx_word' id='word_1_240' title='bbox 1315 2227 1391 2260; x_wconf 88' lang='lat' dir='ltr'>quae</span> <span class='ocrx_word' id='word_1_241' title='bbox 1404 2215 1550 2248; x_wconf 85' lang='lat' dir='ltr'>summis</span> <span class='ocrx_word' id='word_1_242' title='bbox 1565 2215 1776 2248; x_wconf 85' lang='lat' dir='ltr'>clamoribus</span> <span class='ocrx_word' id='word_1_243' title='bbox 1793 2227 1896 2248; x_wconf 80' lang='lat' dir='ltr'>voca-</span> 
     </span>
     <span class='ocr_line' id='line_1_49' title="bbox 1223 2268 1896 2307; baseline -0.001 -6"><span class='ocrx_word' id='word_1_244' title='bbox 1223 2269 1280 2301; x_wconf 84' lang='lat' dir='ltr'>hat</span> <span class='ocrx_word' id='word_1_245' title='bbox 1301 2268 1529 2301; x_wconf 86' lang='lat' dir='ltr'>Prometheus</span> <span class='ocrx_word' id='word_1_246' title='bbox 1541 2292 1550 2307; x_wconf 88' lang='lat'>‚</span> <span class='ocrx_word' id='word_1_247' title='bbox 1569 2275 1603 2302; x_wconf 89' lang='lat' dir='ltr'>et</span> <span class='ocrx_word' id='word_1_248' title='bbox 1619 2268 1810 2301; x_wconf 83' lang='lat' dir='ltr'>testabatur</span> <span class='ocrx_word' id='word_1_249' title='bbox 1831 2268 1896 2301; x_wconf 83' lang='lat' dir='ltr'>sibi</span> 
     </span>
     <span class='ocr_line' id='line_1_50' title="bbox 1224 2320 1815 2367; baseline 0.002 -14"><span class='ocrx_word' id='word_1_250' title='bbox 1224 2320 1364 2366; x_wconf 82' lang='lat' dir='ltr'>indigna</span> <span class='ocrx_word' id='word_1_251' title='bbox 1384 2321 1553 2367; x_wconf 83' lang='lat' dir='ltr'>supplicia</span> <span class='ocrx_word' id='word_1_252' title='bbox 1572 2321 1664 2354; x_wconf 87' lang='lat' dir='ltr'>illata</span> <span class='ocrx_word' id='word_1_253' title='bbox 1682 2333 1698 2355; x_wconf 86' lang='lat' dir='ltr'>a</span> <span class='ocrx_word' id='word_1_254' title='bbox 1715 2321 1815 2354; x_wconf 89' lang='lat' dir='ltr'>Jove.</span> 
     </span>
    </p>

    <p class='ocr_par' dir='ltr' id='par_1_14' title="bbox 1223 2374 1898 2684">
     <span class='ocr_line' id='line_1_51' title="bbox 1278 2374 1896 2408; baseline -0.002 -1"><span class='ocrx_word' id='word_1_255' title='bbox 1278 2377 1312 2407; x_wconf 78' lang='grc' dir='ltr'>(ἰ.</span> <span class='ocrx_word' id='word_1_256' title='bbox 1333 2374 1435 2408; x_wconf 77' lang='lat' dir='ltr'>Senis.</span> <span class='ocrx_word' id='word_1_257' title='bbox 1454 2375 1502 2407; x_wconf 85' lang='lat' dir='ltr'>Ut</span> <span class='ocrx_word' id='word_1_258' title='bbox 1522 2374 1578 2408; x_wconf 93' lang='lat' dir='ltr'>Dii</span> <span class='ocrx_word' id='word_1_259' title='bbox 1595 2386 1719 2408; x_wconf 83' lang='lat' dir='ltr'>omnes</span> <span class='ocrx_word' id='word_1_260' title='bbox 1737 2382 1815 2408; x_wconf 79' lang='lat' dir='ltr'>ante</span> <span class='ocrx_word' id='word_1_261' title='bbox 1835 2374 1896 2406; x_wconf 84' lang='lat' dir='ltr'>Jo-</span> 
     </span>
     <span class='ocr_line' id='line_1_52' title="bbox 1224 2427 1898 2469; baseline -0.001 -9"><span class='ocrx_word' id='word_1_262' title='bbox 1224 2440 1299 2460; x_wconf 72' lang='lat' dir='ltr'>vem</span> <span class='ocrx_word' id='word_1_263' title='bbox 1316 2453 1326 2467; x_wconf 92' lang='lat'>‚</span> <span class='ocrx_word' id='word_1_264' title='bbox 1347 2427 1515 2461; x_wconf 79' lang='lat' dir='ltr'>Saturnus</span> <span class='ocrx_word' id='word_1_265' title='bbox 1526 2453 1535 2469; x_wconf 88' lang='lat'>,</span> <span class='ocrx_word' id='word_1_266' title='bbox 1559 2427 1689 2461; x_wconf 79' lang='lat' dir='ltr'>Caelum</span> <span class='ocrx_word' id='word_1_267' title='bbox 1705 2452 1715 2469; x_wconf 88' lang='lat'><strong>‚</strong></span> <span class='ocrx_word' id='word_1_268' title='bbox 1734 2427 1877 2461; x_wconf 83' lang='lat' dir='ltr'>Titanes</span> <span class='ocrx_word' id='word_1_269' title='bbox 1888 2452 1898 2465; x_wconf 87' lang='lat'>.‚</span> 
     </span>
     <span class='ocr_line' id='line_1_53' title="bbox 1224 2479 1898 2524; baseline -0.003 -10"><span class='ocrx_word' id='word_1_270' title='bbox 1224 2489 1290 2514; x_wconf 87' lang='lat' dir='ltr'>etc.</span> <span class='ocrx_word' id='word_1_271' title='bbox 1313 2502 1366 2507; x_wconf 92' lang='lat'>—</span> <span class='ocrx_word' id='word_1_272' title='bbox 1395 2481 1517 2513; x_wconf 80' lang='lat' dir='ltr'>Durior</span> <span class='ocrx_word' id='word_1_273' title='bbox 1541 2481 1594 2513; x_wconf 81' lang='lat' dir='ltr'>ille</span> <span class='ocrx_word' id='word_1_274' title='bbox 1604 2482 1684 2524; x_wconf 80' lang='lat' dir='ltr'>suit.</span> <span class='ocrx_word' id='word_1_275' title='bbox 1707 2479 1898 2520; x_wconf 81' lang='lat' dir='ltr'>Cautibus,</span> 
     </span>
     <span class='ocr_line' id='line_1_54' title="bbox 1224 2533 1898 2580; baseline -0.003 -13"><span class='ocrx_word' id='word_1_276' title='bbox 1224 2534 1357 2580; x_wconf 79' lang='lat' dir='ltr'>quippe</span> <span class='ocrx_word' id='word_1_277' title='bbox 1383 2534 1441 2579; x_wconf 82' lang='lat' dir='ltr'>qui</span> <span class='ocrx_word' id='word_1_278' title='bbox 1461 2542 1511 2568; x_wconf 83' lang='lat' dir='ltr'>tot</span> <span class='ocrx_word' id='word_1_279' title='bbox 1533 2542 1566 2567; x_wconf 83' lang='lat' dir='ltr'>et</span> <span class='ocrx_word' id='word_1_280' title='bbox 1596 2542 1709 2567; x_wconf 87' lang='lat' dir='ltr'>tantos</span> <span class='ocrx_word' id='word_1_281' title='bbox 1726 2533 1898 2566; x_wconf 82' lang='lat' dir='ltr'>cruciatus</span> 
     </span>
     <span class='ocr_line' id='line_1_55' title="bbox 1224 2585 1898 2633; baseline -0.003 -13"><span class='ocrx_word' id='word_1_282' title='bbox 1224 2595 1291 2620; x_wconf 87' lang='lat' dir='ltr'>tam</span> <span class='ocrx_word' id='word_1_283' title='bbox 1311 2585 1373 2619; x_wconf 82' lang='lat' dir='ltr'>diu</span> <span class='ocrx_word' id='word_1_284' title='bbox 1392 2587 1482 2620; x_wconf 75' lang='lat' dir='ltr'>serre.</span> <span class='ocrx_word' id='word_1_285' title='bbox 1499 2587 1791 2633; x_wconf 79' lang='lat' dir='ltr'>potuerit.-Ille.</span> <span class='ocrx_word' id='word_1_286' title='bbox 1810 2585 1898 2627; x_wconf 88' lang='lat' dir='ltr'>Qui-</span> 
     </span>
     <span class='ocr_line' id='line_1_56' title="bbox 1223 2639 1398 2684; baseline 0 -12"><span class='ocrx_word' id='word_1_287' title='bbox 1223 2639 1302 2673; x_wconf 76' lang='lat' dir='ltr'>dam</span> <span class='ocrx_word' id='word_1_288' title='bbox 1326 2642 1398 2684; x_wconf 73' lang='lat' dir='ltr'>ipse.</span> 
     </span>
    </p>
   </div>
  </div>
 </body>
</html>
