1978 3305
492 234 587 291 546

860 235 920 277 M.
946 234 1086 275 VAL.
1130 232 1511 276 MARTIALIS

558 322 640 368 Sed
671 338 751 365 nec
784 320 1025 365 caussidico
1057 320 1192 380 possis
1224 319 1400 380 impune
1424 335 1605 380 negare,

627 395 717 435 Nec
744 392 776 434 si
805 401 847 435 te
870 391 1045 443 rhetor,
1073 391 1437 450 grammaticusve
1462 400 1641 451 rogent:

557 461 710 506 Balnea
737 471 836 522 post
860 461 1073 505 decimam
1100 459 1235 515 lasso,
1266 469 1528 521 centumque
1559 470 1768 522 petuntur

627 531 917 589 Quadrantes.
945 531 1037 574 Fiet
1058 530 1251 590 quando,
1278 531 1441 586 Potite,
1464 529 1602 574 liber?

487 662 594 700 tergo,
607 651 758 686 necdum
770 651 890 685 finitus
903 651 1043 684 Orestes
1056 651 1160 684 lnEn.

542 720 555 740 1
569 719 582 740 1
592 732 599 739 .
610 706 677 739 Nec
691 704 876 738 caussidico.
893 702 1105 745 Caussiffici,
1123 712 1163 736 ut

484 767 518 792 et
541 759 698 792 rhetores
722 766 757 791 et
778 757 1016 803 grammatici,
1038 756 1161 790 recita-

484 813 577 845 bant.
602 811 752 852 Plinius,
773 810 835 844 lib.
855 811 902 852 V,
921 810 1021 856 epist.
1047 809 1079 843 3.

542 877 555 897 1
565 865 598 898 3.
607 863 944 909 Balneapost.Quum
952 872 1066 896 tamen
1074 862 1158 896 liora

483 926 603 951 octava
621 925 679 950 aut
697 929 788 950 nona
804 917 917 949 lavare
931 917 1082 949 solerent
1094 916 1162 948 Ro-

1221 651 1313 683 mani
1327 666 1334 690 3
1351 649 1412 684 sed
1424 650 1592 684 Martialis
1606 652 1755 697 negotiis
1767 660 1800 685 et
1815 653 1894 686 offi-

1221 703 1282 737 ciis
1301 703 1444 737 urbanis
1466 703 1655 750 impeditus
1671 717 1742 738 non
1762 705 1895 739 lavabat

1220 756 1286 790 nisi
1305 756 1440 790 decima
1452 782 1462 798 ,
1481 769 1548 802 qua
1567 765 1602 790 et
1618 757 1813 802 sportulam
1835 771 1894 804 pe-

1219 811 1324 843 tehat.
1338 809 1421 844 Vid.
1443 810 1504 844 lib.
1525 811 1563 851 Ι,
1582 811 1691 856 epigr.
1718 823 1778 852 Lx,
1803 823 1893 857 quo:

1225 881 1238 891 «ι
1255 864 1324 897 Dat
1337 863 1463 896 Baiana
1474 863 1560 896 mihi
1572 863 1786 909 quadrantes
1802 877 1896 910 spor-

1222 915 1292 949 tula
1311 923 1464 949 centum.
1484 935 1495 945 ιι

1061 1050 1310 1106 LXXI.

996 1189 1057 1217 DE
1099 1189 1339 1217 RABlRIO.
1749 1210 1758 1225 ,

1363 1168 1380 1185 4

553 1304 781 1358 Qmsts
813 1298 908 1342 laeta
934 1299 1018 1341 tuis
1044 1307 1088 1341 et
1117 1314 1212 1343 sera
1241 1298 1494 1359 parentibus
1525 1308 1650 1360 optas

622 1374 725 1415 Fata
743 1406 754 1426 ‚
784 1371 958 1414 brevem
992 1367 1164 1412 titulum
1196 1370 1426 1412 marmoris
1449 1369 1579 1429 hujus
1609 1385 1717 1413 ama.

554 1442 761 1486 Condidit
785 1441 867 1484 hac
894 1455 1016 1483 caras
1041 1438 1194 1483 tellure
1220 1440 1425 1483 Rabirius
1450 1439 1655 1483 umbras:

622 1512 738 1556 Nulli
764 1521 879 1556 sorte
901 1510 1049 1570 jacent
1074 1509 1325 1554 candidiore
1355 1526 1492 1554 senes.

552 1583 623 1628 Bis
647 1600 721 1628 sex
743 1581 879 1627 lustra
901 1582 985 1625 tori
1007 1597 1093 1624 nox
1117 1582 1232 1625 mitis
1256 1591 1298 1624 et
1321 1580 1473 1625 ultima
1498 1580 1624 1625 clusit
1639 1617 1650 1634 ,

626 1657 836 1699 Arserunt
861 1669 962 1696 uno.
979 1652 1131 1696 funera
1157 1652 1259 1695 bina
1282 1669 1402 1713 rogo.

554 1727 644 1769 Hos
671 1735 815 1768 tamen
849 1732 895 1766 ut
925 1723 1076 1784 primis
1105 1733 1252 1784 raptos
1283 1723 1361 1767 sibi
1387 1724 1542 1784 quaerit
1566 1724 1610 1766 in
1632 1723 1781 1766 annis:

622 1795 870 1856 Improbius
896 1794 1002 1837 nihil
1028 1794 1093 1837 his
1120 1794 1293 1837 fletibus
1319 1810 1410 1838 esse
1436 1803 1592 1854 potest.

535 1927 548 1941 '¹
578 1929 738 1965 Rabirius
765 1929 823 1961 hic
851 1928 1058 1962 architectus
1085 1936 1157 1960 erat

484 1982 690 2019 Domitiani,
705 1981 748 2015 de
762 1994 832 2027 quo
843 1982 912 2026 jam
928 1980 988 2014 lib.
999 1982 1086 2019 Vll,
1101 1993 1156 2027 ep.

482 2050 554 2071 rvr.
579 2037 642 2070 Hic
665 2043 852 2082 parentum
874 2035 947 2080 ejus
973 2034 1078 2067 funus
1097 2033 1158 2067 de·

482 2091 624 2132 scribit,
650 2097 684 2122 et
710 2088 842 2121 Rabirii
868 2099 926 2120 seu
952 2098 1072 2127 veras,
1099 2099 1158 2119 seu

485 2145 580 2177 {ictas
602 2143 783 2189 lacrymas.

492 2222 494 2225 .
540 2209 570 2230 1.
591 2196 762 2242 Quisquis,
781 2202 844 2227 etc.
863 2193 967 2226 Poeta
987 2192 1155 2226 viatorem

481 2249 671 2295 alloquitur
691 2261 699 2281 :
721 2246 889 2291 Quisquis
908 2253 1022 2292 optas,
1045 2254 1083 2279 ut
1105 2247 1155 2281 tui

481 2311 639 2349 parentes
674 2300 737 2335 diu
769 2301 908 2339 vivant,
944 2307 978 2332 et
1009 2299 1157 2333 feliciter

480 2355 573 2389 diem
604 2367 706 2388 suum
741 2353 890 2393 obeant,
924 2360 963 2386 ut
997 2361 1155 2398 parentes

479 2410 585 2454 hujus
602 2407 754 2447 Rabirii,
766 2414 816 2439 sta
834 2414 867 2439 et
879 2405 956 2450 lege
967 2405 1033 2439 hoc
1045 2406 1154 2451 epita-

477 2462 614 2506 phium.
636 2460 882 2504 «Quamquam
902 2458 1061 2497 fesfinas,
1082 2472 1151 2491 non

477 2523 527 2547 est
547 2526 643 2547 mora
661 2514 760 2558 longa
774 2524 783 2554 ;
795 2511 915 2546 licebit
937 2511 1079 2545 Per-lecto
1099 2512 1155 2545 tihi

477 2570 613 2600 carmine
626 2579 753 2600 curras.
773 2583 785 2595 ω
805 2565 956 2598 liuderus.

533 2621 562 2653 3.
589 2620 745 2652 Rabirius.
770 2617 852 2651 Vid.
882 2625 955 2650 not.
989 2618 1148 2662 primam.

481 2694 524 2700 --
543 2672 685 2705 Umbrae.
703 2672 894 2716 Utriusque
912 2672 1065 2715 parentis
1084 2672 1146 2704 sui.

1276 1931 1309 1967 4.
1331 1927 1524 1961 Candidior-e
1543 1940 1638 1960 senes.
1661 1928 1687 1960 F
1691 1927 1841 1961 eliciore.

1275 1982 1308 2014 5.
1334 1981 1394 2014 Bis
1413 1994 1468 2014 sex
1489 1982 1597 2014 lustra.
1622 1981 1807 2026 Sexaginta
1828 1981 1896 2014 sci-

1219 2034 1298 2067 licet
1321 2035 1392 2080 jam
1418 2035 1500 2067 anni
1529 2034 1736 2068 effluxerant
1762 2046 1802 2067 ex
1829 2034 1897 2068 hoc

1219 2099 1291 2132 quo
1314 2087 1454 2132 nuptias
1481 2087 1742 2120 celebraverant
1770 2087 1896 2120 felicis-

1219 2140 1297 2172 simi
1319 2151 1426 2173 senes.

1272 2195 1304 2226 (3.
1332 2193 1459 2226 Funera
1488 2193 1572 2226 hina.
1599 2193 1701 2226 Pater
1725 2201 1757 2226 ct
1785 2202 1897 2227 mater

1216 2244 1336 2279 eadem
1356 2254 1458 2280 nocte
1478 2247 1626 2287 mortui,
1644 2254 1678 2280 et
1697 2246 1800 2279 simul
1820 2258 1894 2280 cre·

1217 2299 1299 2332 mati
1325 2307 1418 2333 sunt.

1271 2354 1303 2387 8.
1326 2353 1498 2398 Improltius
1520 2352 1609 2384 m'ln'l.
1632 2352 1751 2393 Quum
1769 2350 1893 2385 defleat

1215 2414 1375 2450 parentes
1396 2405 1500 2451 longa
1528 2405 1691 2451 felicique
1719 2405 1788 2438 vita
1815 2405 1893 2437 fun-

1214 2466 1300 2492 ctos.
1322 2459 1463 2492 Incusat
1480 2471 1606 2504 nempe
1625 2458 1718 2491 Deos
1739 2457 1892 2491 difficili<

1213 2511 1324 2552 filius,
1345 2524 1457 2557 neque
1477 2512 1584 2545 ullam
1605 2511 1669 2544 nisi
1690 2511 1768 2557 plus
1787 2523 1891 2557 quam

1212 2565 1422 2605 humanam,
1447 2565 1513 2598 nisi
1547 2564 1777 2597 immortalem
1814 2564 1892 2596 vita-

1212 2617 1469 2664 longitudinem
1491 2617 1693 2663 parentibus
1718 2617 1798 2650 sniis
1817 2629 1891 2650 esse

1210 2670 1330 2704 credit.
