1978 3305
470 208 565 254 568

839 210 902 251 Μ.
931 210 1069 251 VAL.
1109 210 1158 251 M
1173 209 1499 254 ARTIALIS

607 297 687 339 Hic
714 296 859 350 focus,
890 297 1052 355 ingenti
1082 295 1244 338 lumine
1274 295 1389 339 lueet
1417 296 1487 339 ibi.

538 367 618 409 Hic
644 367 832 426 pretiosa
858 365 1014 419 fames,
1041 365 1412 426 conturbatorque
1439 366 1662 421 macellus,

606 437 757 479 Mensa
779 437 837 478 ibi
859 435 1014 479 divitiis
1037 436 1148 479 ruris
1173 445 1325 496 operta
1348 437 1424 479 sui.

536 509 737 562 Quatuor
759 506 829 550 hic
849 515 992 549 aestate
1019 516 1152 566 togae,
1177 505 1377 566 pluresve
1399 516 1626 561 teruntur3

610 577 837 620 Autumnis
858 576 914 619 ibi
936 593 1005 619 me
1027 586 1215 636 quatuor
1237 592 1322 620 una
1348 578 1464 637 tegit.

538 649 580 699 l,
607 646 701 690 cole
723 663 840 690 nunc
867 663 989 708 reges
1011 664 1019 689 :
1041 647 1251 707 quidquid
1280 665 1367 691 non
1395 656 1570 707 praestat
1595 649 1781 699 amicus,

609 718 758 774 Quum
790 727 995 778 praestare
1022 717 1097 760 tibi
1125 720 1290 779 possit,
1314 719 1459 770 Avite,
1490 717 1621 761 locus.

468 869 590 902 supra,
612 857 745 890 cultura
767 857 935 889 nimirum
957 865 989 889 et
1011 865 1138 889 sterco-

466 910 601 943 ratione
631 917 823 956 pascuntur
857 909 928 955 agri
946 921 953 942 ι
969 910 1035 942 hoc
1071 908 1119 942 est
1133 936 1141 950 ,

467 963 624 996 Romana
647 975 726 996 rura
752 962 880 996 sterilia
896 971 976 996 sunt
996 963 1140 1008 platanis

471 1023 609 1049 tantum
639 1024 672 1049 et
702 1015 808 1049 lauris
831 1015 973 1048 consita.
994 1037 1044 1042 —
1063 1016 1141 1060 Igne

470 1069 621 1112 maligno.
657 1069 747 1110 Quia
784 1069 902 1101 Romae
939 1068 1143 1102 emebantur

470 1121 584 1166 ligna,
603 1129 638 1154 et
657 1133 724 1155 aere
741 1122 864 1154 multo.

525 1187 558 1217 9.
571 1174 836 1216 Pretiosafames.
855 1174 921 1208 Cui
932 1186 1058 1218 nempe
1073 1186 1143 1207 non

469 1227 674 1266 satisfacias,
697 1228 765 1260 nisi
787 1227 972 1272 multiplici
996 1227 1144 1269 pecunia

471 1288 505 1312 et
518 1280 668 1313 maximo
682 1280 862 1325 preti0.—
873 1279 1145 1325 Conturbaturque

472 1332 553 1366 edd.
574 1341 655 1367 vett.
675 1333 771 1366 Alios
784 1333 898 1378 legere
913 1333 1144 1365 comm-butris-

471 1399 529 1432 que
543 1386 666 1418 mucelli
673 1386 799 1427 BIensa,
815 1386 1015 1419 ibimonent
1028 1386 1145 1427 multi;

473 1437 509 1471 id
528 1439 632 1473 habet
649 1437 758 1472 codex
777 1439 963 1472 Pulmanni
974 1465 982 1480 ‚
997 1439 1056 1484 qui
1073 1451 1147 1484 ger-

473 1504 606 1525 manam
620 1493 882 1526 esselectionem
896 1491 1147 1537 recipiendam-

473 1557 541 1590 que
561 1554 687 1579 censet.
709 1545 841 1578 sslacellt'
860 1553 910 1579 est
941 1553 974 1578 et
1002 1546 1036 1577 in
1065 1543 1143 1579 eod.

472 1598 605 1631 Beverl.
617 1619 668 1624 --
688 1598 959 1644 Conturbatorque
988 1599 1143 1630 macellus.

473 1651 544 1684 Ubi
560 1650 766 1685 venduntur
781 1652 896 1685 omnia
910 1652 1073 1685 ciborum
1087 1664 1146 1696 ge-

473 1716 553 1737 nera
572 1716 647 1749 quae
660 1704 702 1738 ad
717 1705 845 1738 victum
856 1704 1045 1738 necessaria
1056 1714 1147 1739 sunt.

1202 857 1415 890 Conturbator
1444 871 1485 891 eo
1514 870 1616 891 sensu
1646 856 1774 891 dicitur
1803 871 1876 904 quo

1199 922 1283 955 aper
1300 911 1437 944 lib.VIl
1448 912 1576 956 ,epigr.
1593 922 1708 951 xxvn3
1725 910 1792 945 hoe
1803 919 1874 945 est:

1202 971 1298 996 tanto
1318 963 1431 1008 pretio
1457 975 1513 996 res
1535 963 1577 997 ad
1601 964 1734 997 victum
1758 976 1877 998 neces-

1203 1016 1300 1048 sariae
1316 1017 1434 1049 Romae
1450 1025 1633 1058 emuntur,
1647 1024 1687 1050 ut
1703 1016 1802 1050 facile
1821 1016 1878 1050 de-

1204 1076 1379 1114 coquatur
1398 1069 1648 1114 patrimonium
1660 1095 1669 1110 ,
1692 1070 1878 1114 perturbe-

1205 1130 1261 1154 tur
1274 1134 1327 1155 res
1346 1121 1534 1155 familiari&

1263 1187 1275 1207 1
1288 1187 1320 1208 2.
1343 1177 1513 1208 Autumnis
1538 1183 1684 1221 quatuor.
1710 1174 1786 1208 Hoc
1804 1183 1855 1207 est
1870 1202 1878 1216 ,

1206 1236 1356 1270 quatuor
1376 1240 1488 1261 annis.

1264 1279 1320 1313 13.
1346 1282 1456 1325 Reges.
1490 1281 1622 1325 Regum
1651 1280 1794 1313 nomine
1819 1293 1879 1314 sae-

1204 1334 1282 1378 pius
1296 1335 1464 1367 vocabant
1474 1341 1638 1379 patronos
1650 1360 1658 1374 ,
1674 1332 1786 1366 deleta
1801 1345 1870 1378 prae

1205 1387 1324 1419 sertim
1339 1387 1529 1432 republica.
1545 1387 1671 1419 Juven.
1687 1385 1807 1427 Sat.V‚
1824 1398 1836 1418 1
1848 1391 1880 1426 4.

1213 1457 1225 1468 u
1242 1439 1395 1484 Imputat
1412 1440 1477 1473 hoc
1491 1452 1568 1481 rex,
1583 1439 1627 1472 Et
1646 1440 1804 1483 quamvis
1827 1451 1881 1472 ra-

1208 1505 1287 1525 rum
1308 1500 1423 1526 tamen
1445 1494 1604 1538 imputat.
1625 1509 1637 1521 »-
1654 1492 1698 1524 Εῑ
1717 1492 1790 1538 ipse
1810 1491 1883 1524 No-

1206 1553 1276 1578 ster
1305 1556 1313 1578 :
1351 1563 1364 1574 «
1389 1546 1542 1591 Aspicias
1577 1545 1695 1590 regina
1735 1557 1829 1579 meos
1855 1545 1882 1578 si

1206 1598 1302 1631 Polla
1316 1598 1463 1632 libellos.
1479 1618 1491 1628 ›·
1513 1599 1580 1631 En.
1592 1599 1781 1631 ——Amicus
1792 1624 1800 1637 ‚
1824 1610 1883 1643 pa-

1210 1659 1331 1685 tronus
1351 1652 1476 1685 cultus.

1268 1708 1319 1745 ¹4-
1344 1706 1454 1738 Locus.
1475 1704 1516 1738 Id
1539 1713 1606 1744 est,
1630 1704 1752 1750 patria.

1052 1849 1308 1906 XCVII.

1033 2003 1092 2029 nr,
1135 1984 1328 2031 NUMA.'

546 2131 663 2173 DUM
689 2128 794 2172 levis
817 2144 967 2172 arsura
989 2129 1169 2171 struitur
1190 2127 1379 2172 Libitina
1401 2143 1589 2188 papyro,

532 2269 544 2279 ¹
558 2268 663 2302 Suam
676 2268 912 2301 infelicitatem
927 2266 1022 2300 dolet
1039 2275 1073 2299 et
1084 2267 1153 2300 Nu-

479 2335 542 2355 mae
559 2322 703 2354 salutem
717 2346 726 2362 ‚
741 2319 839 2366 quod
862 2320 1012 2365 scriptus
1029 2320 1153 2359 haeres,

478 2376 564 2409 hero
583 2375 813 2408 revalescente
832 2373 1049 2419 proscriptus
1070 2373 1126 2406 sit.

538 2440 566 2461 1.
587 2428 736 2460 Libitina.
753 2428 822 2460 Dea
837 2426 999 2460 funerum
1014 2439 1151 2471 praeses,

478 2482 537 2514 lib.
550 2481 657 2522 VIII,
677 2481 786 2526 epigr.
801 2491 892 2513 xant
909 2492 917 2521 ;
933 2479 988 2512 hic
1004 2479 1152 2512 sumitur

480 2547 543 2579 pro
571 2534 612 2567 iis
640 2546 717 2580 quae
748 2533 790 2567 ad
822 2531 1016 2566 curandum
1048 2533 1151 2565 sunus

478 2587 655 2632 pertinent
672 2599 678 2619 :
695 2587 759 2620 hoc
779 2595 849 2627 est,
869 2585 951 2619 dum
969 2598 1073 2631 rogus
1090 2599 1150 2631 pa-

479 2648 598 2679 ratur,
620 2644 652 2672 in
679 2652 751 2684 quo
779 2647 904 2684 praeter
935 2637 1031 2673 arida
1059 2639 1149 2683 ligna

1215 2279 1371 2312 papyrus
1393 2279 1533 2312 quoque
1554 2268 1765 2312 ponebatur,
1787 2275 1827 2300 ut
1845 2268 1891 2299 fa-

1214 2320 1313 2353 cilius
1324 2329 1539 2353 cremaretur
1549 2332 1700 2365 corpus;
1715 2319 1778 2353 lib.
1788 2319 1892 2360 VIII,

1214 2373 1305 2419 epig.
1316 2385 1412 2415 xriv,
1429 2386 1441 2407 1
1453 2377 1484 2413 4.
1499 2389 1512 2402 ιι
1526 2373 1648 2406 Fartus
1660 2385 1792 2419 papyro
1803 2371 1889 2406 dum

1216 2426 1278 2459 tibi
1310 2435 1408 2459 torus
1435 2427 1569 2460 crescit.
1589 2443 1602 2455 u
1620 2427 1710 2459 Levis
1731 2424 1888 2459 dicitur:

1212 2488 1363 2513 structus
1376 2479 1469 2513 enim
1483 2491 1618 2525 papyro
1633 2491 1737 2524 rogus
1750 2477 1891 2512 videtur

1212 2545 1284 2566 esse
1308 2533 1410 2573 levis;
1434 2533 1487 2565 vel
1514 2533 1604 2565 forte
1626 2532 1747 2565 melius
1767 2532 1891 2565 incon-

1212 2594 1363 2619 stantem
1394 2585 1586 2620 Libitinam
1613 2586 1669 2618 hie
1698 2584 1869 2630 intelligas
1881 2609 1889 2624 ‚

1212 2651 1288 2684 quae
1307 2639 1502 2684 pepercerit
1527 2639 1658 2672 Numae.
