1978 3305
471 233 566 295 578

854 227 914 270 M.
938 225 1079 269 VAL.
1118 226 1512 270 MARTIALIS

681 319 748 360 De
778 316 944 374 Scorpo
971 311 1154 370 fuerint,
1183 323 1226 357 et
1246 314 1450 358 Incitato.

468 436 557 471 bella
572 435 628 468 illa
639 440 737 468 aetate
746 443 819 464 non
830 442 895 476 pro
908 429 990 463 ficto
1003 436 1038 462 et
1048 441 1146 462 com-

467 489 583 536 posito
612 486 656 520 ad
681 484 867 519 arbitrium
897 493 1080 523 sermone,
1108 490 1147 515 ut

468 541 590 588 priscis
605 537 802 573 Latinitatis
824 535 1064 581 temporibus;
1082 534 1144 569 sed

467 607 532 640 pro
557 603 721 627 sermone
743 589 924 636 quolibet,
938 588 993 621 vel
1021 600 1142 622 narra-

467 648 563 681 tione
575 673 584 688 ,
603 658 664 680 seu
683 644 780 686 ficta,
810 654 871 676 seu
892 654 991 684 vera,
1008 652 1085 686 quae
1105 641 1141 674 in

467 713 528 735 ore
542 698 666 746 populi
677 697 892 735 versabatur,
904 702 1071 740 usurpata
1081 702 1142 727 est.

466 754 603 787 Salmas.
623 772 675 779 -—
693 750 830 795 Scorpus
866 757 984 782 autem
1016 746 1144 781 nobilis

1207 429 1354 474 agitator
1368 429 1453 472 fuit3
1473 437 1508 463 et
1526 430 1681 464 Incitatus
1693 443 1805 477 equus
1820 446 1883 466 no·

1207 482 1398 516 bilis-simus
1414 491 1449 517 et
1464 482 1703 518 velocissimus
1713 510 1723 526 ‚
1745 484 1885 519 Circen-

1207 535 1304 569 sibus
1325 535 1511 570 curriculis
1537 543 1572 570 et
1592 536 1792 582 palmarum
1815 539 1884 573 fre·

1203 588 1346 634 quentia
1372 589 1678 633 celebratissimus.
1697 589 1783 624 Vid.
1800 591 1884 625 Sue-

1204 649 1276 675 ton.
1295 641 1333 675 in
1348 641 1526 688 Caligula,
1545 654 1623 689 cap.
1641 642 1687 684 54
1701 644 1882 685 ;Turneb.

1203 693 1351 728 Advers.
1379 694 1442 728 lib.
1459 695 1567 735 VIII,
1591 708 1667 742 cap.
1695 701 1738 738 4;
1767 705 1801 731 et
1822 697 1882 731 lib.

1206 747 1332 781 XVIII
1347 773 1356 789 ‚
1375 760 1451 794 cap.
1475 748 1531 781 30.

1123 877 1205 932 ΙΙ.

962 1016 1032 1044 ΑΙ)
1079 1015 1385 1045 LECTORES.

534 1115 704 1158 TmsTE
736 1107 1045 1171 supercilium,
1071 1107 1259 1168 durique
1293 1123 1444 1153 severa
1475 1109 1656 1153 Catonis

605 1185 765 1235 Frons,
791 1190 835 1224 et
860 1180 1045 1224 aratoris
1068 1177 1157 1223 filia
1177 1178 1392 1235 Fabricii,

536 1256 589 1298 Et
620 1252 842 1315 personati
875 1250 1036 1305 fastus,
1062 1259 1106 1294 et
1127 1248 1278 1311 regula
1303 1266 1502 1306 morum,

604 1321 830 1384 Quidquid
857 1331 900 1366 et
926 1322 972 1365 in
999 1321 1190 1365 tenebris
1214 1337 1303 1365 non
1331 1337 1508 1378 sumus,
1530 1322 1588 1365 ite
1615 1321 1744 1366 foras.

533 1394 740 1440 Clamant
765 1409 866 1437 ecce
891 1393 999 1448 mei,
1022 1394 1072 1436 Io
1096 1391 1342 1436 Saturnalia
1358 1427 1370 1447 ,
1392 1408 1566 1437 versus:

605 1468 664 1510 Et
692 1464 816 1521 licet3
841 1473 885 1507 et
906 1464 988 1508 sub
1016 1472 1058 1507 te
1086 1462 1295 1524 praeside,
1322 1463 1497 1519 Nerva,
1523 1462 1639 1507 libet.

536 1540 745 1582 Lectores
771 1535 939 1590 tetrici,
965 1532 1236 1578 salebrosum
1262 1533 1439 1578 ediscite
1469 1535 1728 1590 Sanctram3

604 1606 679 1653 Nil
702 1606 810 1651 mihi
832 1605 1061 1650 vobiscum
1082 1614 1148 1649 est
1168 1621 1181 1647 .·
1208 1604 1287 1648 iste
1314 1603 1424 1648 liber
1446 1621 1568 1649 meus
1590 1615 1667 1650 est.

520 1725 553 1746 1.
581 1712 684 1745 Triste
712 1710 933 1756 supercilium,
962 1716 1029 1742 etc.
1055 1709 1142 1742 Pro-

463 1766 545 1808 cul,
567 1778 588 1799 o
607 1765 734 1811 procul
756 1772 843 1804 este,
869 1760 1026 1796 facessite
1040 1761 1142 1803 hinc,

463 1826 640 1865 quotquot
660 1816 788 1851 adestis
809 1815 917 1850 tristis
939 1823 1042 1861 atque
1062 1827 1143 1849 cen-

464 1872 548 1906 sorii
574 1870 774 1918 supercilii,
806 1869 921 1915 gravis
943 1869 1145 1915 tetricaeque

466 1925 593 1959 frontis
614 1933 649 1958 et
667 1923 853 1969 compositi
871 1923 998 1956 vultus.

522 1992 557 2012 2.
583 1978 671 2012 Filia
687 1976 841 2010 Fabricii.
858 1973 993 2009 Pudica
1008 1983 1042 2009 et
1055 1974 1145 2009 dura

464 2045 483 2065 a
505 2039 603 2078 patre
622 2030 726 2065 duro.
742 2051 793 2056 ——
810 2029 962 2064 Aratoris
973 2027 1063 2073 filiu.
1082 2028 1145 2061 Pa-

464 2085 527 2119 tris
546 2083 741 2131 gravissimi
762 2095 878 2116 mores
896 2081 1062 2116 referens.

520 2139 554 2173 3.
570 2138 739 2171 personati
750 2137 870 2179 fastus.
882 2135 994 2168 Larva
1006 2133 1141 2174 induti,

466 2192 549 2226 fuco
572 2189 793 2225 dissimulati.
808 2209 859 2215 —-
876 2189 925 2222 Et
945 2188 1056 2233 regula
1077 2200 1142 2220 mo-

465 2257 554 2284 1·um;
576 2255 736 2278 censura.
998 2249 1002 2254 '

520 2303 554 2339 4.
572 2296 757 2344 Quidquid,
775 2303 842 2329 etc.
857 2294 1005 2329 Castitas
1017 2302 1051 2328 et
1066 2294 1143 2327 luce

464 2351 621 2397 gaudens
650 2349 831 2396 pudicitia.
863 2348 943 2383 Nox
963 2347 1059 2381 enim
1079 2360 1144 2394 pu-

463 2404 550 2438 dore
566 2412 677 2438 vacat.
694 2401 802 2437 Ovid.
818 2402 879 2436 lib.
897 2403 913 2435 I
925 2427 934 2443 ‚
952 2402 1143 2441 Amorum,

463 2458 549 2504 eleg.
575 2469 624 2491 VI.

518 2511 550 2544 5.
573 2511 668 2544 Bona
693 2509 765 2544 Sat.
788 2508 844 2543 ed.
870 2508 970 2542 Barb.
988 2529 1041 2535 —
1061 2506 1141 2541 Cla-

461 2573 548 2596 mant
582 2560 650 2596 e'cce
680 2565 751 2596 mei.
785 2562 1022 2597 Saturnalium
1052 2570 1139 2595 tem·

459 2629 560 2661 pore.
585 2628 708 2662 magna
731 2625 804 2650 erat
823 2616 975 2650 licentia.
997 2615 1137 2649 Macro-

461 2670 558 2708 bius,
576 2669 718 2704 Saturn.
737 2669 798 2702 lib.
820 2670 856 2708 Ι,
876 2682 954 2714 cap.
980 2682 1030 2702 ιο.

1259 1709 1294 1741 6.
1307 1708 1414 1742 Nerva
1429 1735 1438 1749 ‚
1461 1708 1538 1741 libet
1558 1707 1770 1744 Bodleianus
1781 1733 1791 1749 ‚
1816 1708 1888 1743 duo

1205 1760 1369 1803 Gruteri,
1392 1761 1582 1796 Pulmanni
1609 1761 1691 1796 edd.
1717 1770 1751 1796 et
1771 1763 1887 1797 Maitt.

1205 1814 1306 1848 Bai-b.
1329 1813 1426 1860 quod
1444 1816 1637 1860 genuinam
1651 1828 1724 1850 esse
1737 1817 1890 1862 scriptu-

1205 1880 1281 1901 ram
1304 1876 1421 1903 censet
1449 1869 1677 1903 Pulmannus.
1698 1889 1750 1895 —
1770 1869 1837 1903 Sub
1860 1878 1889 1902 te

1201 1921 1458 1966 praeside.Tunc
1474 1922 1569 1956 enim
1585 1934 1708 1968 magna
1726 1922 1888 1956 libertate

1206 1974 1414 2009 fruebantur
1435 1975 1597 2009 Romani.

1260 2040 1279 2072 7
1294 2053 1302 2069 ‚
1322 2029 1357 2061 8.
1378 2029 1640 2062 Lectores...Nil.
1659 2027 1733 2063 Hos
1754 2041 1820 2063 vss.
1838 2029 1887 2063 fa-

1205 2079 1305 2114 ciunt
1327 2079 1409 2115 edd.
1431 2090 1514 2116 vett.
1536 2081 1666 2127 Delph.
1687 2081 1835 2116 Farnab.
1855 2090 1888 2116 et

1204 2133 1317 2167 Maitt.
1331 2142 1371 2167 ut
1384 2134 1557 2180 incipiant
1570 2143 1604 2168 et
1618 2135 1805 2170 terminent
1822 2143 1890 2169 ter-

1204 2186 1293 2220 tium
1306 2187 1531 2233 Epigramma
1543 2214 1552 2229 ,
1567 2200 1647 2222 cum
1661 2186 1786 2222 eodem
1804 2188 1886 2222 titu-

1202 2240 1237 2274 lo
1265 2240 1327 2286 qui
1360 2249 1506 2275 coronat
1530 2240 1739 2279 secundum.
1765 2241 1886 2275 «Con-

1204 2293 1319 2339 jungit
1352 2293 1420 2328 hoc
1458 2293 1635 2329 distichon
1672 2294 1887 2340 praecedenti

1205 2347 1318 2392 epigr.
1336 2359 1377 2381 ex
1397 2348 1606 2382 auctoritate
1620 2347 1720 2382 MSS.
1736 2348 1776 2381 P.
1793 2348 1887 2382 Scri-

1205 2400 1334 2434 verius.
1352 2418 1366 2430 »
1384 2401 1419 2434 F
1418 2401 1530 2434 amab.
1544 2423 1597 2428 ——
1611 2400 1790 2435 Sameram.
1814 2401 1886 2443 Qui

1204 2462 1309 2499 poeta
1332 2466 1399 2488 nec
1428 2453 1568 2501 lepidus
1589 2462 1887 2488 nec'numerosus

1203 2507 1280 2540 fuit.
1301 2507 1382 2541 Lib.
1396 2507 1486 2549 VII,
1508 2508 1617 2555 epigr.
1647 2520 1708 2550 xx,
1734 2507 1887 2542 Sancti-ae

1202 2559 1387 2606 cujusdam
1401 2561 1516 2607 gulosi
1532 2560 1694 2595 meminit
1707 2561 1887 2594 Poeta..—

1200 2615 1264 2647 Iste
1282 2613 1361 2647 liber
1378 2627 1473 2648 meus.
1490 2614 1564 2648 Nec
1590 2614 1690 2647 vobis
1718 2614 1883 2647 convenit

1200 2675 1345 2712 propter
1362 2669 1461 2711 jocos
1485 2676 1518 2701 et
1541 2667 1691 2701 facetias.
