1978 3305
400 234 989 280 EPIGRAMMATUM
1028 236 1151 278 LIB.
1192 235 1244 278 V.

1437 237 1527 281 103

330 323 552 366 Jacturam
575 322 751 383 patiaris
771 323 909 377 hanc,
936 322 1147 383 ferasque.

333 392 467 449 Quod
492 393 527 436 si
551 391 705 454 legeris
731 394 821 454 ipse
847 410 948 437 cuin
972 392 1134 437 diserto

328 456 438 518 (Sed
466 462 678 523 numquid
708 480 857 507 sumus
886 459 1134 524 improbi?)
1160 463 1382 516 Secundo,

329 531 430 576 Plus
456 532 595 577 multo
620 533 697 577 tibi
719 533 943 578 debiturus
967 533 1038 578 hic
1064 544 1148 589 est,

330 602 477 659 Quam
500 602 629 647 debet
649 603 829 647 domino
853 620 931 647 suo
954 602 1137 647 libellus.

326 674 441 716 Nam
471 688 650 717 securus
679 674 783 729 erit,
805 689 885 718 nec
909 674 1100 733 inquieta

328 743 452 787 Lassi
473 759 694 787 marmora
716 744 889 805 Sisyphi
912 743 1100 795 videbit3

333 812 479 870 Quem
504 815 700 858 censoria
720 830 821 858 cum
841 831 940 858 meo
960 815 1120 858 Severo

330 884 464 928 Docti
491 882 593 928 lima
613 884 901 929 momorderit
926 884 1126 929 Secundi.

173 1004 207 1039 5.
221 1004 385 1038 Iacturam
394 1008 543 1051 patiaris.
560 1007 668 1048 Quasi
683 1005 793 1041 dicat:

120 1055 250 1091 Perdes
268 1066 308 1091 tu
327 1057 471 1105 quidem
491 1059 616 1103 ferias3
633 1058 694 1094 sed
707 1072 794 1106 rogo

116 1109 226 1157 perde
254 1120 374 1145 nostra
404 1124 504 1146 causa
534 1112 610 1146 leve
636 1125 793 1147 momen-

117 1171 194 1197 tum
217 1163 281 1197 otii
300 1164 363 1198 tui.

172 1229 206 1262 7.
225 1217 375 1263 Improbi.
398 1217 470 1260 Qui
488 1217 554 1252 tibi
574 1217 794 1265 adjungimus

115 1269 281 1304 comitem
300 1283 398 1317 aeque
415 1271 594 1317 gravibus,
611 1284 649 1306 ac
663 1280 720 1314 tu,
739 1271 794 1305 di-

116 1322 276 1356 strictum
302 1324 461 1369 negotiis.
489 1325 638 1370 Improbc'.
668 1326 792 1372 Impu-

116 1374 258 1418 dentes‚
276 1376 376 1422 quod
397 1377 465 1411 hoc
484 1377 545 1411 abs
567 1386 602 1411 te
621 1385 790 1424 petamus.

116 1450 168 1456 ——-
185 1429 340 1464 Secundo.
362 1430 525 1465 Libertus
546 1431 603 1465 hic
624 1431 791 1465 Lucensis

115 1481 201 1516 ille?
217 1481 263 1516 de
277 1495 348 1529 quo
363 1483 424 1517 lib.
441 1484 458 1516 Ι
469 1510 478 1525 ,
493 1484 602 1530 epigr.
621 1496 671 1527 11,
685 1497 735 1518 vs.
755 1497 790 1530 7.

114 1535 172 1568 An
191 1535 325 1570 Plinius
344 1537 462 1582 junior
481 1537 542 1583 quj
559 1537 687 1571 Nostro
706 1537 791 1570 ami-

116 1599 176 1622 cus
193 1582 249 1632 (ut
266 1597 411 1623 testatur
430 1589 504 1636 ipse
523 1590 616 1624 Plin.
636 1590 697 1624 lib.
715 1591 768 1623 m
781 1616 791 1632 ,

116 1641 218 1686 epist.
238 1640 317 1683 ult.)
333 1643 394 1688 qui
414 1651 448 1676 et
459 1642 641 1677 Secundus
662 1655 791 1689 cogno-

115 1693 267 1728 minatus
286 1703 354 1736 est,
372 1704 406 1729 et
424 1708 529 1742 quem
541 1695 710 1730 disertum
729 1709 791 1729 vo-

117 1755 172 1780 cat
197 1748 388 1790 Martialis,
414 1749 505 1783 libro
532 1750 588 1791 X,
618 1749 791 1795 epigram-

116 1808 207 1834 mate
224 1813 295 1835 nx.

171 1855 205 1888 8.
228 1854 308 1888 Plus
329 1854 425 1887 multo
438 1881 447 1894 ,
465 1863 531 1888 etc.
553 1855 637 1889 Plus
656 1854 723 1888 tibi
740 1867 793 1888 ca-

116 1906 274 1951 stigatori
287 1934 296 1950 ,
315 1919 420 1954 quam
441 1908 529 1942 mihi
549 1906 792 1942 auctori.Vide

854 1006 976 1053 quanti
990 1007 1093 1040 faciat
1108 1015 1210 1052 poeta
1222 1007 1341 1040 limam
1355 1033 1364 1048 ‚
1384 1016 1417 1040 et
1429 1009 1530 1040 casti·

853 1060 1010 1106 gationes
1028 1058 1230 1093 doctorum.

911 1125 966 1147 10.
995 1112 1064 1146 Nec
1089 1115 1238 1159 inquieta.
1266 1113 1357 1146 Nota
1387 1112 1527 1158 Sisyphi

853 1166 985 1207 fabula,
1006 1165 1067 1211 qui
1080 1165 1117 1199 in
1132 1165 1259 1199 Inferis
1273 1165 1395 1212 ingens
1409 1178 1528 1199 saxum

853 1219 928 1253 sine
946 1219 1016 1252 ulla
1033 1218 1150 1264 quiete
1165 1227 1296 1252 movet.
1312 1219 1440 1252 Sensus
1457 1227 1526 1252 est:

852 1272 953 1305 Meus
978 1272 1118 1305 libellus
1144 1284 1217 1305 non
1244 1271 1354 1305 adibit
1377 1272 1525 1305 Inferos.

852 1325 1020 1359 Dicebant
1031 1326 1175 1359 Veteres
1190 1333 1348 1370 poemata
1362 1324 1458 1358 adire
1474 1326 1528 1357 [n-

852 1378 954 1419 feros,
962 1386 996 1411 et
1004 1378 1163 1420 interire,
1170 1391 1217 1424 qu
1224 1391 1281 1411 um
1290 1391 1360 1411 non
1370 1378 1522 1423 legeren-

852 1440 921 1465 tur.
947 1430 1005 1465 Sic
1026 1431 1088 1465 lib.
1111 1432 1165 1475 X,
1183 1432 1292 1476 epigr.
1319 1444 1347 1464 11
1374 1443 1381 1464 :
1411 1431 1525 1463 «Mar-

852 1496 950 1517 mora
972 1484 1129 1530 inquieta
1145 1501 1159 1514 »
1183 1483 1284 1518 dixit.

908 1537 966 1571 13.
997 1538 1100 1571 Lima.
1137 1537 1282 1583 Egregia
1308 1537 1524 1582 metaphora.

850 1590 952 1624 Lima
971 1590 1076 1624 habet
1095 1602 1175 1624 suos
1194 1590 1332 1628 dentes,
1354 1589 1449 1622 unde
1472 1588 1525 1622 di-

851 1644 942 1677 citur
958 1642 1121 1676 mordere
1141 1644 1273 1676 ferrum
1284 1668 1294 1685 ,
1310 1655 1420 1688 quum
1439 1642 1525 1675 illud

850 1696 951 1742 polit.
979 1696 1034 1730 Sic
1057 1695 1187 1730 eruditi
1212 1696 1280 1729 viri
1302 1694 1524 1729 emendando

851 1762 969 1783 versus
992 1749 1170 1795 impolitos
1183 1748 1365 1790 mordent,
1380 1762 1440 1782 seu
1458 1761 1522 1794 po-

851 1802 954 1836 liunt.
980 1802 1147 1836 Censoria
1168 1801 1315 1843 dicitur,
1339 1802 1423 1848 quia
1443 1814 1526 1835 cen·

851 1868 946 1889 sores
965 1855 1187 1900 corrigebant
1204 1868 1318 1889 mores
1339 1854 1469 1889 civium
1494 1863 1526 1887 et

852 1909 1032 1942 notabant.
1051 1908 1119 1941 En.

676 2046 971 2103 LXXXI.

580 2196 651 2223 AD
699 2195 1066 2224 AEMILIANUM.

190 2313 381 2355 SEMPER
410 2312 493 2355 eris
520 2327 706 2373 pauper,
733 2312 767 2355 si
795 2327 962 2372 pauper
984 2328 1052 2365 es,
1078 2309 1315 2353 AEmiliane.

259 2383 435 2427 Dantur
459 2398 563 2442 opes
591 2381 699 2425 nulli
726 2398 867 2435 nunc,
888 2382 968 2425 nisi
995 2380 1213 2424 divitibus.

177 2523 205 2541 1.
223 2509 351 2554 Semper
364 2512 435 2542 eris.
452 2509 569 2543 Mores
586 2509 638 2543 sui
658 2518 793 2555 tempo-

853 2521 935 2554 pere
949 2517 983 2542 et
998 2508 1143 2541 Artorio
1162 2506 1271 2541 divite
1292 2508 1373 2554 agit.
1392 2508 1474 2541 Vid.
1494 2518 1527 2541 et

119 2560 166 2595 ris
192 2561 305 2608 carpit
328 2562 435 2595 Poeta
449 2588 458 2603 ‚
484 2575 554 2608 quo
580 2562 643 2596 soli
670 2561 795 2595 divites
855 2570 916 2595 sat.
939 2574 950 2595 1
965 2576 973 2602 3
990 2573 1028 2594 ac
1043 2561 1222 2595 notissima
1238 2561 1433 2607 proverbia.

119 2626 193 2647 rem
221 2614 402 2649 faciebant.
427 2615 526 2649 Idem
554 2616 713 2661 queritur
732 2615 751 2648 J
756 2627 796 2648 u-

121 2668 251 2701 venalis
261 2676 322 2701 sat.
334 2680 378 2702 111
388 2694 397 2710 ,
410 2681 519 2714 quum
530 2667 573 2702 de
582 2668 700 2702 Codro
712 2681 798 2715 pau-

912 2629 944 2648 2.
964 2616 1095 2648 Dantur
1117 2627 1187 2660 opes
1211 2614 1306 2647 nullis
1326 2613 1405 2647 Ald.
1427 2616 1528 2648 Junt.

858 2669 971 2702 Coiin.
994 2668 1131 2714 Gryph.
1151 2676 1184 2702 et
1201 2668 1273 2701 aliae
1295 2675 1378 2701 vett.

1274 2739 1327 2773 '7⁴

1279 2775 1291 2799 l
