1978 3305
358 226 942 273 EPIGRAMMATUM
979 226 1103 270 LIB.
1127 227 1273 271 VIII.

1424 226 1522 273 323

259 315 354 356 Jam
385 321 500 357 tacet
523 314 665 357 Eoum
690 312 874 357 barbara
900 313 1120 375 Memphis
1146 330 1267 375 opus.

191 384 295 426 Pars
318 391 452 444 quota
478 383 716 428 Parrhasiae
741 383 864 428 labor
890 393 955 429 est
977 385 1245 429 Mareoticus
1268 383 1406 430 aulae?

262 452 431 497 Clarius
456 454 498 496 in
526 463 620 498 toto
645 453 704 497 nil
731 452 850 498 videt
875 454 980 498 orbe
1003 454 1104 498 dies.

192 523 403 584 Septenos
434 524 595 584 pariter
621 524 772 568 credas
796 540 1022 585 assurgere
1049 534 1246 580 montes;

261 592 556 638 Thessalicum
581 595 755 638 brevior
775 593 923 638 Pelion
949 595 1061 639 Ossa
1087 594 1197 638 tulit.

188 663 366 708 AEthera
394 665 454 708 sic
485 665 639 719 intrat,
664 664 810 707 nitidis
832 673 880 707 ut
904 664 1104 708 conditus
1126 667 1251 708 astris

265 734 476 778 Inferiore
497 743 621 777 tonet
644 734 760 778 nube
784 749 960 778 serenus
983 750 1118 795 apex3

195 806 251 847 Et
275 805 394 864 prius
416 820 576 847 arcano
600 805 778 848 satietur
798 803 960 848 lumine
983 805 1158 859 Phoebi,

266 937 413 993 Οὐδεὶς
441 947 521 985 τῶν
552 943 674 1002 ἔργων
703 936 918 1001 Μέμφιδός
952 944 1014 992 ἐςι
1042 945 1174 1003 λόγος.

198 1012 366 1073 Κτίσμα
391 1017 495 1056 τεοῖο
521 1013 636 1071 μέρος
660 1012 788 1061 πός-ον
814 1013 1078 1073 Μαρεωτικὸν
1106 1011 1238 1067 οἴκους

268 1086 461 1143 Κρεῖσσον
492 1084 529 1124 ἐν
558 1082 777 1143 ἀνθρώποις
806 1085 914 1132 ἥλιος
941 1077 1055 1125 οὐδὲν
1081 1086 1168 1144 ὁρᾷ.

199 1145 321 1196 Επτὰ
336 1154 484 1212 λόφους
504 1152 621 1211 φαίης
642 1169 705 1195 κεν
728 1154 790 1195 ἐπ’
815 1153 999 1200 ἀλλ-ἥλων
1022 1153 1259 1196 ἐπικεῖσθαι·

270 1226 421 1271 Πήλιον
447 1211 565 1265 ὅσσα
590 1224 747 1282 φέρους’
774 1221 819 1269 ἦν
843 1225 1147 1282 ἐλαχιστοτέρη.

200 1295 292 1343 Τοῖς
319 1292 454 1353 ἄςροις
477 1294 624 1352 κορυφὴ
649 1293 903 1353 ἐπιμίσγεται
919 1327 930 1346 ,
960 1293 1053 1335 ὥσθ’
1078 1295 1174 1353 ὑπὲρ
1201 1297 1330 1337 αὐτῶν

272 1359 418 1414 Εὔδιος
447 1364 669 1423 άςράπτειν
694 1363 899 1423 νερτερίων
926 1365 1084 1423 νεφέων·
1327 1361 1330 1363 Α

201 1437 284 1477 Τοῦ
310 1451 355 1476 τε
377 1434 500 1492 φάους
529 1433 691 1493 κρυφίου
717 1433 807 1493 πρὶν
831 1434 1054 1491 ἀφύσσεται
1075 1434 1243 1487 ἠελίοιο,

133 1587 284 1620 diximus
308 1584 351 1618 ad
370 1585 448 1618 libr.
472 1585 626 1629 Spectac.
648 1584 757 1629 epigr.
782 1596 805 1617 1.

191 1653 221 1673 2.
245 1639 319 1671 Jam
343 1646 435 1670 tacet.
458 1638 575 1669 Tuum
596 1637 690 1670 enim
711 1637 808 1669 Pala-

135 1694 224 1727 tium
245 1692 348 1735 longe
367 1698 508 1736 superat
522 1690 583 1722 has
597 1689 806 1735 pyramides.

134 1767 185 1773 -—
197 1746 301 1778 Eoum
314 1743 461 1776 barbara.
480 1744 520 1775 ln
540 1745 693 1788 AEgypto
706 1763 715 1779 ‚
732 1754 809 1787 quae

135 1799 317 1843 Orientegn
353 1810 370 1830 a
400 1796 550 1829 Meridie
581 1803 722 1841 spectat.
757 1817 810 1822 -—

135 1851 292 1896 Memphis
313 1863 399 1896 opus.
423 1849 646 1882 Nobilissima
665 1848 809 1893 AEgypti

135 1905 276 1944 civitas,
299 1910 333 1936 et
349 1901 591 1949 pyramidibus
611 1901 712 1934 clara.
729 1901 807 1933 Lib.

136 1958 251 2004 Spect.
267 1956 378 2001 epigr.
395 1955 487 1989 citat.

191 2011 226 2044 3.
247 2010 339 2043 Mare
356 2009 526 2041 auleoticus
543 2005 653 2040 codex
665 2007 810 2040 Floren-

136 2063 242 2097 tinus.
264 2056 316 2089 -ss
333 2055 518 2094 Parrlz'asiae
533 2061 626 2093 auloe.
644 2060 720 2093 Hoc
739 2067 789 2093 est
800 2084 810 2100 ‚

138 2117 224 2150 aulae
252 2114 437 2155 Palatinae,
475 2126 533 2146 seu
566 2112 699 2146 Palatii.
730 2112 809 2145 Lib.

139 2169 212 2202 VII
223 2194 232 2209 ,
242 2168 352 2214 epigr.
363 2165 600 2201 nri—Labor
607 2160 810 2199 Mareoticus.

139 2221 216 2254 Hoc
245 2224 311 2262 est,
344 2219 544 2266 AEgyptffis,
573 2231 591 2252 a
616 2217 812 2252 Mareotide

140 2274 365 2307 celeberrima
385 2272 527 2317 AEgypti
547 2270 685 2317 palude.

198 2327 231 2360 5.
249 2325 408 2371 Septenos.
431 2325 572 2370 Septem
592 2324 712 2358 Palatii
740 2331 814 2357 tur-

141 2391 196 2412 res
224 2387 296 2412 tam
316 2378 413 2410 mirae
441 2377 542 2409 molis
561 2385 595 2410 et
621 2375 815 2410 altitudinis

142 2431 309 2472 affirmat,
331 2438 369 2463 ut
398 2438 565 2475 superent
583 2437 617 2462 et
639 2429 761 2462 Ossam
781 2436 815 2461 et

144 2484 264 2518 Pelion
279 2482 467 2516 Thessaliae
478 2489 612 2515 montes
622 2506 632 2522 ‚
643 2494 730 2526 quos
740 2493 819 2514 con-

924 1596 957 1627 7.
975 1584 1117 1617 AEtleera
1133 1587 1178 1618 sic
1199 1587 1307 1619 intrat.
1326 1585 1368 1620 Id
1383 1596 1450 1628 est,
1465 1600 1539 1622 eam

867 1637 903 1669 in
946 1636 1171 1670 altitudinem
1202 1651 1265 1683 per
1294 1639 1396 1673 inane
1433 1642 1541 1685 surgit

866 1690 934 1722 hoc
965 1690 1155 1731 Palatium3
1181 1691 1229 1724 sic
1260 1692 1336 1725 aula
1363 1706 1540 1728 summum

867 1748 972 1788 'caput
1000 1743 1093 1776 inter
1118 1744 1237 1776 nubila
1267 1744 1406 1787 condit,
1426 1747 1472 1780 ita
1498 1747 1541 1780 ad

867 1795 990 1828 caelum
1006 1801 1114 1841 usque
1126 1798 1199 1841 ejus
1215 1809 1301 1843 apex
1318 1799 1486 1843 pertinet;
1503 1809 1544 1834 ut

868 1849 978 1881 nubes
995 1857 1029 1882 et
1047 1848 1200 1882 tonitrua
1218 1850 1386 1884 inferiora
1405 1852 1542 1886 habeat.

868 1901 924 1934 Sic
969 1898 1102 1934 dictum
1140 1911 1181 1935 ut
1210 1902 1297 1936 illud
1319 1904 1461 1950 Virgilii
1505 1907 1542 1940 in

868 1953 1036 1999 Eclog.V‚
1049 1954 1094 1999 57
1111 1966 1118 1987 :
1139 1973 1151 1984 a
1169 1955 1242 1988 Sub
1259 1955 1478 2004 pedibusque
1497 1959 1544 1991 vi-

868 2005 928 2040 det
944 2007 1056 2039 nubes
1077 2016 1110 2040 et
1131 2007 1244 2042 sidera
1261 2009 1453 2055 Daphnis.»
1474 2010 1543 2044 Sed

868 2060 928 2093 hic
949 2058 1121 2104 ὑπερὲολή.
1147 2061 1265 2102 Quum
1291 2062 1397 2107 igitur
1425 2065 1544 2097 omnia

869 2113 961 2146 infra
979 2112 1190 2159 quandoque
1212 2115 1397 2148 turbentur
1419 2126 1451 2149 et
1473 2117 1543 2150 ful-

870 2166 1023 2198 minibus
1051 2174 1263 2207 terreantur‚
1292 2168 1465 2213 fastigium
1493 2179 1544 2203 ta-

871 2230 950 2251 men
969 2217 1094 2251 domus
1117 2227 1186 2252 tam
1205 2220 1345 2253 excelsae
1361 2221 1546 2256 immotum

872 2280 1013 2311 manet,
1036 2280 1070 2304 et
1091 2272 1193 2317 longe
1218 2280 1268 2305 est
1289 2280 1384 2306 extra
1411 2282 1546 2321 tempe·

874 2323 968 2357 statis
987 2324 1168 2370 impetum.

930 2389 963 2419 9.
988 2377 1129 2420 Etpm'us
1151 2383 1277 2410 ‹it-cano.
1296 2377 1372 2412 Hoc
1394 2388 1464 2420 est,
1483 2381 1548 2414 Pa-

876 2429 949 2461 latii
977 2441 1061 2474 apex
1081 2429 1179 2474 prius
1203 2429 1396 2464 offenditur
1418 2433 1550 2467 lumine

879 2481 979 2521 solis,
1004 2494 1107 2526 quam
1131 2493 1294 2516 cacumen
1325 2485 1454 2519 montis
1473 2487 1551 2520 Cir-

145 2545 255 2582 gestos
274 2536 310 2569 in
333 2536 457 2569 caelum
475 2534 639 2567 struxisse
661 2534 821 2566 feruntur
880 2546 935 2566 ces
948 2557 958 2572 ‚
979 2546 1055 2578 quae
1071 2534 1159 2567 Solis
1177 2535 1245 2568 filia
1256 2534 1346 2570 dicta
1362 2546 1424 2571 est.
1444 2539 1551 2574 Ovid.

146 2590 325 2635 Gigantes.
345 2587 448 2621 Ovid.
463 2588 546 2620 Met.
561 2588 577 2620 I
589 2612 598 2627 ‚
610 2599 659 2619 vs.
680 2599 693 2619 1
704 2585 750 2626 54
768 2598 817 2631 sq.

201 2645 236 2676 6.
254 2641 403 2675 Thessala
419 2654 486 2673 cum
503 2641 623 2672 brevior
635 2639 670 2672 in
685 2638 798 2672 Vatic.

883 2586 966 2618 Met.
978 2586 1077 2628 XIV,
1088 2587 1106 2619 3
1115 2591 1173 2632 47.
1185 2588 1326 2628 Arcano,
1337 2590 1555 2635 quiascilicet

885 2639 983 2683 prius
1005 2652 1108 2684 quam
1129 2640 1208 2673 alibi
1227 2651 1391 2687 appareat
1411 2644 1527 2679 lumen
1544 2668 1555 2686 ‚

1262 2712 1352 2756 ’.Μ’
