1978 3305
487 232 583 277 368

863 235 926 277 M,
953 234 1090 277 VAL.
1128 234 1517 277 MARTIALIS

1038 396 1342 453 LXXDL

972 552 1029 580 IN
1068 530 1417 581 FABULLAM.*

698 671 870 714 OMNES
901 678 976 712 aut
1006 667 1174 712 vetulas
1204 668 1339 712 habes
1369 669 1554 723 amicas,

694 743 785 784 Aut
809 749 985 800 turpes,
1006 737 1250 799 vetulisque
1279 738 1509 792 foediores;

703 812 794 854 Has
825 810 948 854 ducis
974 810 1179 863 comites,
1204 809 1428 870 trahisque
1453 818 1598 853 tecum

698 882 783 924 Per
808 880 1033 935 convivia,
1056 880 1275 940 porticus,
1300 879 1486 923 theatra.

695 951 765 995 Sic
794 950 1010 1005 formosa,
1038 948 1246 1005 Fabulla,
1266 949 1326 993 sic
1356 948 1502 1010 puella
1531 964 1589 993 es.

543 1075 558 1089 *
588 1076 768 1111 Feminam
791 1075 925 1121 carpit,
951 1087 1029 1121 quae
1058 1087 1169 1121 quum

491 1138 638 1164 venusta
659 1142 783 1176 parum
798 1154 807 1170 ,
831 1126 928 1162 haud
953 1136 1069 1162 tamen
1094 1135 1168 1161 tur-

491 1184 546 1229 pis
561 1182 760 1223 videbatur,
776 1181 856 1227 quia
873 1193 1055 1227 nunquam
1072 1194 1169 1227 aspe-

491 1237 648 1269 ctabatur
672 1235 738 1268 nisi
774 1234 982 1268 feminarum
1009 1233 1170 1280 turpissi-

492 1301 626 1321 marum
637 1287 742 1333 globo
754 1287 879 1321 cincta.
893 1287 1012 1329 Quum
1027 1287 1120 1320 euim
1130 1287 1171 1320 iis

491 1349 772 1388 compararetur,
789 1339 972 1386 pulchrior
987 1340 1101 1374 multo
1118 1340 1170 1373 vi-

492 1392 653 1427 debatur.
679 1395 730 1427 Ita
754 1392 915 1439 quaedam
947 1394 1028 1428 satis
1055 1392 1171 1439 lepide

493 1446 536 1480 ad
562 1446 715 1480 invidam
735 1459 812 1492 quae
830 1445 967 1481 dicebat
985 1459 993 1481 ε
1018 1464 1030 1476 α
1046 1447 1171 1480 Temet

492 1512 620 1545 nempe
629 1500 756 1534 bellam
768 1500 940 1533 existimas
950 1500 964 1532 Ρ
974 1518 985 1528 ›-
998 1522 1039 1527 -
1049 1499 1173 1533 «Mini-

1894 969 1906 992 5

1416 1023 1438 1051 '⁴

1228 1088 1308 1116 me,
1332 1075 1360 1108 si
1386 1086 1442 1108 me
1465 1073 1704 1120 adspexerim;
1732 1074 1905 1114 multum,

1229 1127 1257 1162 si
1278 1127 1390 1161 aliam.
1409 1144 1422 1157 a
1443 1127 1512 1161 En.

1301 1193 1332 1214 2.
1363 1180 1546 1225 Vetulisque
1572 1180 1692 1222 foedior
1728 1193 1760 1212 es
1798 1178 1907 1213 codex

1230 1233 1422 1268 Vaticanus
1445 1232 1611 1270 exhibet,
1642 1232 1907 1267 reclamantibus

1230 1299 1334 1320 sensu
1362 1295 1395 1320 et
1414 1295 1537 1320 metro.
1561 1286 1714 1328 Caetera,
1737 1286 1830 1319 nulla
1857 1294 1907 1319 est

1233 1340 1379 1374 varietas
1399 1340 1435 1373 in
1454 1338 1719 1384 exemplaribus.

1287 1393 1319 1426 5.
1341 1392 1395 1426 Sic
1409 1393 1566 1436 formosa.
1589 1391 1664 1424 Hoc
1689 1399 1759 1430 est,
1785 1391 1906 1425 collata

1232 1458 1314 1480 cum
1333 1445 1400 1479 illis
1426 1444 1549 1478 vetulis
1563 1470 1572 1486 ,
1594 1444 1657 1478 tibi
1680 1443 1808 1478 videris
1838 1444 1907 1477 for-

1231 1511 1328 1532 mosa
1349 1506 1382 1531 et
1404 1497 1671 1532 adolescentula.

1062 1645 1329 1702 LXXX

932 1804 1000 1832 AD
1040 1783 1475 1833 DOMITIANUMf

567 1920 859 1962 SANCTORUM
886 1915 1014 1959 nobis
1036 1913 1243 1959 miracula
1269 1913 1412 1958 reddis
1436 1930 1645 1966 avorum,

567 2049 698 2111 Σεμνὰ
722 2050 991 2110 παλαιγενέων
1019 2048 1226 2108 ἀνεγείρεις
1251 2048 1466 2107 θσιύματα,
1488 2050 1674 2108 Καῖσαρ,

549 2185 564 2198 '¹
586 2185 780 2230 Pugilatum
804 2194 987 2216 exercuere
1011 2180 1173 2215 Lacedae-

498 2239 630 2280 monii,
657 2240 799 2283 ejusque
830 2247 955 2281 pugnae
998 2243 1175 2268 auctorem

499 2293 676 2326 Pollucem
696 2288 840 2324 tradunt
854 2314 863 2329 ‚
880 2288 940 2333 qui
960 2288 1002 2321 ab
1020 2287 1175 2321 Homero

499 2344 599 2379 Iliad.
617 2343 727 2384 Γ,·.τὐξ
744 2343 861 2387 ἀγαθὸς
881 2341 1090 2374 nominatus.
1110 2341 1178 2374 Do-

501 2398 666 2431 mitianus
687 2399 754 2441 jam
779 2394 960 2428 desuetum
984 2394 1175 2439 pugilatum

500 2451 676 2485 revocavit
693 2475 703 2490 ‚
727 2462 742 2481 a
766 2461 835 2494 quo
859 2447 948 2480 facto
971 2459 1050 2480 eum
1075 2447 1178 2479 Poeta

501 2503 640 2544 laudat,
665 2511 698 2535 et
721 2501 869 2534 affirmat
893 2500 942 2533 illi
969 2500 1003 2533 in
1031 2500 1180 2545 acceptis

502 2555 681 2590 referenda
717 2563 750 2588 et
785 2553 928 2599 antiqua
963 2561 997 2586 ct
1028 2553 1178 2586 recentia

500 2609 711 2656 spectacula,
727 2607 855 2652 templa
868 2633 876 2647 ,
896 2614 960 2640 etc.
983 2606 1136 2639 Raderus.

560 2675 588 2695 Ι.
607 2663 791 2693 Sam-lorum
809 2659 907 2693 ηυΙιῘτ,
930 2659 1004 2692 Hoc
1023 2668 1072 2692 est
1087 2684 1096 2697 ,
1113 2672 1176 2703 pu-

1234 2181 1319 2226 giles
1336 2181 1371 2215 in
1391 2193 1494 2214 arena
1514 2181 1700 2215 exhibuisti
1713 2206 1723 2219 ,
1739 2194 1827 2227 quos
1846 2181 1911 2215 mi-

1235 2235 1377 2268 rabatur
1406 2235 1611 2280 antiquitas;
1630 2246 1694 2268 nec
1720 2235 1815 2268 enim
1840 2235 1910 2281 gla-

1236 2287 1412 2321 diatorum
1434 2296 1578 2321 cruenta
1599 2288 1794 2334 spectacula
1814 2288 1911 2333 prio-

1237 2353 1290 2374 res
1303 2340 1452 2373 Romani
1466 2339 1624 2382 edidere3
1636 2352 1699 2374 nec
1709 2341 1911 2374 venationes

1239 2403 1307 2427 tam
1327 2393 1437 2433 feras,
1457 2402 1495 2427 ut
1523 2406 1605 2428 cum
1635 2393 1715 2427 seris
1744 2406 1911 2439 cogeren-

1240 2455 1297 2480 tur
1309 2459 1464 2492 pugnare
1480 2447 1840 2480 homines—sanctos
1856 2458 1913 2478 au-

1240 2508 1310 2533 tem
1327 2499 1412 2533 dicit
1432 2512 1512 2533 avos
1526 2526 1534 2541 ,
1556 2512 1627 2533 uon
1646 2500 1693 2533 ob
1710 2507 1911 2532 mansuetu-

1238 2552 1355 2586 dinem
1380 2561 1414 2585 et
1439 2553 1688 2598 φιλανθρωπίαν,
1705 2550 1762 2585 sed
1789 2552 1834 2584 ob
1855 2565 1911 2584 an-

1237 2606 1368 2652 tiquam
1388 2606 1596 2651 probitatem
1614 2614 1645 2638 ct
1664 2605 1910 2649 incorruptum

1239 2659 1405 2691 animum.
1425 2659 1489 2690 En.
