1978 3305
449 2672 646 2705 LXXXIII.

390 207 488 254 668
955 214 990 256 Τ
999 215 1036 256 Α
1044 216 1077 257 Β
1086 216 1126 258 U
1137 216 1217 258 LA
1225 249 1233 258 .

418 295 622 329 XXXVIII.
648 298 699 330 De
717 297 791 330 filio
809 298 932 343 Reguli
951 320 1592 332 .........................
1604 303 1684 348 pag,
1721 309 1790 345 140

457 348 624 381 XXXIX.
649 350 692 382 In
714 349 861 383 Cinnam
881 372 1679 385 ...............................
1720 370 1733 390 1
1744 362 1763 398 4
1774 371 1786 392 1

549 401 624 434 XL.
649 401 704 435 Ad
724 402 890 448 Lycorin]
907 425 1679 438 ..............................
1721 421 1734 442 1
1746 414 1792 451 44

531 453 625 486 XLI.
650 455 692 487 In
711 466 858 488 raucum
876 463 1014 500 poetam
1041 478 1681 491 ........................
1724 467 1791 503 144

513 505 626 539 XLII.
651 508 702 540 De
719 507 859 541 Etrusci
880 507 1041 549 thermis,
1061 509 1104 543 ad
1125 509 1326 556 Oppianum
1358 533 1682 543 .............
1723 515 1791 556 145

496 558 625 591 XLIII.
651 559 708 593 Ad
727 560 920 594 Castricum
938 583 1682 595 .............................
1724 569 1793 608 148

496 611 627 644 XLIV.
651 613 693 645 In
716 612 956 647 Calliodorum
967 636 1686 648 ............................
1726 623 1794 664 149

514 663 626 697 XLV.
652 665 694 698 In
715 666 855 712 nuptias
873 665 985 713 Lygdi
1005 675 1038 700 et
1057 667 1209 702 lectoriae
1229 690 1685 700 ..................
1728 684 1741 704 1
1753 671 1797 705 5ο

496 716 625 749 XLVI.
652 717 707 752 Ad
722 718 907 753 Catianum
937 742 1684 752 .............................
1727 736 1741 757 1
1752 724 1798 758 50

478 768 629 802 XLVII.
653 769 708 804 Ad
725 770 886 805 Ianthida
904 771 1106 818 Nympham
1126 795 1688 805 ......................
1726 788 1740 809 1
1751 776 1769 810 5
1780 788 1793 809 1

462 821 628 854 XLVIII.
653 824 694 856 In
710 823 947 870 Pomponium
972 847 1693 857 ............................
1730 841 1743 862 1
1754 828 1796 862 53

500 873 630 907 XLIX.
654 877 706 909 De
722 888 758 909 se
776 876 923 922 Priapus
942 899 1689 910 .............................
1730 881 1798 915 153

588 926 629 961 L.
655 930 707 962 De
724 929 915 963 Thelesino
940 952 1686 963 .............................
1727 945 1742 966 1
1753 933 1800 974 54

569 979 632 1013 LI.
656 980 712 1014 Ad
727 982 926 1028 Lupercum
937 1003 1687 1016 .............................
1728 998 1743 1019 1
1754 986 1799 1020 55

552 1031 629 1066 LII.
656 1034 912 1080 Epithaphium
928 1034 1133 1081 Pantagathi
1150 1036 1302 1070 tonsoris
1311 1057 1687 1068 ...............
1730 1050 1744 1071 1
1755 1038 1800 1072 55

534 1084 634 1120 LIII.
657 1088 709 1120 De
728 1086 931 1133 Andragora
944 1109 1690 1122 .............................
1731 1090 1802 1125 156

537 1137 632 1172 LIV.
656 1141 710 1173 De
725 1139 914 1174 Sextiliano
945 1162 1692 1174 .............................
1734 1155 1748 1176 1
1759 1145 1803 1178 56

557 1189 634 1223 LV.
658 1193 701 1225 In
720 1193 934 1227 Coracinum
946 1212 1693 1226 .............................
1733 1196 1802 1241 157

539 1242 633 1276 LVI.
658 1245 700 1278 In
718 1244 972 1280 Charidemum
1001 1268 1273 1278 ...........
1294 1275 1297 1278 .
1317 1269 1695 1279 ...............
1737 1261 1750 1282 1
1761 1250 1804 1283 58

522 1294 635 1330 LVII.
660 1298 702 1330 In
721 1298 892 1332 Phoebum
917 1320 1695 1331 ..............................
1734 1301 1804 1346 159

504 1347 635 1382 LVIII.
660 1349 716 1384 Ad
738 1351 870 1385 Aulum
891 1350 1086 1385 Pudentem
1101 1375 1693 1384 .......................
1735 1355 1805 1399 159

542 1400 636 1435 LIX.
662 1403 704 1435 In
722 1404 910 1437 Baccaram
920 1426 1694 1436 ..............................
1736 1421 1748 1441 1
1759 1412 1778 1442 (5
1790 1419 1801 1440 1

560 1454 635 1488 LX.
664 1457 717 1489 De
737 1457 936 1503 Pompillo,
958 1456 1002 1491 ad
1021 1457 1227 1492 Faustinum
1238 1479 1696 1490 ..................
1737 1462 1804 1493 162

541 1507 636 1540 LXI.
664 1510 706 1541 In
723 1509 882 1543 invidum
895 1531 1696 1543 ...............................
1737 1513 1806 1547 163

525 1558 638 1594 LXII.
664 1560 718 1595 Ad
738 1562 943 1608 Oppianum
973 1585 1218 1594 ..........
1238 1588 1243 1592 5
1265 1585 1697 1596 .................
1738 1568 1807 1605 164

504 1611 637 1646 LXIII.
664 1614 719 1648 Ad
740 1615 944 1649 Marianum
976 1637 1698 1648 ............................
1738 1618 1807 1653 165

506 1664 637 1700 LXIV.
664 1667 706 1701 In
723 1669 965 1703 Detractorem
975 1690 1698 1701 ............................
1738 1672 1807 1705 165

524 1718 638 1753 LXV.
665 1720 721 1754 Ad
740 1722 897 1755 Tuccam
921 1744 1698 1754 ..............................
1738 1726 1808 1759 168

508 1770 638 1805 LXVI.
665 1774 718 1806 De
736 1786 896 1820 praecone
917 1775 1068 1821 puellam
1092 1775 1266 1810 vendente
1293 1797 1697 1807 ................
1739 1782 1809 1821 169

490 1824 638 1858 LXVII.
665 1825 719 1859 Ad
738 1827 929 1861 Pannicum
945 1827 989 1861 de
1007 1828 1119 1862 Gellia
1139 1842 1248 1863 uxore
1270 1850 1699 1860 ·················
1740 1843 1809 1876 170

473 1876 639 1911 LXVIII.
666 1880 718 1912 De
736 1888 849 1913 morte
863 1881 1016 1926 Eutychi
1035 1881 1135 1926 pueri
1162 1903 1697 1913 .....................
1739 1895 1752 1916 1
1764 1896 1811 1928 7⁰

508 1930 638 1964 LXIX.
667 1933 720 1965 De
735 1933 836 1966 Bassa
847 1954 1699 1966 .................................
1742 1947 1755 1967 1
1765 1949 1784 1981 7
1794 1949 1808 1969 1

528 1984 640 2018 LXX.
667 1986 719 2019 De
738 1985 953 2019 Martianum
981 2008 1700 2019 ............................
1742 2001 1810 2034 172

512 2036 641 2070 LXXI.
668 2039 719 2071 De
739 2038 925 2072 Telethusa
946 2061 1698 2072 .............................
1743 2042 1811 2087 173

492 2090 640 2123 LXXII.
668 2092 720 2124 De
741 2091 850 2125 Cilice
867 2092 944 2125 fure
955 2114 1704 2125 .............................
1747 2100 1814 2139 174

476 2142 642 2177 LXXIII.
670 2145 721 2177 De
737 2144 864 2189 Priapo
884 2144 1013 2178 Hilari.
1032 2169 1039 2176 .
1059 2167 1067 2175 .
1084 2164 1095 2175 -
1112 2167 1119 2175 .
1137 2165 1146 2176 ε
1163 2165 1702 2177 .....................
1744 2153 1814 2192 174

475 2195 642 2229 LXXIV.
671 2195 726 2230 Ad
743 2197 954 2231 Esculauum
984 2219 1705 2230 ............................
1746 2203 1813 2245 175

497 2249 644 2283 LXXV.
671 2250 712 2282 In
730 2250 892 2284 Pontiam
903 2272 1704 2283 ...............................
1745 2265 1815 2298 177

478 2302 645 2336 LXXVI,
672 2302 900 2349 Epitaphium
920 2303 1021 2338 Fusci
1032 2326 1704 2336 ..........................
1746 2318 1815 2351 177

392 2381 397 2385 .
462 2355 645 2389 LXXVII.
672 2356 713 2388 In
731 2356 855 2389 Afrum
881 2379 1704 2389 ...............................
1746 2361 1817 2403 178

446 2407 647 2442 LXXVIII.
673 2407 728 2442 Ad
747 2410 875 2443 Aulum
889 2434 898 2451 ,
920 2408 963 2443 de
979 2410 1115 2457 Phryge
1131 2411 1227 2445 lusco
1246 2432 1703 2442 ··················
1747 2424 1759 2445 1
1771 2413 1818 2445 80

483 2461 647 2494 LXXIX.
676 2460 731 2494 Ad
752 2462 894 2508 Lupum
907 2484 1707 2495 ...............................
1750 2466 1818 2498 180

502 2514 645 2547 LXXX.
676 2513 731 2547 Ad
752 2515 924 2549 Caesarem
948 2515 991 2549 de
1014 2517 1100 2551 rosis
1116 2517 1273 2552 hibernis
1301 2538 1704 2548 ················
1749 2518 1813 2550 181

482 2566 646 2599 LXXXI.
677 2568 716 2600 ln
739 2567 989 2602 Charidemum
1014 2591 1704 2601 ...........................
1749 2582 1759 2602 ι
1771 2569 1816 2602 83

468 2619 648 2652 LXXXII.
677 2619 730 2653 Ad
751 2622 880 2654 Rufum
903 2642 1703 2654 ...............................
1747 2623 1817 2656 183

678 2673 729 2705 Ad
753 2675 918 2708 Caesarmn
946 2676 1182 2710 Domitianum
1196 2697 1702 2707 ....................
1747 2676 1814 2714 1825
