1978 3305
484 245 580 305 492

859 244 920 285 M.
949 244 1090 287 VAL.
1133 244 1525 288 MARTIALIS

1121 359 1263 453 xx.

1003 553 1072 581 AD
1111 533 1392 582 MANIUMf

558 671 709 713 Ducn·
739 667 792 712 ad
826 669 1037 713 auriferas
1061 669 1180 730 quod
1208 686 1278 713 me
1306 669 1406 714 Salo
1434 669 1631 714 Celtiber
1660 688 1781 724 oras,

627 737 823 782 Pendula
854 739 971 800 quod
1002 741 1153 801 patriae
1184 741 1323 784 visere
1353 750 1467 784 tecta
1497 739 1624 792 libet;

556 810 621 852 Tu
654 809 760 853 mihi
791 809 1082 870 simplicibus,
1106 811 1251 865 Mani,
1282 810 1465 855 dilectus
1497 811 1552 854 ab
1584 813 1747 866 annis,-

626 881 684 923 Et
708 890 963 940 praetextata
989 880 1131 925 cultus
1157 882 1368 933 amicitia,

555 951 622 993 Tu
647 950 775 1004 facis,
799 952 843 994 in
874 951 999 995 terris
1020 968 1108 1011 quo
1133 968 1222 995 non
1250 960 1314 995 est
1335 951 1445 995 alter
1465 951 1604 996 Iberis

626 1020 833 1076 Dulcior,
854 1031 897 1064 et
922 1038 1026 1065 vero
1052 1021 1210 1082 dignus
1235 1037 1386 1065 amore
1413 1024 1565 1082 magis.

557 1092 723 1135 Tecum
753 1108 836 1152 ego
866 1090 934 1134 vel
966 1092 1068 1136 sicci
1090 1090 1263 1136 Gaetula
1293 1091 1480 1153 mapalia
1509 1094 1653 1143 Poeni,

557 1220 666 1274 ὅττι
686 1231 827 1275 Σάλων
848 1249 897 1290 με
916 1236 1034 1275 καλεῖ
1048 1233 1145 1292 πρὸς
1168 1239 1317 1292 χρυσοῦ
1337 1234 1494 1292 μητέρα
1513 1231 1653 1294 γαίήν,

627 1305 709 1353 Τῆς
731 1320 775 1345 τε
795 1303 954 1363 πάτρης
978 1303 1110 1346 ποθέω
1132 1303 1286 1362 κτίσμα
1305 1303 1504 1354 κάταντες
1525 1307 1617 1364 ὁρᾷν
1634 1339 1645 1355 ‚

560 1371 698 1423 Αἴτιος
718 1370 751 1415 εἶ
769 1373 815 1415 σὺ
837 1374 919 1432 ἐμῷ
940 1369 1108 1416 πεδόθεν
1130 1375 1388 1432 κεχαρισμένε
1408 1373 1540 1433 θυμῷ,

631 1443 784 1496 Μανιε,
810 1442 984 1503 φιλ-Λθείς
1005 1445 1044 1484 τ’
1065 1439 1168 1493 ἐξέτι
1188 1437 1335 1493 παιδὸς
1355 1443 1464 1502 ἐμοί·

563 1511 734 1564 Οὖτινος
755 1515 792 1555 ἐν
817 1508 962 1573 δήμοις
983 1516 1026 1556 οὐ
1049 1513 1232 1573 φίλτερος
1255 1510 1376 1563 ἄλλος
1398 1501 1582 1575 Ϊὲηρσιν,

630 1572 750 1634 Ᾰξιος
770 1585 856 1627 οὔτ’
878 1585 1070 1642 ἀτρεκοῦς
1091 1587 1243 1643 μᾶλλον
1265 1585 1411 1642 ἔρωτος
1432 1584 1535 1644 ἐμοί.

561 1655 634 1696 Σὺν
658 1655 719 1698 σοὶ
740 1656 818 1716 ἐγὼ
840 1654 982 1702 τλαίην
1003 1651 1164 1697 Λιὲύων
1184 1650 1400 1698 καλύὲαισι
1421 1659 1617 1714 μετεῖναι,

533 1789 547 1801 ⁶
558 1794 730 1827 Paulatim
738 1793 782 1827 de
791 1794 903 1840 patria
911 1794 1039 1840 cogitat
1050 1795 1170 1834 Poeta,

489 1846 591 1892 quod
609 1848 763 1892 Trajano
779 1860 903 1893 parum
922 1856 1038 1892 gratus
1060 1855 1148 1881 esset
1163 1874 1171 1888 ‚

490 1899 536 1932 ob
551 1899 789 1942 adulationes,
807 1899 913 1933 credo
924 1926 932 1941 ,
948 1901 1142 1934 Domitiani
1163 1913 1170 1933 z

490 1953 544 1986 vel
567 1953 668 1998 quia,
688 1962 727 1986 ut
748 1953 817 1987 Dio
837 1952 979 1992 scribit,
998 1954 1170 1987 bonarum

491 2006 618 2039 artium
647 2014 735 2039 esset
760 2018 903 2051 prorsus
934 2006 1085 2051 ignarus.
1108 2006 1173 2039 Hic

491 2067 606 2093 tamen
630 2059 757 2103 Poeta,
776 2072 812 2092 se
834 2059 871 2092 in
895 2059 1040 2104 gratiam
1064 2059 1173 2092 Manii

492 2124 719 2146 reversurum
736 2113 796 2146 ait.
814 2112 968 2145 liuderus.

550 2177 579 2198 1.
607 2166 709 2198 Ducit
732 2166 778 2198 ad
803 2166 968 2208 auriferas.
999 2164 1074 2198 Hoc
1105 2173 1172 2202 est,

491 2219 568 2260 Tu,
591 2231 612 2251 o
635 2218 753 2259 Mani,
773 2219 810 2251 in
836 2230 937 2252 causa
958 2230 1014 2259 es,
1035 2230 1098 2251 cur
1120 2231 1173 2250 re-

493 2271 570 2304 dire
591 2271 696 2304 velim
719 2271 756 2304 in
775 2271 978 2317 Hispaniam
1004 2270 1173 2304 aurifodi-

493 2324 546 2358 nis
564 2325 758 2366 celebrem,
778 2324 888 2371 epigr.
912 2337 970 2358 xvx
992 2336 1115 2370 supra;
1139 2332 1174 2357 et

492 2378 644 2411 revisere
670 2377 831 2411 Salonem
860 2377 1028 2419 fluvium,
1049 2385 1081 2411 et
1104 2377 1173 2410 Bil-

496 2431 608 2463 bilim.

550 2497 581 2517 2.
598 2484 755 2524 Pendula,
772 2491 839 2517 etc.
859 2484 1010 2517 Bilbilim
1026 2484 1059 2516 in
1079 2482 1172 2516 editu

492 2537 570 2569 loco
590 2546 624 2570 et
642 2537 812 2582 praecipiti
834 2539 946 2570 sitam.
964 2535 1031 2569 Adi
1052 2537 1114 2570 lib.
1138 2538 1173 2575 Ι,

492 2589 588 2634 epigr
626 2603 645 2622 ι
666 2603 672 2622 :
700 2608 711 2619 ιι
733 2589 882 2623 Videbis
916 2591 1039 2629 altam,
1081 2590 1172 2623 Lici-

496 2642 616 2676 niano.
641 2642 807 2676 Bilbilim.
831 2663 841 2671 ··

550 2696 579 2727 ἲ.
608 2696 713 2728 sunm
735 2711 762 2728 ιιι
788 2705 961 2728 mumma-lm
986 2695 1062 2728 eod.
1093 2696 1170 2727 l‘ul-

1231 1793 1350 1828 manni
1362 1819 1372 1834 ‚
1394 1794 1454 1840 qui
1470 1794 1536 1836 ait,
1555 1807 1591 1828 se
1605 1794 1653 1828 ibi
1671 1794 1820 1828 libenter
1839 1807 1910 1828 esse

1230 1848 1404 1881 lecturum
1429 1847 1524 1881 Mam*
1548 1856 1652 1887 notus,
1679 1847 1707 1881 si
1734 1848 1911 1881 vocativus

1232 1909 1319 1934 esset
1336 1900 1480 1934 Graecus
1500 1913 1507 1934 ε
1526 1908 1585 1934 aut
1605 1901 1699 1934 Mani
1715 1909 1851 1940 amatus,
1870 1913 1911 1934 eo

1233 1952 1329 1999 quod
1344 1954 1472 1987 clarior
1493 1953 1652 1988 videatur
1670 1953 1910 1987 sententia.—

1233 2006 1431 2052 Simplicibus
1468 2010 1570 2040 annis.
1609 2006 1793 2052 Simplices
1828 2006 1910 2039 anni

1233 2059 1356 2104 primae
1375 2059 1494 2093 aetatis.
1518 2061 1610 2105 Ergo
1631 2072 1750 2093 sensus
1774 2068 1824 2093 est
1848 2071 1855 2091 :
1880 2059 1910 2092 O

1233 2124 1337 2157 quein
1366 2125 1382 2145 a
1412 2112 1541 2146 teneris
1567 2113 1660 2146 colui
1688 2121 1722 2145 et
1744 2113 1910 2145 veneror!

1235 2165 1288 2198 Cf,
1304 2165 1411 2198 Persii
1433 2165 1578 2211 insignis
1597 2165 1715 2206 locus,
1732 2174 1792 2198 sat.
1811 2178 1844 2205 v,
1862 2177 1910 2197 vs.

1238 2218 1292 2251 30.
1307 2231 1382 2264 sqq.

1290 2276 1323 2311 4.
1347 2272 1602 2316 Ιι’1[ιι·ιι’1σ.ι”ία1ιι.
1619 2271 1771 2305 Notatur
1782 2271 1911 2315 Etpue-

1234 2327 1276 2356 ris
1294 2326 1388 2363 inita,
1410 2324 1444 2357 in
1466 2337 1573 2369 marg.
1595 2323 1649 2357 ed.
1670 2324 1777 2358 Paris.
1804 2325 1910 2368 1617.

1234 2378 1498 2410 &Pr-ceramum.
1516 2377 1684 2411 Praetexta
1702 2377 1803 2410 vestis
1820 2385 1912 2413 erat.

1234 2443 1300 2475 qua
1335 2431 1555 2475 potissimum
1582 2431 1681 2476 pueri
1711 2428 1755 2463 ad
1781 2442 1910 2463 annum

1236 2496 1346 2529 usque
1364 2483 1671 2529 septemdecimum
1691 2483 1891 2516 utebantur.

1292 2537 1322 2570 5.
1345 2538 1449 2569 Terris
1470 2537 1577 2570 Iberis.
1597 2536 1755 2581 Intellige
1768 2548 1842 2568 eain
1858 2546 1909 2567 re-

1234 2589 1373 2634 gionem
1396 2603 1472 2636 quae
1490 2598 1539 2623 est
1561 2588 1605 2623 ad
1626 2590 1764 2623 Iberum
1787 2587 1909 2633 Hispa-

1236 2642 1300 2676 niae
1320 2643 1465 2676 fluvium
1483 2643 1562 2676 satis
1581 2650 1715 2675 nutum.

1288 2709 1320 2738 J.
1334 2696 1385 2727 (ιίι
1398 2697 1462 2727 lala
1475 2695 1621 2739 mapalia.
1632 2694 1777 2728 Gaetulia
1791 2693 1910 2726 Africa*
