1978 3305
415 218 476 278 78

795 217 857 260 M.
880 217 1024 260 VAL.
1064 217 1449 262 MARTIALIS

415 307 524 350 Cras
551 305 672 348 vives
696 320 706 346 :
733 302 862 347 hodie
885 303 975 363 jam
1004 303 1175 359 vivere,
1198 303 1459 360 Posthume,
1485 320 1628 348 serum
1656 315 1732 349 est.

483 372 562 417 llle
590 374 725 434 sapit,
746 373 960 433 quisquis,
984 371 1246 430 Posthume‚
1269 373 1376 417 vixit
1398 374 1507 418 heri.

415 512 507 545 facili
547 523 629 545 sane
664 510 803 556 pretio,
830 510 939 543 immo
968 510 1091 551 nullo,

415 565 495 609 quia
515 571 641 609 sponte
658 563 770 602 venit,
790 562 818 595 si
835 563 921 596 velis
942 563 1006 597 uti.
1024 562 1092 597 Sed

417 615 496 649 vide
514 617 652 649 Seneca:
671 615 770 662 epist.
788 627 854 649 ΧΠ.

469 682 505 713 7.
534 668 726 708 Postlmme,
754 669 880 702 tardum
911 677 957 701 est
981 668 1094 703 codex

417 721 650 756 Florentinus.
676 743 727 748 -
757 721 865 755 Hodie
880 723 949 766 jam
969 725 1092 763 vivere,

1151 519 1216 545 etc.
1239 511 1318 545 Lib.
1341 513 1379 553 Ι,
1398 512 1506 558 epigr.
1537 525 1606 546 ΧΠ.
1635 513 1748 547 Vivere
1773 522 1824 547 est

1151 564 1254 609 genio
1274 563 1470 610 indulgere.

1207 619 1242 652 8.
1270 618 1365 650 Vixit
1393 618 1470 651 lteri.
1501 617 1589 650 Nam
1609 617 1824 663 praeteritum

1153 670 1267 704 solum
1280 678 1415 703 certum
1431 677 1494 710 est,
1508 679 1730 712 aenostrum3
1741 682 1827 715 prae-

1154 735 1233 757 sens
1249 723 1377 757 nostris
1393 723 1556 757 manibus
1569 723 1730 757 elabitur.
1742 723 1809 757 Et).

1034 857 1201 912 LIX.

936 1018 1005 1046 AD
1043 1017 1306 1048 STELLAM.

489 1144 630 1201 QUOD
652 1159 740 1186 non
762 1152 1016 1203 argentum,
1037 1142 1155 1202 quod
1180 1159 1269 1186 non
1295 1141 1372 1185 tibi
1395 1143 1589 1185 misimus
1615 1157 1769 1185 aurum
1784 1177 1796 1196 ‚

563 1216 658 1257 Hoc
689 1212 870 1257 facimus
899 1228 1053 1267 causa,
1078 1211 1210 1256 Stella
1235 1212 1417 1267 diserte,
1439 1222 1526 1255 tua.

490 1284 698 1344 Quisquis
725 1299 884 1343 magna
910 1282 1052 1336 dedit,
1071 1282 1210 1327 voluit
1234 1282 1313 1327 sibi
1337 1298 1495 1343 magna
1521 1283 1705 1337 remitti3

560 1353 781 1398 Fictilibus
808 1354 967 1397 nostris
993 1363 1253 1397 exoneratus
1279 1354 1375 1397 eris.

478 1505 509 1526 1.
540 1492 638 1536 Quod
657 1505 719 1524 ηοιι
740 1491 796 1524 tibi
818 1493 967 1524 mittimus
988 1503 1099 1523 aurum

423 1545 610 1579 Pulmanni
646 1543 767 1578 codex.
797 1564 849 1570 —-
891 1543 989 1589 Quod
1025 1556 1098 1576 non.

425 1599 503 1632 Hoc
530 1606 605 1632 est:
630 1597 685 1631 Ad
710 1605 744 1631 te
770 1597 872 1631 mitto
894 1609 1002 1642 parva
1022 1609 1101 1630 inu-

424 1664 508 1685 nera
525 1676 535 1692 ,
565 1660 605 1685 ut
632 1651 732 1685 facile
749 1676 758 1691 ‚
789 1651 816 1684 si
842 1650 995 1683 volueris
1009 1676 1018 1691 ,
1034 1663 1100 1696 par

424 1705 500 1750 pari
529 1705 679 1738 referas:
701 1703 777 1737 odit
798 1704 892 1737 enim
919 1703 1043 1744 Poeta,
1061 1711 1101 1736 ut

426 1759 500 1803 ipse
519 1757 605 1791 dicit
623 1757 732 1803 epigr.
755 1769 849 1790 xvnl
864 1783 873 1798 ‚
892 1757 960 1790 hoc
982 1757 1072 1790 libro
1092 1782 1102 1798 ,

428 1829 442 1841 «
465 1811 610 1844 Dolosas
641 1823 831 1844 munerum
857 1818 891 1843 et
915 1810 1021 1844 malas
1037 1822 1103 1844 ,ar—

425 1873 488 1897 tes.
510 1881 523 1894 ι
550 1862 644 1897 Vide
663 1864 725 1897 lib.
748 1864 814 1905 IV,
833 1863 943 1910 epigr.
964 1875 1036 1898 Lvi.
1053 1884 1105 1890 -—

1159 1492 1338 1536 Argamum
1353 1518 1361 1531 ,
1380 1503 1501 1523 aurum.
1516 1490 1608 1523 Vasa
1627 1497 1786 1535 argentea
1802 1498 1835 1522 et

1159 1556 1276 1577 aurea.
1312 1544 1469 1578 Misimus.
1497 1544 1538 1576 In
1570 1542 1836 1584 Saturnalibus,

1159 1597 1222 1630 lib.
1242 1597 1277 1629 II
1289 1622 1299 1638 ‚
1320 1597 1429 1643 epigr.
1447 1608 1529 1630 xLV1
1544 1621 1554 1637 ,
1572 1609 1623 1629 vs.
1647 1609 1678 1630 1.

1217 1654 1249 1690 4.
1288 1651 1502 1683 Exoneratus.
1545 1650 1728 1683 Liberatus
1770 1647 1838 1682 eris

1161 1715 1269 1737 onere
1298 1702 1342 1736 ad
1370 1715 1426 1736 me
1445 1715 1589 1736 munera
1616 1700 1838 1742 remittendi,

1162 1769 1273 1802 quum
1289 1764 1407 1789 nostra
1426 1769 1503 1789 vasa
1518 1755 1638 1789 fictilia
1653 1755 1750 1801 parvi
1769 1755 1839 1788 sint

1163 1810 1334 1844 momenti
1355 1821 1363 1843 :
1383 1810 1459 1849 vel,
1482 1809 1607 1855 exigua
1629 1809 1732 1842 etiam
1763 1807 1839 1841 sine

1165 1871 1307 1908 sumptu
1330 1862 1462 1908 poteris
1477 1862 1668 1896 remittere.

1064 1998 1196 2054 LX.

848 2157 915 2186 AD
962 2136 1418 2186 1)]3ΤῃΛεΤοιὶΕΜ.’ι

640 2291 886 2333 ALLATRES
918 2286 1017 2331 licet
1042 2302 1179 2347 usque
1211 2302 1290 2330 nos
1316 2295 1359 2329 ct
1387 2302 1543 2347 usque,

640 2361 698 2403 Et
723 2358 973 2421 gannitibus
1000 2357 1208 2418 improbis
1238 2355 1446 2411 lacessam

485 2496 497 2509 “
529 2497 669 2532 Mordet
706 2497 930 2531 mordentem
964 2510 1109 2538 canem,

431 2553 532 2599 eique
550 2561 653 2597 nogat
674 2551 974 2584 immortalitatem
997 2550 1110 2584 nomi-

432 2607 502 2644 nis.
525 2618 629 2651 quam
649 2618 666 2638 a
691 2605 796 2637 Poeta
815 2603 990 2648 carpendo
1014 2604 1108 2637 volc-

432 2660 491 2692 ΒΜ
514 2659 718 2704 exprimere.

1562 2503 1625 2528 otc.
1665 2495 1846 2530 Conxiciis

1170 2550 1239 2583 tuis
1258 2557 1291 2582 et
1313 2548 1532 2590 ninlrdictis3
1555 2549 1699 2593 gannire
1721 2561 1844 2582 canum

1171 2610 1219 2636 est
1237 2616 1246 2644 ;
1261 2611 1299 2636 ut
1317 2602 1394 2642 alii,
1414 2602 1583 2648 vulpium.
1604 2602 1748 2647 Proprie
1765 2615 1846 2647 ergo

1171 2655 1258 2688 dixit
1284 2656 1486 2696 rannitt'leus.
1522 2655 1600 2700 quin
1635 2663 1733 2688 antea
1758 2653 1846 2687 dixit

1227 2510 1243 2529 ἰ
1252 2523 1258 2529 .
1302 2496 1495 2530 (immitibus
1516 2522 1522 2535 ‚
