1978 3305
467 256 565 310 234

840 255 901 298 M.
926 256 1067 298 VAL.
1105 254 1494 298 MARTIALIS

531 343 747 387 Natorum
775 343 912 402 pietas
942 341 1100 385 sanctis
1129 357 1257 401 quem
1285 342 1481 404 conjugis
1511 343 1675 387 umbris

605 413 782 456 Miscuit
806 429 815 455 ε
843 411 1037 472 Elysium
1067 411 1259 472 possidet
1285 412 1414 455 ambo
1444 429 1609 457 nemus.

536 482 712 526 Occidit
736 481 806 525 illa
833 483 954 542 prior
974 481 1100 525 viridi
1124 481 1325 525 fraudata
1347 482 1548 542 juventa3

605 553 688 596 Hic
710 568 847 613 prope
872 562 939 596 ter
965 568 1088 596 senas
1114 552 1222 596 vidit
1248 551 1542 613 Olympiadas.

535 622 619 666 Sed
644 622 854 666 festinatis
877 632 1049 684 raptum
1075 622 1151 666 tibi
1179 622 1362 667 credidit
1383 624 1530 677 annis,

606 693 784 753 Aspexit
809 692 1021 754 lacrymas
1049 694 1263 754 quisquis⁷
1283 695 1490 748 Etrusce,
1515 703 1622 738 tuas.

467 840 561 866 catus
593 845 676 866 vero
705 832 868 867 eumdem
899 842 1136 867 revocaverat.

468 886 544 919 Lib.
558 887 610 919 VI
621 910 629 923 ,
648 886 758 932 epigr.
775 898 926 920 Lxxx111.

523 938 558 972 3.
591 939 758 973 Natorum.
789 939 1020 973 Geminorum
1035 961 1044 978 ‚
1079 939 1139 985 qui

470 990 590 1025 eodem
611 1005 690 1026 cum
714 1000 839 1034 matre,
858 1005 934 1038 quae
951 992 1037 1025 flore
1059 1000 1139 1025 aeta-

470 1044 513 1078 tis
537 1045 704 1079 exstincta
727 1054 800 1086 est,
822 1045 985 1091 sepulcro
1006 1053 1140 1090 patrem

469 1097 716 1132 condiderunt.
733 1099 828 1131 Tum
843 1098 938 1131 filius
956 1098 1141 1131 Etruscum

471 1159 603 1196 patrem
633 1151 836 1184 damnatum
860 1159 894 1185 et
917 1150 955 1184 in
983 1151 1141 1184 exsilium

469 1205 619 1249 ejectum
638 1212 763 1249 sponte
785 1204 969 1238 comitatus
991 1211 1057 1244 est,
1078 1216 1141 1237 nec

470 1265 569 1290 antea
587 1256 717 1291 destitit
734 1258 874 1302 fatigare
892 1257 1054 1303 precibus
1070 1258 1141 1290 Do-

471 1310 675 1351 mitianum,
706 1323 810 1356 quam
839 1323 961 1356 pacem
987 1310 1059 1352 illi,
1087 1322 1142 1343 re-

470 1362 654 1408 ditumque
671 1364 884 1408 impetraret.
904 1386 955 1390 -—
975 1363 1140 1408 Conjugis.

471 1417 643 1458 Etruscae3
665 1428 682 1449 a
703 1429 770 1462 qua
790 1429 926 1451 summo
946 1417 1023 1450 loco
1043 1425 1143 1458 nata,

471 1469 637 1503 Etruscus
667 1470 832 1512 maritus,
860 1478 893 1504 et
924 1469 987 1503 filii
1014 1482 1144 1503 nomen

470 1534 635 1568 accepere

528 1580 560 1616 4.
578 1576 722 1609 Possidet
741 1577 849 1610 umbra
870 1575 949 1609 Ald.
965 1576 1063 1608 Junt.
1080 1576 1146 1609 Co-

471 1628 532 1661 lin.
559 1629 698 1674 Gryph.
733 1629 953 1676 improbante
976 1630 1143 1663 Grutero.

472 1680 544 1714 Sed
572 1681 676 1717 codd.
702 1683 817 1716 Vatic.
845 1683 1001 1716 Florent.
1033 1682 1144 1715 Palat.

471 1735 610 1768 Thuan.
628 1736 813 1770 Pulmanni
827 1764 836 1776 ,
857 1736 929 1776 alii,
946 1749 1026 1770 cum
1045 1734 1144 1769 editt.

472 1788 651 1834 antiquiss.
671 1789 805 1823 Ferrar.
824 1802 876 1823 an.
899 1793 992 1835 1471
1007 1789 1146 1834 possidet

470 1841 573 1882 ambo,
596 1842 790 1876 imitatione
804 1843 943 1888 Virgilii
965 1855 972 1875 :
999 1843 1057 1876 «Si
1073 1841 1144 1876 duo

472 1903 638 1939 praeterea.
665 1895 747 1929 tales
768 1895 861 1929 Idaea
884 1896 1017 1929 tulisset
1036 1896 1145 1930 Terra

473 1947 579 1981 viros.
601 1965 613 1977 n

526 2005 558 2033 6.
576 2002 641 2034 llic
655 2014 753 2046 prope
769 2010 815 2034 tet·
829 2001 924 2034 (lenus
942 2001 1050 2034 codex
1067 2002 1146 2034 Pul-

473 2054 602 2087 manni.
615 2055 679 2086 Hic
685 2068 783 2099 prope
794 2063 840 2087 tet·
849 2068 938 2087 senas
948 2057 1031 2087 vixit
1041 2054 1143 2088 codd.

472 2107 608 2140 Thuan.
625 2116 658 2140 et
672 2107 825 2141 Florent.
840 2116 874 2141 et
887 2108 983 2141 sicin
998 2109 1146 2141 nonnul·

473 2159 512 2193 lis
525 2159 606 2193 edd.
620 2182 671 2187 ——-
682 2161 746 2193 llic
755 2174 854 2206 prope
867 2169 914 2193 ter
925 2174 1023 2194 senas.
1040 2161 1145 2194 Poeta

471 2213 610 2246 videtur
627 2214 812 2259 sumpsisse
822 2213 1066 2260 Olympiadem
1082 2228 1145 2259 pro

472 2267 603 2307 lustro,
628 2279 686 2300 seu
714 2267 957 2313 quinquennio
982 2280 989 2301 z
1017 2267 1146 2300 Statius

471 2320 563 2352 «mim
585 2321 617 2353 in
637 2320 730 2365 Sylv.
751 2321 805 2354 111
824 2333 903 2367 quae
919 2320 1144 2362 inscribitur,

1198 834 1364 878 Lacrymoe
1391 833 1544 874 Etrusci,
1574 834 1623 867 sic
1652 832 1696 867 de
1726 835 1874 868 Etrusco

1199 886 1292 919 canit
1312 897 1320 918 z
1351 903 1364 915 ι
1384 887 1512 920 Dextra
1536 886 1590 920 bis
1611 886 1745 920 octonis
1770 887 1876 921 fluxe-

1199 947 1283 972 runt
1297 939 1418 973 saecula
1435 939 1572 981 lustris,
1588 940 1702 984 Atque
1719 940 1782 973 aevi
1801 940 1875 974 sine

1201 992 1296 1024 nube
1315 999 1431 1030 tenor,
1455 1010 1467 1021 ι
1488 999 1554 1025 etc.
1575 991 1626 1025 Ex
1644 992 1698 1025 his
1715 993 1875 1027 versibus

1201 1053 1335 1078 constat
1368 1045 1552 1078 Etruscum
1584 1045 1731 1078 feliciter
1766 1045 1876 1091 egisse

1201 1098 1378 1143 octoginta
1402 1110 1530 1139 annos,
1552 1105 1738 1144 antequam
1759 1099 1876 1132 mitte-

1201 1159 1299 1183 retur
1317 1150 1352 1183 in
1370 1150 1543 1184 exsilium.
1553 1149 1703 1184 Ovidius
1715 1151 1819 1185 etiam
1833 1150 1876 1185 de

1202 1203 1316 1237 Ponto
1326 1203 1390 1236 lib.
1401 1204 1467 1244 IV,
1479 1203 1564 1249 eleg.
1581 1216 1617 1237 VI
1627 1229 1636 1245 ‚
1650 1203 1684 1246 5,
1696 1203 1880 1250 Olympia·

1202 1255 1282 1289 dem
1301 1257 1448 1303 sumpsit
1463 1269 1528 1301 pro
1547 1254 1659 1291 lustro
1676 1269 1684 1290 :
1704 1274 1717 1287 «ι
1731 1257 1773 1290 In
1792 1257 1877 1303 Scy·

1203 1310 1276 1344 thia
1302 1310 1404 1343 nobis
1430 1310 1667 1355 quinquennis
1695 1310 1878 1355 Olympias

1203 1370 1276 1397 acta
1293 1371 1343 1396 est
1359 1377 1366 1395 :
1385 1363 1463 1396 Jatn
1480 1371 1616 1408 tempus
1632 1363 1733 1396 lustri
1754 1363 1879 1397 transit

1204 1417 1239 1449 in
1256 1416 1408 1450 alterius.
1430 1433 1442 1445 ι»
1466 1414 1570 1461 Apud
1585 1415 1780 1450 Historicos
1794 1428 1878 1449 vero

1205 1469 1386 1515 Olympias
1399 1469 1567 1514 accipitur
1580 1481 1645 1515 pro
1659 1477 1809 1515 quatuor
1821 1482 1879 1502 an-

1205 1523 1258 1556 nis
1274 1523 1434 1568 integris,
1453 1521 1497 1555 de
1516 1522 1642 1567 quibus
1656 1523 1726 1567 jam
1745 1520 1877 1555 dictum

1204 1588 1319 1621 supra.
1354 1575 1390 1608 Si
1422 1588 1504 1620 ergo
1536 1574 1784 1621 Olympiadem
1813 1588 1878 1621 pro

1205 1637 1357 1674 quatuor
1387 1629 1484 1662 annis
1515 1628 1688 1674 acciperet
1700 1653 1710 1668 ‚
1742 1636 1879 1674 septua-

1205 1691 1298 1728 ginta
1334 1694 1442 1716 annos
1479 1693 1708 1715 circumcirca
1741 1690 1882 1716 vixisset

1205 1736 1389 1775 Etruscus,
1411 1743 1513 1781 atque
1530 1734 1576 1768 ita
1595 1743 1717 1768 contra
1731 1733 1880 1768 Statium

1205 1788 1337 1822 diceret
1356 1788 1534 1822 Martialis.

1260 1855 1294 1887 7.
1326 1841 1393 1875 Sed
1414 1843 1588 1885 festinatis.
1620 1841 1698 1874 Hoc
1728 1848 1779 1874 est
1808 1852 1816 1873 :
1848 1840 1880 1874 O

1205 1895 1352 1929 Etrusce
1379 1895 1449 1936 fili,
1477 1895 1558 1927 licet
1585 1894 1753 1928 Etruscus
1783 1902 1882 1941 pater

1207 1957 1285 1982 tuus
1311 1949 1428 1981 senior
1456 1947 1647 1989 interierit,
1672 1947 1743 1980 fato
1766 1955 1880 1980 tamen

1207 2002 1395 2035 immaturo
1411 2002 1593 2046 abreptum
1612 2000 1674 2033 tibi
1691 2000 1789 2033 illum
1805 2012 1882 2033 cre-

1206 2053 1314 2092 didit,
1334 2054 1490 2099 quisquis
1509 2052 1597 2087 vidit
1615 2062 1691 2086 tuos
1710 2053 1880 2098 planctus.

1206 2109 1342 2153 Legunt
1360 2107 1416 2140 alii
1435 2119 1443 2139 :
1465 2107 1601 2151 Raptum
1622 2114 1651 2138 te
1672 2106 1804 2138 credidit
1823 2119 1881 2138 ‹m-

1207 2163 1265 2193 nis.
1284 2162 1323 2193 In
1336 2160 1403 2193 hoc
1414 2172 1514 2193 versu
1528 2160 1712 2192 Etruscum
1728 2168 1879 2205 patrem,

1206 2215 1242 2247 in
1261 2213 1384 2246 ultimo
1403 2213 1586 2245 Etruscum
1604 2212 1714 2245 lilium
1733 2212 1883 2257 alloque-

1205 2275 1304 2300 retur
1324 2267 1443 2307 Poeta,
1460 2273 1499 2298 ut
1516 2266 1624 2298 aiunt.
1641 2265 1766 2299 Melior
1780 2265 1881 2310 longe

1207 2320 1290 2353 mihi
1308 2318 1447 2353 videtur
1466 2319 1564 2365 prior
1582 2319 1696 2354 lectio.
