1978 3305
357 214 944 258 EPIGRAMMATUM
984 214 1108 256 LIB.
1150 213 1235 254 XI.

1407 210 1506 270 639

644 362 956 419 LXXIII.

630 520 685 546 IN
725 518 966 547 LYGDUM.

163 648 436 691 VENTURUM
459 644 579 703 juras
606 659 778 703 semper
803 642 940 695 mihi,
966 640 1116 701 Lygde
1132 677 1142 695 ‚
1168 642 1337 702 roganti
1361 659 1367 683 :

235 714 563 775 Constituisque
588 713 743 757 horam
761 748 771 763 ,
801 712 1116 772 constituisque
1141 710 1298 755 locum.

163 787 312 843 Quum
342 785 501 829 frustra
526 784 643 844 jacui
670 783 800 843 longa
826 783 1049 844 prurigine
1072 791 1219 826 tentus
1236 818 1246 836 ,

234 856 460 900 Succurrit
485 872 565 916 pro
592 864 633 899 te
661 871 772 916 saepe
797 854 968 898 sinistra
993 853 1109 896 mihi.

164 926 281 983 Quid
304 942 458 987 precer
473 961 483 980 ‚
505 942 530 969 o
554 924 684 969 fallax
699 961 709 980 ‚
731 925 895 969 meritis
917 933 960 967 et
985 923 1180 967 moribus
1207 923 1327 967 istis?

233 996 481 1041 Umbellam
509 995 664 1048 luscae,
689 995 840 1056 Lygde
856 1029 866 1048 ,
894 994 1005 1038 feras
1028 994 1226 1038 dominae.

444 1143 512 1168 etc.
541 1136 592 1168 Te
626 1134 770 1168 scilicet.

94 1189 216 1236 Lygde.
231 1188 373 1235 Lygdus
389 1213 398 1229 ‚
417 1186 619 1233 Lygdamus
647 1188 771 1221 usitata

93 1242 238 1275 servulis
257 1251 290 1275 et
312 1242 352 1275 iis
373 1241 508 1274 amasiis
528 1241 686 1275 nomina.

149 1295 182 1329 3.
215 1296 329 1340 Longa
358 1296 522 1339 prurigine
554 1303 666 1327 tentus.
684 1295 717 1325 V
720 1292 769 1326 id.

93 1349 204 1394 epigr.
241 1359 335 1381 LVIII
364 1359 480 1393 supra.
512 1348 625 1393 Longa
655 1355 770 1380 autem

93 1409 146 1435 est
164 1400 314 1435 diutina.

147 1459 182 1495 4.
198 1452 434 1489 Sinistra.Vid.
447 1452 491 1486 ad
503 1453 565 1487 lib.
577 1453 646 1494 IX,
661 1453 772 1498 epigr.

95 1519 170 1540 xm!
182 1533 191 1548 ‚
211 1519 306 1540 xnv.

149 1560 183 1594 5.
206 1561 334 1593 Precor.
353 1559 408 1592 Sic
425 1558 504 1592 cod.
528 1559 563 1591 in
584 1571 692 1604 marg.
717 1558 771 1591 ed.

93 1613 202 1646 Paris.
231 1616 342 1658 1617.
362 1614 491 1645 Precor.
512 1611 591 1645 edd.
618 1620 702 1645 vett.
722 1633 774 1637 —

95 1666 224 1699 Fallax.
241 1666 410 1699 Fallacem
430 1674 542 1707 vocat,
559 1665 694 1711 quippe
711 1664 773 1710 qui

151 1149 180 1170 1.
201 1136 376 1168 Venturum
398 1162 406 1174 ,

831 1146 905 1167 non
922 1142 988 1167 stet
1004 1133 1187 1179 pollicitis;
1204 1141 1238 1166 et
1253 1133 1302 1166 sic
1318 1138 1364 1178 τῷ
1379 1133 1512 1165 πηγαῖσι

833 1187 946 1220 utitur
965 1186 1132 1219 Horatius
1145 1210 1155 1225 ‚
1172 1186 1233 1231 qui
1253 1187 1314 1218 lib.
1333 1188 1369 1225 Ι,
1389 1195 1449 1219 sat.
1470 1199 1510 1223 v,

833 1253 882 1273 vs.
905 1241 949 1273 82
973 1252 1010 1272 :u
1028 1239 1095 1272 Hic
1117 1251 1180 1285 ego
1201 1238 1404 1272 mendacem
1424 1240 1511 1272 stul-

833 1293 986 1326 tissimus
1002 1304 1113 1338 usque
1127 1292 1279 1338 puellam
1292 1291 1347 1325 Ad
1363 1292 1511 1325 mediam

832 1354 970 1379 noctem
990 1354 1163 1390 exspecto.
1181 1363 1193 1374 1·
1214 1346 1282 1378 En.

889 1402 923 1432 6.
952 1398 1138 1432 Umbellam.
1162 1399 1213 1431 De
1236 1411 1302 1444 qua
1324 1399 1384 1432 lib.
1410 1398 1509 1437 XIV,

834 1452 944 1497 epigr.
961 1464 1088 1485 xxv111.
1101 1452 1274 1484 —Luscae
1291 1452 1435 1484 dominae.
1456 1452 1512 1483 In-

835 1505 962 1538 servias
982 1503 1132 1538 deformi
1151 1504 1324 1545 dominae,
1344 1504 1511 1550 quoniam

833 1571 905 1591 nou
924 1558 975 1591 vis
991 1559 1097 1591 amari
1117 1570 1134 1590 a
1154 1557 1310 1591 domino.
1326 1580 1378 1584 —-
1391 1558 1511 1591 Tacite

834 1620 949 1644 autem
977 1610 1149 1657 significat
1185 1620 1343 1657 optatum
1373 1611 1440 1645 sibi
1474 1620 1512 1644 ut

835 1676 913 1698 cum
927 1665 1024 1698 lusca
1038 1676 1111 1697 rem
1131 1663 1276 1710 Lygdus
1292 1664 1429 1698 habeat.
1443 1665 1511 1698 Er).

648 1802 951 1857 LXXIV.

619 1960 683 1987 DE
724 1959 748 1986 B
766 1958 992 1987 ACCARA.

166 2087 445 2131 CURANDUM
477 2099 633 2145 penem
661 2083 879 2127 commisit
904 2085 1093 2126 Baccara
1121 2084 1301 2127 Graecus

235 2154 377 2199 Rivali
406 2154 577 2199 medico
600 2171 608 2197 :
636 2156 821 2198 Baccara
848 2152 1000 2198 Gallus
1029 2154 1122 2197 erit.

153 2310 184 2331 1.
211 2296 394 2330 Curandum
425 2296 520 2328 rivali
549 2296 678 2328 medico.
706 2294 776 2336 Qui

95 2350 250 2395 ejusdem
269 2350 393 2396 puellae
406 2350 460 2383 vel
476 2349 575 2395 pueri
592 2361 710 2381 amore
724 2361 776 2381 ca·

95 2412 178 2449 ptus
199 2412 285 2437 erat.

152 2470 169 2490 a
179 2483 186 2489 .
210 2456 338 2491 Gallus.
353 2456 465 2489 Jocus
480 2464 530 2489 est
544 2455 634 2488 circa
652 2466 773 2487 vocem

96 2509 293 2556 ambiguam
328 2509 445 2544 Gallus
475 2521 551 2554 quae
583 2517 616 2541 et
648 2516 775 2541 castra-

97 2571 174 2596 tum
208 2562 357 2609 Cybeles
391 2561 608 2596 sacerdotem
646 2560 776 2606 signifi-

97 2624 171 2652 cat.
192 2624 225 2649 et
245 2615 359 2651 virum
382 2628 401 2648 e
424 2614 546 2648 Galliis
568 2613 774 2647 oriundum.

837 2294 931 2328 Dicit
948 2307 1030 2340 ergo
1044 2294 1172 2328 Noster
1188 2295 1262 2328 fore
1277 2304 1316 2329 ut
1330 2295 1373 2329 de
1389 2297 1511 2333 Graeco

836 2355 993 2380 vertatur
1019 2348 1167 2381 Baccara
1190 2349 1226 2381 in
1259 2349 1423 2390 Gallum,
1452 2352 1511 2386 sed

837 2413 909 2434 non
930 2413 1008 2434 eum
1024 2402 1088 2447 qui
1105 2401 1140 2434 in
1155 2401 1278 2435 Galliis
1292 2412 1410 2444 natus,
1430 2416 1510 2439 eum

835 2466 919 2487 vero
946 2454 1005 2500 qui
1034 2454 1181 2500 Cybeles
1206 2455 1442 2492 sacerdotibus
1470 2460 1512 2493 sit

836 2507 979 2548 similis;
999 2507 1097 2540 illum
1115 2521 1244 2554 nempe
1265 2509 1441 2544 eviraturo
1459 2525 1514 2545 ze-

835 2561 958 2606 lotypo
973 2559 1179 2602 medico‚ut
1189 2561 1296 2595 amica
1312 2576 1405 2597 nunc
1420 2577 1514 2599 com·

836 2614 935 2647 muni
949 2614 1042 2647 solus
1059 2627 1139 2647 mox
1160 2615 1326 2660 potiatur.
1345 2617 1412 2651 En.
