1978 3305
344 240 927 285 EPIGRAMMATUM
964 239 1088 282 LIB.
1112 238 1198 280 VI.

1392 235 1479 280 185

213 328 399 371 Tantum
416 362 428 383 ,
451 343 619 371 summe
641 326 827 381 ducum,
850 325 980 369 debet
1005 334 1189 384 uterque
1213 321 1290 366 tibi
1312 338 1319 364 :

145 399 259 442 Nam
290 407 338 441 tu
361 398 491 441 missa
513 406 587 441 tua
610 397 823 441 revocasti
847 395 1028 440 fulmina
1050 394 1224 449 dextra3

217 469 310 511 Hos
342 483 550 528 cuperem
580 483 724 512 mores
752 466 922 528 ignibus
952 481 1045 509 esse
1073 465 1204 509 Jovis.

147 537 191 582 Si
218 547 291 581 tua
321 539 376 582 sit
400 554 594 594 summo,
620 539 788 592 Caesar,
817 546 974 580 natura
994 534 1203 588 Tonanti,

216 609 377 652 Utetur
401 617 495 652 toto
520 607 701 651 fulmine
728 622 826 650 rara
853 622 1020 650 manus.

147 679 344 722 Muneris
368 678 454 722 hoc
475 687 709 738 utrumque
733 678 797 720 tui
822 685 1006 720 testatur
1027 677 1237 719 Etruscus
1253 709 1265 730 ‚

217 750 324 792 Esse
349 747 467 808 quod
490 757 533 791 et
554 747 702 791 comiti
724 747 926 807 contigit,
950 755 994 790 et
1017 744 1178 789 reduci.

79 887 164 929 fuit;
185 885 313 920 deinde
335 886 530 932 Caligulam
553 885 671 919 minus
701 886 752 919 fa-

79 948 219 973 ventem
250 947 412 985 expertus
425 964 434 980 ‚
472 939 516 972 ab
550 951 592 972 eo
627 938 754 984 pulsus

79 993 157 1026 aula
169 1018 179 1034 ‚
197 1004 280 1025 mox
301 1000 418 1026 tamen
435 999 622 1025 revocatus
637 999 704 1033 est,
720 1000 754 1026 et

79 1045 117 1078 in
131 1046 204 1090 ejus
223 1045 392 1078 comitatu
412 1045 590 1090 profectus
608 1044 652 1078 ad
669 1044 756 1078 Ger-

80 1098 252 1131 manicam
280 1097 555 1143 expeditionem.
576 1097 651 1131 Sub
679 1097 754 1130 aliis

80 1150 208 1184 deinde
246 1151 438 1185 Caesaribus
480 1151 572 1184 varia
612 1150 755 1184 fortuna

80 1216 162 1237 usus
175 1229 184 1245 ‚
203 1202 247 1237 ad
260 1216 401 1248 magnos
419 1203 572 1237 honores
591 1211 626 1237 et
646 1205 754 1249 majo·

82 1269 138 1290 res
167 1268 252 1301 opes
282 1256 389 1290 evasit
421 1268 430 1290 :
467 1269 577 1290 annos
611 1255 754 1290 demum

82 1309 259 1355 octoginta
277 1317 379 1343 natus
401 1321 419 1342 a
440 1309 664 1348 Domitiano,
688 1318 753 1342 etc.

812 898 887 919 rem
904 892 944 918 ut
961 892 1094 917 tantam
1111 880 1332 916 clementiam
1346 880 1490 914 haberet

812 938 971 984 Jupiter;
999 949 1080 971 raro
1102 936 1199 969 enim
1220 935 1355 968 fulmen
1374 933 1489 966 vibra-

813 999 868 1025 ret
888 999 1015 1024 totum.
1033 1011 1084 1016 -
1111 988 1251 1034 Ignibus.
1274 987 1325 1020 Ut
1342 986 1413 1020 sint
1433 997 1489 1019 re-

814 1044 1000 1078 vocabiles.

870 1099 904 1130 6.
924 1098 1023 1129 Torto
1035 1095 1172 1139 fulmine
1199 1091 1372 1126 Heraldus
1393 1091 1490 1136 legit.

814 1171 866 1177 --
884 1151 976 1183 Toto.
1003 1149 1095 1182 Tota
1119 1147 1154 1180 vi
1174 1146 1318 1186 emisso,
1341 1144 1492 1178 trisulcis

814 1203 955 1248 ignibus
970 1202 1112 1235 infesto.

869 1268 903 1300 7.
937 1255 1010 1288 Hoc
1040 1263 1214 1299 utrumque.
1249 1251 1387 1296 Nempe
1423 1250 1490 1296 ipsi

815 1308 920 1342 fuisse
941 1307 1152 1354 permissum
1181 1314 1215 1339 et
1244 1303 1406 1338 comitari
1430 1315 1492 1348 pa-

137 1363 172 1396 3.
188 1362 339 1395 Fulmina
368 1364 462 1394 missa
491 1362 616 1396 dextra.
632 1362 754 1396 Exsilii
812 1370 901 1395 trem
918 1387 928 1403 ,
954 1369 987 1394 et
1016 1360 1119 1394 simul
1140 1372 1220 1393 cum
1249 1370 1290 1391 eo
1314 1355 1429 1390 redire
1450 1356 1493 1388 ab

84 1414 281 1449 decretum.

137 1472 170 1509 4.
191 1468 261 1501 Hos
283 1481 434 1514 cuperem.
461 1468 536 1502 Hoc
559 1477 626 1508 est,
648 1468 757 1514 Opta-

813 1415 946 1448 exsilio.
975 1414 1032 1447 Sic
1059 1414 1166 1446 Poeta
1191 1410 1311 1446 laudat
1341 1410 1492 1444 clemen-

815 1468 899 1501 tiam
917 1466 1129 1500 Domitiani.

606 1606 975 1662 LXXXIV.

582 1763 647 1791 DE
685 1743 1004 1792 ΡΗΙΙΑΙΡΡΟΫι

159 1889 452 1932 OCTAPHORO
482 1902 612 1931 sanus
637 1895 861 1947 portatur,
883 1886 1035 1940 Avito,
1061 1883 1314 1945 Pl1ilippus3

228 1960 358 2002 Hunc
388 1967 436 2001 tu
465 1958 499 2001 si
525 1973 677 2002 sanum
701 1956 864 2013 credis,
887 1957 1037 2012 Avste,
1062 1955 1182 2000 furis.

143 2090 157 2105 '
173 2096 406 2141 Arrogantem
423 2104 456 2129 et
478 2095 670 2141 superbum
689 2107 764 2129 car-

91 2148 143 2194 pit
159 2148 325 2189 breviter,
346 2147 407 2182 sed
429 2148 566 2182 acriter.
584 2148 650 2181 En.

150 2213 163 2234 1
175 2225 182 2232 .
199 2201 382 2247 Octaphoro
395 2214 490 2234 sanus
496 2209 657 2246 portatur,
672 2201 705 2234 A
709 2202 766 2233 vite

92 2266 134 2287 ex
153 2254 288 2287 Beverl.
313 2254 388 2288 MS.
409 2276 463 2281 —
484 2255 682 2300 Octaphoro.
699 2255 765 2287 Le-

94 2306 181 2340 ctica
200 2307 243 2340 ab
262 2315 342 2340 octo
361 2307 468 2341 servis
489 2315 629 2353 gestata.
647 2307 681 2341 Is
701 2307 768 2340 fuit

93 2359 331 2404 potentiorum
352 2360 457 2393 fastus
477 2369 560 2394 tunc
581 2359 768 2406 temporis,

93 2412 267 2457 eleganter
278 2420 418 2446 notatus
434 2416 452 2445 a
464 2413 598 2458 Cynico
610 2413 768 2446 Luciani.

94 2465 184 2498 Nam
204 2465 239 2497 in
256 2465 323 2498 illis
344 2465 475 2499 lecticis
488 2466 661 2499 cubabant
674 2477 770 2498 resu-

94 2518 182 2563 pini.
205 2517 273 2552 Sed
293 2517 337 2551 de
359 2518 510 2552 Lecticis
532 2527 566 2552 et
583 2517 627 2552 de
650 2531 771 2551 earum

825 2107 888 2128 usu
908 2094 1017 2127 multa
1039 2093 1176 2139 scripsit
1193 2091 1334 2138 Lipsius
1353 2091 1443 2123 libro
1461 2091 1477 2122 I
1490 2116 1498 2130 ‚

824 2148 936 2181 Elect.
955 2159 1030 2193 cap.
1053 2159 1111 2191 19.
1128 2145 1212 2179 Vid.
1235 2145 1297 2179 lib.
1315 2145 1372 2185 II,
1390 2143 1497 2188 epigr.

825 2212 943 2235 LXXXI.
955 2221 1008 2227 —
1024 2200 1140 2233 Sanus,
1158 2200 1326 2244 Corpore.

881 2266 914 2287 2.
928 2254 1024 2286 Hunc
1041 2261 1074 2285 tu
1088 2255 1116 2285 si
1127 2265 1247 2284 sanum.
1263 2250 1393 2283 Animo
1410 2261 1505 2281 nem-

826 2319 891 2353 pe3
910 2306 1041 2339 etenim
1063 2305 1180 2338 nimiae
1202 2312 1275 2337 erat
1297 2301 1503 2347 arrogantiae

828 2360 870 2393 ab
891 2367 971 2393 octo
994 2358 1102 2391 servis
1121 2357 1257 2403 gestari.
1279 2377 1331 2382 -—
1362 2373 1375 2384 ·‹
1393 2353 1500 2396 Quod

829 2413 903 2458 ipse
924 2413 1005 2446 Non
1032 2411 1105 2444 sani
1133 2423 1205 2444 esse
1235 2409 1407 2448 hominis,
1432 2420 1504 2440 non

830 2478 932 2499 sanus
951 2467 1041 2509 juret
1061 2464 1238 2498 Orestes.=»
1254 2463 1352 2496 Pers.
1375 2461 1506 2507 Satyrae

834 2530 892 2560 111,
909 2518 971 2551 ult.
985 2529 1099 2552 versu.
