1978 3305
346 240 933 288 EPIGRAMMATUM
971 239 1095 283 LIB.
1122 238 1272 281 VIII,

1422 235 1519 298 319

251 334 307 376 Et
334 332 560 376 dominum
583 329 735 374 mundi
768 329 941 373 flectere
971 336 1074 371 vota
1102 325 1270 375 valent;

184 405 287 448 Haec
318 418 343 446 a
371 401 545 447 Sardois
574 401 652 444 tibi
678 400 859 444 forsitan
886 397 1044 442 exsulis
1070 397 1179 447 oris,

252 476 402 518 Fratre
432 488 686 524 reversuro,
716 470 869 514 nuntia
898 469 1017 513 venit
1045 470 1149 511 avis.

252 614 332 656 Τὸν
361 613 510 671 κόσμου
540 611 740 670 κάμπτειν
766 610 923 658 παντὸς
948 607 1108 651 ἄνακτα
1132 606 1268 658 λιταὶ,

183 685 298 730 Αὕτη
331 683 393 726 σοὶ
420 676 601 743 φυγάδος
632 680 754 740 τυχὸν
785 681 946 740 ἔρχεται
975 679 1077 737 ὅρνις
1106 671 1280 736 ἀδελφοῦ

253 742 432 815 Ᾰγγελος
465 755 509 795 ἐκ
537 744 718 812 Σαρδοῦς
750 744 887 793 οἴκαδε
915 749 1161 807 νισσομένου.

114 893 169 926 nis
189 904 290 926 causa
313 892 405 925 ultro
430 890 477 924 ad
497 890 657 924 homines
685 888 791 923 advo-

114 946 199 980 lasse
224 945 347 979 scribit
363 971 372 987 ,
392 957 483 978 unus
499 957 542 978 ex
563 943 700 984 multis,
720 943 791 975 Va-

114 998 220 1032 lerius
243 998 432 1039 Maximus,
449 997 512 1031 lib.
526 997 563 1038 I,
583 1008 660 1042 cap.
684 999 717 1035 4.

908 901 941 933 7.
972 888 1106 922 Exsulis
1139 889 1216 920 oris.
1245 886 1298 920 Ex
1328 885 1531 932 regionibus

852 941 969 975 fratris
993 941 1045 975 tui
1069 940 1215 981 exsulis,
1237 940 1305 973 hoc
1333 948 1401 979 est,
1417 952 1457 972 ex
1475 951 1530 971 re-

851 995 1013 1040 gionibus
1026 994 1088 1028 ubi
1105 994 1239 1027 exsulat
1259 993 1364 1027 frater
1385 1000 1478 1026 tuus.

656 1147 980 1204 XXXIII.

449 1304 518 1332 An
557 1303 821 1342 PAULUM,

860 1303 928 1330 DE
969 1301 1199 1330 PHIALA.

187 1431 260 1474 DE
285 1429 523 1491 praetori-tia
549 1426 701 1472 folium
722 1425 853 1482 mihi,
877 1425 1033 1479 Paule,
1060 1442 1224 1469 corona

257 1501 419 1556 Mittis,
442 1508 486 1543 et
504 1499 591 1542 hoc
613 1497 767 1559 phialae
789 1513 951 1540 nomen
975 1496 1138 1540 habere
1158 1496 1297 1556 jubes.

190 1572 284 1616 Hac
310 1571 453 1615 fuerat
474 1585 616 1630 nuper
645 1566 806 1612 nebula
831 1567 909 1611 tibi
932 1583 1091 1628 pegma
1114 1577 1401 1628 perunctum,

258 1640 422 1686 Pallida
452 1656 583 1701 quam
613 1639 736 1682 rubri
761 1636 887 1681 diluit
914 1637 1033 1681 unda
1060 1638 1189 1681 croci.

190 1714 258 1755 An
283 1711 420 1772 magis
445 1711 575 1755 astuti
600 1709 754 1754 derasa
780 1718 845 1752 est
868 1724 1015 1769 ungue
1038 1709 1223 1752 ministri

259 1783 467 1837 Bractea,
493 1780 547 1825 de
575 1779 716 1824 fulcro
743 1774 879 1840 (quod
901 1794 1002 1823 reor
1028 1775 1138 1835 esse)
1161 1777 1266 1822 tuo?

179 1943 209 1964 1.
226 1930 278 1963 De
286 1930 479 1975 praetorc'tia.
494 1928 600 1961 Poeta
619 1926 800 1961 avaritiam

121 1983 218 2016 Pauli
237 1981 377 2016 deridet
388 2009 397 2024 ,
417 1995 436 2015 a
453 1993 524 2027 quo
535 1981 690 2027 phialam
706 1979 800 2014 dono

121 2044 298 2081 acceperat
325 2044 396 2069 tam
420 2043 561 2068 tenuem
575 2058 585 2074 ,
605 2042 644 2066 ut
667 2033 800 2067 nullius

120 2090 176 2123 vel
193 2090 293 2134 parvi
307 2096 396 2122 esset
413 2087 532 2134 pretii.
548 2088 590 2119 In
607 2085 701 2120 ludis
714 2098 801 2132 prae-

123 2150 218 2175 tores
237 2142 396 2176 solebant
419 2140 615 2174 victoribus
636 2139 720 2173 dare
740 2151 798 2173 co-

122 2207 225 2228 ronas
245 2194 359 2228 aureis
381 2194 436 2227 vei
461 2193 631 2239 argenteis
651 2193 798 2226 bracteis

122 2247 297 2292 insignes,
311 2259 389 2292 quae
405 2246 510 2280 flores
530 2255 564 2279 et
583 2245 666 2279 folia
688 2245 800 2291 expri-

123 2307 272 2333 merent.
303 2299 430 2333 Sensus
463 2308 514 2332 est
533 2311 542 2332 :
571 2299 709 2332 Folium
738 2310 799 2332 seu

122 2352 289 2386 laminam
305 2351 541 2385 tenuissimam
560 2351 678 2396 potius
691 2363 798 2397 quam

122 2404 276 2450 phialam
294 2404 419 2438 misisti
435 2404 533 2437 mihi.

179 2458 214 2491 3.
232 2459 436 2500 Hacfuerat.
452 2456 508 2490 Sic.
520 2456 720 2501 intelligunt
739 2457 798 2489 In·

123 2518 306 2556 terpretes.
321 2511 447 2555 Pegma
460 2508 503 2543 de
519 2521 588 2555 quo
603 2509 664 2542 lib.
681 2509 796 2554 Spect.

125 2563 235 2609 epigr.
254 2575 304 2604 11,
322 2575 436 2608 nuper
452 2563 564 2596 fuerat
583 2562 648 2595 hac
668 2562 798 2595 lamina

126 2616 323 2649 inauratum
337 2642 346 2657 ,
369 2629 473 2662 quam
491 2615 655 2648 nebulam
675 2622 776 2647 vocat
791 2639 799 2655 ,

125 2668 193 2702 hoc
212 2677 281 2710 est,
303 2677 442 2703 tenuem
464 2669 571 2702 instar
594 2668 746 2709 nebulae,
768 2677 800 2701 et

861 1938 941 1972 quae
977 1924 1088 1959 diluta
1125 1938 1185 1959 seu
1221 1926 1334 1960 ablata
1363 1934 1413 1959 est
1441 1927 1535 1960 croci

860 1978 1156 2025 adspersione‚de
1166 1991 1233 2025 qua
1247 1979 1308 2012 lib.
1329 1979 1443 2025 Spect.
1461 1980 1535 2025 epi-

859 2045 1005 2078 gramm.
1025 2032 1390 2066 111.—Pallida1‹nda
1407 2031 1535 2066 dicitur

859 2086 917 2119 hic
932 2111 940 2127 ‚
964 2085 1060 2131 quod
1079 2097 1201 2118 crocus
1222 2085 1307 2118 vino
1329 2084 1422 2118 dulci
1451 2086 1537 2118 mix—

860 2147 913 2172 tus
935 2138 1065 2171 flavum
1083 2139 1237 2172 colorem
1253 2139 1412 2171 referret.

913 2195 947 2224 6.
970 2192 1110 2224 Bractea
1137 2191 1175 2223 de
1198 2204 1297 2236 puero
1320 2203 1412 2237 quam
1436 2191 1535 2224 exhi-

857 2245 945 2277 bent
970 2243 1072 2278 codd.
1095 2245 1174 2277 Vat.
1207 2252 1240 2276 et
1268 2244 1425 2276 Florent.
1450 2244 1535 2277 Bra-

858 2305 925 2329 ctea
938 2298 1093 2341 defulcro
1115 2310 1206 2343 quam
1226 2295 1395 2329 Aldinum
1419 2309 1534 2330 exem·

858 2351 947 2395 plar,
967 2349 1063 2396 quod
1083 2362 1215 2383 comma
1234 2349 1339 2382 habet
1360 2359 1442 2394 post
1457 2363 1534 2383 ver-

858 2404 943 2436 bum
966 2405 1100 2435 ministri
1117 2401 1267 2448 praeced.
1288 2414 1402 2435 versu.
1423 2404 1535 2436 —De

851 2456 972 2498 fulcro.
994 2456 1091 2489 Lecti
1113 2463 1147 2488 et
1171 2467 1295 2487 eorum
1324 2455 1433 2488 fulcra
1454 2456 1534 2490 bra-

858 2508 942 2541 cteis
973 2508 1142 2554 argenteis
1167 2516 1263 2541 erant
1290 2516 1421 2542 ornata.
1448 2510 1533 2543 Sue-

863 2562 978 2595 tonius
995 2561 1069 2595 haec
1090 2561 1197 2595 refert
1212 2561 1248 2594 in
1263 2561 1417 2607 Caligula
1430 2588 1438 2602 ‚
1459 2575 1534 2608 cap.

865 2627 908 2647 22
927 2626 934 2647 :
953 2615 1094 2647 “Romae
1104 2614 1248 2660 publico
1260 2614 1363 2660 epulo
1380 2627 1536 2656 servum,

863 2669 908 2701 oh
922 2666 1113 2701 detractam
1125 2667 1223 2701 lectis
1234 2676 1430 2713 argenteam
1441 2669 1540 2702 laini-
