1978 3305
496 247 591 305 514

865 251 927 293 Μ.
955 251 1029 295 VA
1047 251 1094 293 L.
1135 251 1524 295 MARTIALIS

1128 403 1258 458 XL.

862 558 927 585 AD
966 556 1156 585 LUPUM
1196 558 1260 586 DE
1300 538 1521 587 POLLA.*

694 683 884 726 SEMPER
913 698 1046 743 quum
1075 682 1181 726 mihi
1211 682 1429 727 diceretur
1455 700 1548 727 esse

695 754 872 797 Secreto
902 768 994 796 mea
1021 751 1140 796 Polla
1169 769 1268 796 cum
1299 753 1486 804 cinaedo,

691 824 862 884 Irrupi,
887 825 1009 884 Lupe
1034 840 1041 866 :
1066 839 1153 867 non
1178 833 1271 867 erat
1296 823 1497 868 cinaedus.

531 951 545 967 ¹*
559 957 611 989 De
638 956 735 989 Polla
766 956 927 990 nesciunt
960 954 1039 989 edd.
1073 955 1151 989 Ald.

477 1010 577 1043 Junt.
592 1009 706 1044 Colin.
724 1008 886 1044 Nostram
906 1009 1089 1042 lectionem
1108 1017 1155 1041 ta·

477 1074 559 1096 men
581 1062 726 1108 plurimi
747 1061 925 1096 exhibent.

535 1115 568 1150 3.
585 1116 658 1149 Non
675 1123 743 1148 erat
762 1114 909 1148 cinaedus.
931 1114 1028 1148 Alius
1048 1123 1121 1148 erat
1137 1126 1153 1147 a

1213 954 1358 990 cinaedo.
1401 956 1509 999 Quod
1540 966 1656 991 autem
1695 958 1799 992 fuerit
1830 957 1896 991 hoc

1222 1008 1410 1054 flagitium,
1430 1008 1570 1044 videtur
1588 1011 1733 1044 innuere
1751 1023 1897 1057 parono-

1214 1062 1318 1095 masia
1333 1065 1388 1095 τοῦ
1404 1063 1517 1108 Irrupi.
1529 1063 1606 1096 Lib.
1621 1064 1674 1103 ΙΙ,
1688 1063 1894 1109 epigramm.

1217 1127 1316 1149 nvn
1329 1140 1338 1157 ,
1357 1127 1405 1149 vs.
1430 1115 1462 1148 3.

1098 1249 1264 1305 XLI.

924 1399 978 1427 [N
1027 1378 1454 1428 PROCULEtAMf

547 1526 711 1569 MENSE
745 1539 862 1567 novo
893 1524 988 1566 Jani
1024 1532 1241 1578 veterem,
1269 1522 1520 1575 Proculeia,
1551 1524 1753 1568 maritum

618 1595 819 1647 Deseris,
842 1603 971 1653 atque
991 1593 1117 1652 jubes
1149 1609 1215 1637 res
1246 1592 1323 1637 sibi
1353 1593 1514 1636 habere
1540 1609 1651 1637 suas.

548 1665 687 1722 Quid,
710 1681 840 1725 rogo,
861 1663 964 1724 quid
988 1663 1150 1707 factum
1172 1662 1261 1708 est?
1283 1663 1411 1708 subiti
1434 1679 1530 1724 quae
1555 1679 1682 1708 causa
1706 1663 1894 1709 doloris?

617 1734 686 1779 Nil
714 1735 819 1778 mihi
843 1733 1107 1795 respondes?
1127 1733 1268 1778 dicam
1295 1750 1400 1795 ego,
1419 1736 1584 1778 Praetor
1608 1744 1712 1779 erat.

547 1809 809 1850 Constatura
832 1804 913 1861 fuit
939 1804 1200 1865 Megalensis
1226 1821 1420 1866 purpura
1446 1814 1621 1849 centum

530 1937 545 1951 *
568 1938 729 1971 Avaritiae
747 1950 861 1971 caussa
875 1963 884 1978 ‚
901 1950 1000 1970 avara
1021 1937 1151 1971 Procu-

477 1993 542 2026 leia
561 2003 577 2024 a
599 1991 674 2024 viro
694 1990 850 2024 divertit.

536 2057 566 2078 1.
588 2044 695 2077 Mense
711 2056 808 2083 πονο,
831 2051 895 2076 etc.
912 2043 1079 2076 Januario
1092 2069 1100 2083 ‚
1119 2051 1152 2076 et

479 2101 514 2132 τὸ
537 2109 616 2130 novo
638 2109 738 2129 mense
762 2096 925 2130 ἀντίθεται
947 2101 993 2141 τῷ
1019 2104 1152 2128 ‘veter-em

480 2152 634 2183 maritum.

534 2217 566 2236 2.
585 2203 644 2235 Res
659 2201 729 2235 sibi.
741 2202 802 2234 Res
815 2200 908 2246 apud
925 2200 1049 2234 latinos
1062 2212 1152 2246 saepe

480 2263 667 2301 usurpatur
685 2267 751 2300 pro
764 2254 912 2287 fortunis
926 2262 961 2287 et
975 2252 1152 2299 quidquid

481 2321 588 2355 opum
606 2307 814 2354 possidetur.
833 2307 887 2341 Sic
908 2307 1041 2341 Gallice
1056 2308 1152 2340 biens.

482 2363 521 2394 In
548 2360 706 2407 repudiis
727 2373 810 2393 vero
827 2361 1052 2405 comprobata
1071 2368 1155 2392 suut

480 2415 552 2448 haec
565 2415 688 2455 verba,
703 2414 819 2446 «Tuas
829 2424 884 2446 res
897 2413 959 2447 tibi
978 2413 1106 2446 habeto
1119 2430 1131 2442 n
1145 2425 1155 2455 ;

481 2467 562 2501 item
588 2467 660 2500 haec
672 2491 682 2506 ,
698 2467 815 2500 «Tuas
841 2479 896 2500 res
914 2466 977 2500 tihi
1004 2466 1096 2511 agito
1108 2493 1117 2507 ,
1136 2484 1148 2495 .-

481 2519 593 2553 Adeas
612 2520 692 2553 lieet
709 2519 820 2565 legem
844 2521 895 2559 ΙΙ,
913 2519 948 2552 ff.
967 2517 1010 2552 de
1027 2519 1152 2552 Divor-

477 2573 533 2605 tiis
555 2581 588 2606 ct
604 2571 782 2618 Repudiis.

533 2630 566 2664 ti.
585 2626 710 2658 Proewr
724 2626 929 2670 eroumque
946 2625 989 2658 ita
1008 2632 1150 2658 ornatus

479 2690 655 2723 purpura.
679 2676 781 2710 ludos
796 2677 1008 2721 Megalenses
1027 2678 1061 2710 in
1084 2677 1148 2709 ho-

1213 1950 1336 1971 norem
1357 1937 1504 1983 Cybeles
1523 1937 1593 1970 suis
1610 1937 1775 1983 impensis
1792 1937 1890 1971 exhi-

1212 1991 1295 2023 bere
1322 1989 1446 2024 debuit
1466 2002 1473 2023 ε
1495 2003 1603 2036 quum
1621 1998 1736 2024 autem
1759 2002 1890 2036 pauper

1214 2051 1299 2076 esset
1320 2069 1329 2084 ,
1364 2043 1548 2088 pecuniam
1580 2043 1628 2075 illi
1663 2042 1890 2088 suppeditare

1213 2104 1328 2129 coacta
1349 2095 1470 2129 fuisset
1495 2096 1687 2129 Proculeia.
1708 2095 1885 2141 Megalen-

1213 2160 1264 2182 ses
1282 2161 1365 2182 vero
1391 2147 1465 2182 ludi
1487 2148 1536 2182 sic
1556 2147 1640 2182 dicti
1660 2157 1740 2182 sunt
1758 2161 1775 2181 a
1801 2157 1888 2183 tem-

1212 2201 1273 2246 plo
1300 2202 1486 2246 Megalesio
1508 2202 1714 2236 Pessinunte
1738 2202 1774 2235 in
1802 2203 1889 2236 urbe

1213 2253 1373 2299 Phrygiae
1383 2280 1392 2295 ,
1402 2253 1498 2288 unde
1510 2256 1656 2288 Romam
1669 2253 1808 2288 advecta
1820 2255 1888 2289 suit

1214 2308 1286 2341 Dea
1302 2306 1368 2341 :de
1386 2307 1514 2353 quibus
1531 2307 1607 2341 fuse
1625 2308 1692 2353 agit
1711 2307 1776 2341 Ov.
1795 2307 1887 2345 Fast.

1214 2360 1275 2393 lib.
1298 2361 1363 2401 IV,
1387 2373 1456 2405 ¹79
1471 2386 1481 2402 ‚
1497 2373 1571 2406 sqq.
1590 2361 1681 2406 Lege
1700 2361 1884 2400 Rosinum,

1214 2413 1274 2446 lib.
1294 2414 1325 2446 V
1349 2413 1607 2459 Antiquitatum
1627 2414 1861 2447 Romanarum
1877 2440 1885 2452 ,

1214 2478 1289 2512 cap.
1314 2479 1325 2500 1
1338 2480 1370 2500 2.
1393 2465 1590 2501 Alexander
1608 2467 1650 2500 ab
1669 2465 1865 2500 Alexandro
1878 2492 1887 2503 .

1213 2519 1410 2553 Genialium
1430 2518 1567 2553 dierum
1581 2519 1720 2559 lib.v1,
1738 2531 1813 2564 cap.
1826 2530 1864 2564 ¹9
1876 2545 1885 2559 ,

1211 2572 1258 2606 ait
1280 2584 1287 2605 ι
1310 2573 1479 2606 Prmtores
1501 2581 1534 2607 et
1560 2573 1778 2618 magistratus
1800 2584 1883 2617 pur-

1210 2625 1325 2670 purati
1352 2626 1385 2659 in
1415 2634 1494 2671 toga
1523 2634 1556 2659 et
1578 2633 1762 2671 pantena,
1781 2632 1884 2670 atque

1210 2678 1242 2710 in
1269 2686 1394 2711 orn-”nu
1421 2679 1571 2711 maximo
1593 2678 1854 2711 celebraverunt
1872 2703 1881 2717 ,
