1978 3305
454 229 518 272 0⁰

827 217 888 258 M.
918 217 1056 259 VAL.
1095 216 1481 260 MARTIALIS

1006 370 1309 426 LXVIII.

965 525 1032 554 An
1071 506 1348 555 mmmmm*

523 650 713 691 AnCTOA
740 648 794 692 de
823 658 952 709 gente
981 666 1152 694 comam
1183 651 1282 705 tibi,
1307 650 1488 706 Lesbia,
1514 651 1630 705 misi3

593 718 655 761 Ut
680 718 833 773 scires,
857 729 1021 779 quanto
1046 721 1101 764 sit
1126 731 1198 764 tua
1225 720 1337 764 flava
1362 721 1511 781 magis.

507 850 520 864 ¹
538 855 673 889 Aureus
694 857 791 890 color
810 858 1018 903 capillorum
1035 858 1124 892 Ger-

453 907 671 942 manicorum
685 933 695 949 ‚
713 910 767 943 κοιὶ
781 910 910 944 πάντων
930 908 1046 955 σχεδὸν
1062 917 1123 944 τῶν

454 961 528 1004 πρὸς
544 960 656 1006 ἄρκτον
669 962 848 996 οἰκούντων.
860 964 943 996 Juv.
955 963 1024 997 Sat.
1037 976 1105 998 1111
1114 989 1124 1005 ,

460 1015 552 1053 164:
583 1031 597 1044 α
620 1015 755 1048 Caerula
776 1015 856 1061 quis
880 1017 1016 1061 stupuit
1035 1017 1124 1050 Ger-

454 1066 548 1098 mani
568 1066 700 1100 lumina
712 1094 721 1109 ,
743 1067 866 1101 flavam
878 1069 1063 1103 Caesariem
1075 1069 1089 1102 ?
1106 1087 1119 1099 »ι

454 1119 588 1164 Emptae
614 1129 729 1153 autem
756 1120 809 1154 hae
833 1133 940 1155 comae
967 1134 984 1155 a
1003 1122 1125 1167 pleris-

453 1183 520 1216 que
536 1172 739 1206 mulieribus
754 1174 959 1220 capillorum
973 1175 1126 1208 colorem

452 1225 711 1260 mentientibus.
731 1227 868 1261 Her-ald.

503 1298 555 1304 —
568 1279 611 1311 In
621 1278 689 1312 hoc
703 1280 951 1326 epigrammate
966 1280 1057 1314 nihil
1070 1293 1126 1314 va-

452 1329 543 1363 riant
561 1331 770 1376 exemplaria
782 1359 792 1376 ‚
807 1341 866 1367 aut
880 1334 1124 1379 manuscripta,

453 1390 511 1415 aut
531 1384 630 1428 prelo
649 1396 784 1419 excusa.

510 1448 524 1469 1
534 1461 542 1469 .
553 1437 675 1469 Arctoa
687 1437 726 1470 de
737 1446 841 1483 gente.
855 1440 906 1472 Ex
924 1438 1124 1481 Germania,

454 1500 532 1532 quae
550 1498 599 1522 est
617 1490 683 1523 sub
703 1491 810 1525 Arcto
831 1491 875 1524 ad
896 1492 1124 1538 Septemtrio-

455 1553 533 1574 nem
549 1554 557 1575 :
575 1542 741 1576 Germani
754 1557 839 1577 vero
851 1544 975 1577 flavam
988 1557 1124 1578 comam

453 1593 567 1636 alunt3
581 1604 613 1629 at
630 1592 750 1630 Romae
763 1597 897 1643 nigram
908 1598 1045 1631 alebant
1057 1610 1126 1631 ma-

456 1655 585 1690 uonae,
605 1648 728 1683 flavam
746 1650 954 1685 meretrices.
969 1651 1025 1685 Sic
1042 1651 1127 1684 Poe-

1184 867 1217 893 ta
1242 859 1376 892 Lesbiae
1396 857 1654 905 impudicitiam
1675 857 1826 892 ostendit
1848 884 1858 898 ,

1184 924 1262 957 quae
1282 911 1390 945 ssavos
1407 912 1520 945 crines
1537 912 1728 945 affectaret.
1750 912 1771 944 J
1775 923 1857 945 uve-

1183 965 1270 998 nalis
1292 964 1337 999 de
1354 964 1537 998 Messalina
1552 989 1561 1005 ‚
1578 965 1650 998 Sat.
1673 976 1710 997 vx
1722 990 1732 1005 ,
1758 976 1771 997 1
1783 977 1799 997 2
1812 976 1824 997 1
1847 977 1855 997 ε

1189 1033 1202 1046 a
1223 1017 1268 1050 Et
1289 1017 1429 1062 nigrum
1451 1016 1541 1050 flavo
1557 1017 1688 1050 crinem
1711 1017 1858 1050 abscon·

1184 1068 1288 1103 dente
1313 1069 1430 1115 galero
1454 1069 1604 1104 Intravit
1627 1068 1779 1103 calidum
1799 1081 1857 1102 ve·

1185 1123 1250 1156 teri
1265 1131 1414 1156 centone
1434 1122 1597 1168 lupanar.
1615 1139 1628 1151 n

1242 1189 1274 1209 τι.
1292 1176 1337 1209 Ut
1347 1178 1440 1208 scires
1455 1201 1464 1215 ,
1483 1184 1548 1209 etc.
1562 1175 1611 1208 Ut
1624 1173 1742 1208 videas
1754 1186 1859 1220 quam

1185 1227 1409 1274 impudenter
1430 1228 1549 1262 fucum
1571 1227 1673 1262 facias
1697 1227 1858 1261 meretri-

1183 1282 1275 1315 cium
1290 1307 1300 1322 ‚
1320 1281 1376 1314 cui
1398 1281 1510 1327 placet
1537 1279 1774 1321 caliendrum,
1793 1293 1855 1314 seu

1184 1346 1283 1368 coma
1313 1343 1429 1380 empta
1458 1342 1493 1367 et
1517 1333 1668 1376 factitia,
1697 1345 1776 1378 quae
1803 1334 1859 1366 vel

1184 1387 1442 1421 Germanorum
1471 1387 1586 1420 crines
1612 1386 1747 1419 nativos
1769 1384 1860 1418 flavo

1183 1441 1304 1474 colore
1318 1438 1625 1486 superet.Videtur
1635 1439 1739 1484 hujus
1749 1438 1858 1483 epigr.

1183 1501 1427 1538 argumentum
1446 1492 1667 1537 desumptum
1690 1504 1731 1524 ex
1754 1490 1858 1524 Ovid.

1184 1546 1245 1579 lib.
1271 1547 1312 1587 I,
1344 1547 1463 1579 Amor.
1494 1546 1580 1590 eleg.
1613 1549 1655 1585 115
1683 1556 1691 1577 :
1721 1561 1734 1574 α
1753 1543 1860 1577 Nunc

1186 1599 1250 1632 tibi
1278 1599 1434 1643 captivos
1456 1599 1565 1632 mittit
1583 1596 1769 1632 Germania
1791 1596 1859 1630 cri·

1186 1663 1246 1685 nes
1264 1669 1294 1693 n,
1313 1659 1379 1685 etc.

1038 1798 1275 1853 LXIX.

899 1955 953 1982 IN
994 1955 1042 1982 M.
1084 1934 1419 1984 ANTON111M.*

525 2080 731 2131 ΛΝΤΟΝΙ,
755 2078 913 2122 Phario
937 2078 995 2121 nil
1020 2079 1242 2138 objecture
1265 2079 1477 2131 Pothino,

508 2210 521 2222 ⁸
543 2217 670 2261 Ingens
687 2224 720 2249 et
740 2224 905 2249 aeternum
927 2217 1044 2250 aeterni
1068 2217 1108 2248 (Ji

456 2269 594 2301 veronis
610 2269 782 2315 eloginm3
803 2269 955 2302 et'simui
972 2282 1124 2303 exsecra-

458 2330 512 2354 tur
531 2322 641 2355 scelus
661 2323 815 2356 Antonii.

510 2396 549 2400 —
588 2375 778 2416 Antonius,
810 2375 972 2409 instituto
1003 2375 1124 2408 trium-

458 2429 571 2460 viratu
589 2454 596 2468 ,
623 2429 751 2461 multos
783 2429 872 2462 cives
901 2429 1124 2474 proscripsit,

459 2479 493 2512 id
513 2488 581 2519 est,
602 2482 674 2513 nuci
693 2479 896 2514 destinavit.
921 2495 1043 2515 vorum
1063 2496 1124 2515 nn-

459 2533 610 2565 minibus
633 2533 666 2566 in
695 2534 810 2566 tabula
836 2535 975 2579 publice
995 2548 1122 2580 propo·

458 2586 518 2618 sita
529 2586 685 2630 scriptis,
704 2595 737 2619 vt
750 2586 868 2618 addin·
887 2587 1014 2631 pretio,
1032 2587 1126 2632 qnml

457 2639 650 2684 percussori
680 2648 929 2673 numerari-nn:
957 2641 1019 2672 En*

1245 2230 1274 2250 1.
1295 2217 1431 2249 Pl1otiuo
1452 2216 1488 2248 in
1506 2214 1587 2248 edd.
1608 2223 1691 2248 vett.
1716 2235 1767 2240 —-
1788 2216 1860 2247 An-

1187 2272 1261 2302 toni.
1299 2269 1388 2302 Nota
1425 2277 1475 2302 est
1509 2268 1650 2301 Antonii
1687 2267 1860 2301 triumviri

1186 2322 1328 2355 historia
1344 2347 1353 2362 ‚
1373 2322 1432 2368 qui
1459 2321 1587 2354 multos
1616 2321 1707 2354 cives
1733 2321 1860 2353 Roma-

1187 2387 1249 2408 nos
1273 2374 1529 2420 proscriptione
1545 2373 1692 2407 durante
1710 2372 1859 2406 interfici

1184 2429 1305 2472 jussit,
1336 2429 1444 2461 scelus
1481 2436 1595 2460 tannen
1618 2427 1743 2460 ‘minus
1777 2426 1861 2459 alios

1186 2494 1305 2514 omnes
1341 2481 1577 2521 interficiens,
1608 2492 1713 2524 quain
1750 2489 1859 2511 unuin

1187 2534 1392 2567 Ciceronem
1437 2533 1637 2579 opprimens
1683 2530 1818 2564 admisit
1851 2543 1858 2562 :

1189 2588 1356 2620 Pothinus
1374 2586 1554 2631 Egyptins
1570 2585 1772 2629 Pompeium
1790 2584 1860 2617 Mu-

1186 2653 1291 2683 ιεζιιιιηι
1320 2642 1408 2681 jussu
1440 2639 1610 2671 ptoloma-i
1645 2636 1784 2670 occidit.
1811 2656 1859 2662 ——-
