1978 3305
496 255 590 284 202

872 243 934 285 M.
958 244 1100 287 VAL.
1138 245 1524 292 MARTIALIS

627 332 685 373 Et
707 330 967 391 ungularum
991 330 1186 392 pulsibus
1209 332 1353 379 calens
1373 335 1485 379 Ister
1499 370 1512 390 ‚

629 401 896 461 Fractusque
920 418 1056 446 cornu
1074 401 1164 463 jam
1187 412 1254 447 ter
1275 403 1475 465 improbo
1498 405 1679 451 Rhenus
1694 443 1706 463 ,

629 472 792 514 Teneat
808 470 1059 516 domantem
1080 489 1214 534 regna
1236 474 1416 535 perfidae
1437 476 1575 536 gentis
1590 511 1602 531 ‚

628 542 714 596 Te,
741 556 908 585 summe
931 543 1083 587 mundi
1112 553 1276 601 rector,
1305 554 1350 589 et
1377 561 1538 606 parens
1566 545 1707 602 orbis,

628 609 790 654 Abesse
811 613 970 657 nostris
991 630 1080 657 non
1100 623 1246 658 tamen
1265 624 1389 676 potes
1408 617 1533 660 votis.

626 679 719 724 Illic
743 690 787 724 et
807 681 943 727 oculis
967 693 1010 728 et
1032 685 1186 728 animis
1208 702 1356 729 sumus
1371 721 1382 741 ‚
1406 687 1579 741 Caesar3

627 749 833 812 Adeoque
854 762 1022 798 mentes
1041 755 1235 799 omnium
1262 764 1382 800 tenes
1404 772 1536 810 unus,

627 821 691 864 'Ut
710 822 802 882 ipsa
827 824 973 885 magni
992 825 1120 869 turba
1142 827 1308 870 nesciat
1327 827 1445 870 Circi

626 893 845 936 Utrumne
871 905 1018 939 currat
1037 897 1306 952 Passerinus,
1329 912 1385 940 an
1408 897 1558 958 Tigris.

485 1030 701 1065 trionalibus.
712 1051 764 1058 —-
776 1033 886 1066 Rudis.
901 1033 1039 1067 Rudem
1053 1033 1158 1068 credo

484 1092 584 1117 vocat
594 1110 603 1125 ‚
619 1096 637 1117 a
650 1084 811 1118 barbarie
826 1085 1074 1120 Peucinorum.
1093 1090 1158 1121 Ar-

484 1135 622 1178 rianus,
652 1136 712 1171 lib.
733 1138 773 1179 Ι,
795 1145 830 1171 et
854 1139 962 1172 Poeta
989 1139 1158 1173 infra.—

484 1189 598 1223 Peuce.
625 1190 742 1223 Insula
771 1202 895 1237 magna
927 1191 970 1225 ad
1001 1193 1157 1238 primum

482 1242 565 1275 Istri
580 1243 708 1276 ostium
719 1268 730 1285 ‚
747 1251 835 1278 teste
856 1244 968 1278 Strab.
991 1246 1055 1280 lib.
1072 1247 1155 1280 VII.

539 1307 571 1328 α.
593 1295 713 1329 Codex
726 1296 914 1332 Vaticanus
927 1297 1067 1332 exhibet
1080 1311 1089 1332 z
1103 1313 1156 1331 ca-

483 1360 551 1380 rens
574 1348 664 1382 Ister.
687 1371 740 1377 —
764 1351 815 1383 Et
839 1352 1038 1396 ungularum.
1062 1351 1157 1386 Vide

483 1399 589 1434 Ovid.
603 1402 708 1435 Trist.
725 1403 797 1442 III,
818 1415 855 1445 x,
871 1416 935 1448 29:
953 1422 967 1434 α
982 1405 1156 1440 Caeruleos

481 1453 592 1487 ventis
603 1454 723 1489 latices
737 1455 959 1499 durantibus,
969 1458 1056 1492 Ister
1065 1458 1156 1492 Con-

478 1506 585 1550 gelat‚
601 1515 635 1541 et
649 1509 749 1543 tectis
761 1509 799 1542 in
812 1522 908 1543 mare
920 1511 1028 1556 serpit
1043 1511 1154 1558 aquis.

480 1558 631 1605 Quaque
643 1569 734 1595 rates
746 1562 877 1602 ierant,
896 1562 1046 1609 pedibus
1058 1577 1155 1598 nunc

478 1612 575 1655 itur;
601 1621 635 1647 et
665 1614 776 1649 undas
802 1615 948 1662 Frigore
974 1626 1156 1652 concretas

479 1666 609 1710 ungula
629 1668 744 1712 pulsat
765 1669 847 1716 equi
866 1687 901 1709 ι»,
924 1678 990 1704 etc.
1011 1692 1064 1697 —
1087 1670 1154 1704 Ca-

479 1717 556 1752 lens.
576 1720 631 1753 Ut
651 1720 778 1767 Virgil.
809 1722 894 1756 dicit
919 1726 1059 1756 semitam
1082 1725 1154 1767 ser-

479 1784 567 1812 uere,
598 1774 699 1818 quia,
725 1775 786 1808 ubi
813 1775 984 1810 maximus
1011 1785 1152 1819 motus,

476 1824 571 1858 calor
591 1826 759 1861 nascitur.

531 1876 567 1912 3.
597 1879 777 1926 Fractoque
804 1894 900 1914 cornu
922 1883 992 1926 jam
1020 1891 1066 1914 ter
1095 1885 1153 1916 im-

471 1929 589 1974 probus
614 1933 740 1966 Rhenus
771 1933 882 1967 codex
914 1935 1150 1970 Florentinus.

479 2004 522 2010 --
557 1985 753 2032 Fractusque
779 2000 889 2020 cornu·
934 1988 1151 2035 Metonymia

475 2044 548 2069 est:
564 2037 712 2072 fractum
729 2040 890 2074 Rhenum
911 2049 963 2075 ter
982 2040 1069 2075 dicit
1085 2054 1150 2088 pro

476 2089 573 2123 victis
595 2091 731 2126 Batavis
753 2102 786 2126 et
809 2093 996 2127 Germanis
1016 2103 1049 2127 et
1074 2096 1152 2129 Cat·

476 2141 543 2175 tis:
561 2143 684 2178 alludit
706 2154 821 2179 autem
843 2155 962 2180 noster
981 2155 1082 2193 poeta
1106 2147 1149 2181 ad

476 2194 664 2230 fluviorum
684 2200 962 2245 cornua.Virgil.
983 2203 1059 2233 AEn.
1087 2201 1148 2234 lib.

476 2248 586 2291 VIII,
600 2263 646 2295 77
663 2263 669 2284 ἰ
690 2269 703 2281 ·‹
719 2252 890 2298 Corniger
908 2252 1147 2299 Hesperidum

475 2300 601 2336 fluvius
611 2313 780 2349 regnator
791 2318 973 2351 aquarum.
988 2324 1001 2336 u
1013 2306 1058 2339 Et
1069 2305 1150 2340 vide

475 2354 577 2388 etiam
591 2356 651 2390 lib.
664 2358 825 2404 IX‚epig.
837 2371 952 2399 c11‚vs.
963 2371 974 2392 1
985 2372 1005 2404 7
1020 2371 1027 2392 :
1043 2360 1151 2393 «Cor-

476 2419 543 2440 nua
564 2408 744 2444 Sarmatici
764 2419 817 2445 ter
836 2411 969 2457 perfida
989 2413 1151 2447 contudit

477 2460 567 2494 lstri.
583 2480 596 2491 ι»
619 2464 744 2497 ᾸΞῙίῐιη.
761 2465 845 2498 Var.
862 2465 950 2498 Hist.
970 2478 1017 2506 11,
1038 2465 1097 2499 33.

529 2518 563 2553 4.
600 2516 728 2549 Tem-211.
756 2518 944 2559 Quaiiivi5‚
971 2533 993 2551 υ
1019 2519 1151 2561 Caesar,

476 2565 523 2597 ibi
545 2577 735 2610 occupatus
762 2571 806 2603 sis
835 2580 868 2604 et
895 2570 1091 2612 detinente,
1115 2572 1148 2605 in

472 2619 678 2654 coercendis
705 2623 903 2656 rebellibus.
937 2646 984 2650 —
1012 2624 1148 2669 Perfida·

467 2676 582 2713 geum.
606 2674 757 2709 Rebellis
779 2685 811 2709 et
832 2678 1057 2711 contumacis.

1273 1035 1305 1068 5.
1330 1035 1475 1067 Juntina
1500 1041 1620 1068 nostra
1645 1035 1681 1067 in
1705 1036 1862 1080 margine
1883 1050 1889 1067 :

1217 1094 1246 1119 te
1266 1100 1383 1131 parens
1407 1087 1492 1120 urbis
1513 1100 1524 1120 :
1546 1086 1656 1121 codex
1679 1086 1865 1122 Pulmanni
1883 1100 1889 1121 ε

1215 1147 1245 1171 εἰ
1262 1152 1381 1184 parens
1402 1139 1497 1173 orbis.

1271 1195 1303 1228 8.
1315 1192 1478 1239 Adeoque.
1488 1193 1620 1226 Omnes
1630 1193 1751 1226 enima
1760 1201 1893 1238 specta·

1214 1245 1301 1279 culis
1315 1254 1534 1288 avertuntur,
1545 1258 1656 1292 quum
1668 1244 1800 1291 aliquid
1815 1258 1894 1280 nar-

1214 1306 1312 1332 ratur
1339 1298 1384 1332 de
1415 1307 1476 1333 tuo
1497 1297 1614 1332 reditu
1630 1319 1639 1337 ‚
1670 1307 1732 1332 aut
1758 1297 1802 1332 de
1824 1299 1892 1332 tuis

1213 1351 1369 1385 victoriis
1390 1375 1401 1392 ‚
1439 1352 1486 1386 ita
1524 1360 1565 1385 ut
1599 1359 1734 1386 mentes
1765 1359 1893 1386 nostrae

1214 1403 1391 1450 quondam
1423 1404 1516 1438 ludis
1543 1412 1699 1443 attentae‚
1726 1405 1796 1448 jam
1827 1405 1892 1438 tibi

1212 1458 1455 1503 peregrinam,
1467 1457 1625 1491 nesciant
1640 1455 1726 1503 quid
1740 1457 1776 1490 in
1787 1457 1892 1491 Circo

1213 1518 1348 1556 agatur.

1271 1576 1325 1597 10.
1355 1564 1546 1596 Passerinus
1564 1562 1694 1608 legitur
1712 1561 1750 1595 iu
1769 1561 1892 1596 codice

1212 1616 1384 1650 Palatino.
1408 1617 1490 1650 Haec
1512 1623 1593 1649 sunt
1614 1615 1758 1648 nomina
1779 1615 1890 1649 athle-

1213 1678 1340 1704 tarum.
1360 1669 1455 1703 Vide
1479 1669 1621 1702 Salmas.
1647 1667 1689 1701 ad
1715 1667 1888 1702 Solinum.

1212 1743 1265 1750 —-
1279 1724 1478 1756 Passerinus.
1500 1723 1622 1768 Equus
1639 1732 1648 1753 :
1670 1720 1777 1754 hahet
1797 1722 1891 1754 enim

1211 1776 1328 1809 tabula
1346 1788 1518 1822 equorum
1536 1774 1756 1809 Circensium
1768 1799 1777 1816 ‚
1794 1773 1890 1819 apud

1212 1829 1441 1875 Onuphrium
1453 1855 1462 1870 ‚
1478 1840 1606 1862 nomen
1620 1827 1790 1860 Passerini
1808 1827 1888 1873 equi

1212 1882 1396 1916 Circensis.
1410 1880 1614 1927 Legendum
1628 1887 1746 1913 censet
1762 1880 1890 1913 Salma-

1211 1935 1280 1968 sius
1295 1949 1301 1968 :
1320 1953 1333 1965 ιι
1346 1936 1397 1968 Ut
1409 1935 1513 1968 turba
1525 1933 1642 1979 magni
1656 1945 1746 1979 saepe
1759 1933 1890 1966 nesciat

1210 1988 1325 2030 Circi,
1344 1989 1520 2022 Utrumne
1545 1994 1663 2021 currat
1687 1985 1889 2019 Passerinus

1210 2054 1253 2075 an
1278 2041 1406 2087 Tigris.
1428 2059 1441 2070 ι»
1475 2040 1645 2074 Passerini
1673 2046 1707 2072 et
1733 2037 1887 2084 Tigridis

1209 2095 1433 2134 nominibus,
1451 2093 1511 2139 qui
1542 2093 1577 2125 in
1603 2092 1661 2124 illa
1685 2099 1784 2124 aetate
1807 2091 1888 2136 equi

1210 2147 1350 2180 suerunt
1373 2145 1612 2185 celeberrimi,
1640 2143 1726 2177 duas
1749 2143 1889 2189 quadri·

1208 2212 1265 2245 gas
1287 2199 1436 2245 intelligi
1459 2198 1586 2232 debere
1605 2205 1739 2230 certum
1761 2206 1829 2238 est,
1849 2196 1886 2229 in

1208 2253 1338 2298 quibus
1374 2251 1454 2298 equi
1493 2251 1544 2284 illi
1584 2250 1718 2283 sunales
1756 2249 1887 2283 sinistri

1211 2314 1321 2339 erant.
1343 2306 1422 2339 Non
1447 2316 1531 2337 vero
1559 2303 1607 2335 illi
1632 2303 1712 2348 equi
1737 2301 1887 2347 singula-

1211 2371 1265 2391 res
1284 2359 1490 2398 currebant,
1510 2355 1570 2390 sed
1589 2356 1625 2388 in
1643 2367 1748 2388 curru
1763 2355 1884 2400 juncti.

1212 2412 1278 2445 Per
1294 2411 1512 2445 Passerinum
1533 2421 1615 2453 ergo
1634 2408 1796 2453 intelligit
1813 2419 1887 2441 cur-

1211 2478 1308 2505 rum,
1324 2464 1366 2497 ad
1383 2476 1487 2509 quem
1504 2461 1703 2495 Passerinus
1719 2461 1786 2493 fuit
1804 2472 1887 2505 prat-

1212 2518 1336 2563 cipuus
1353 2529 1474 2561 equus.
1489 2515 1587 2548 Idem
1606 2513 1675 2547 dici
1694 2521 1834 2556 oportet
1853 2522 1887 2547 et

1210 2570 1369 2616 deTigri.
1387 2568 1471 2603 Vid.
1486 2569 1545 2602 lib.
1562 2568 1651 2605 XII,
1672 2566 1884 2611 epigramma

1211 2636 1313 2657 xxxvi
1325 2649 1333 2662 ,
1356 2635 1404 2656 vs.
1421 2635 1474 2656 ια.
1490 2643 1540 2647 -
1552 2621 1749 2658 Passerinus,
1765 2618 1861 2664 niger
1875 2632 1884 2657 ;

1219 2678 1338 2720 Tigris,-
1353 2675 1549 2709 maculosus
1565 2685 1682 2718 equus.
1700 2672 1764 2705 En.
