1978 3305
366 224 942 268 EPIGRAMMATUM
979 225 1101 267 LIB.
1141 227 1194 268 X.

1384 225 1478 273 563

152 297 241 338 Ore
262 295 370 337 nitet
388 303 533 347 tanto,
560 304 724 354 quanto
745 303 988 354 superasset
1006 295 1049 337 in
1069 294 1147 338 Ida

221 363 372 408 Judice
391 365 612 407 convictas
636 380 723 407 non
746 364 969 407 dubitante
991 365 1119 407 Deas.

152 436 175 477 J
179 450 367 477 unonem
383 469 395 489 ‚
415 433 631 494 Polyclete
644 469 655 487 ‚
675 450 796 478 suam
819 435 899 477 nisi
919 434 1052 477 frater
1071 445 1257 489 amaret,

225 507 246 547 J
252 521 438 547 unonem
461 513 632 564 poterat
657 504 789 547 frater
814 519 958 546 amare
983 513 1114 547 tuam.

144 642 177 675 3.
200 642 237 675 In
259 642 332 675 Ida.
351 641 510 687 Phrygiae
536 649 675 682 monte,
698 641 758 673 ubi

90 695 186 728 Paris
198 693 349 735 Junoni‚
370 694 536 727 Minervae
547 716 556 731 ‚
578 702 611 726 et
628 693 760 726 Veneri

90 747 135 780 de
167 745 434 792 pulchritudine
467 745 761 779 contendentibus

89 799 195 845 judex
215 798 316 832 datus
347 807 406 831 est.

148 853 181 885 5.
198 852 394 894 Nisifrater.
411 851 554 896 Jupiter
564 863 690 896 nempe
704 851 765 883 Ju-

818 642 919 673 nouis
938 642 1056 674 frater.
1067 642 1235 687 Virgilius
1246 668 1255 683 ,
1271 644 1410 677 AEneid.
1429 646 1491 678 lib.

820 694 837 725 I
849 719 858 733 ,
875 695 921 733 46
936 719 945 734 ,
959 694 1132 727 Junonem
1151 695 1198 728 sic
1220 695 1418 740 loquentem
1440 699 1493 731 in-

822 744 918 778 ducit
936 757 943 778 :
959 761 972 772 «
987 747 1048 778 Ast
1075 758 1162 791 ego,
1189 759 1266 792 quae
1290 749 1421 782 Divum
1444 751 1497 783 in-

824 797 891 831 edo
913 798 1051 843 regina,
1071 799 1239 845 Jovisque
1268 801 1312 834 Et
1334 814 1433 835 soror
1461 811 1494 835 et

826 853 954 895 conjux
970 868 983 880 n
1000 876 1008 890 ,
1026 859 1090 884 ete.

729 985 858 1041 XC.

587 1142 639 1169 JN
681 1121 1006 1170 LtGELLAMf

276 1270 403 1325 QUID
429 1265 548 1310 vellis
570 1266 788 1322 vetulum,
814 1266 1003 1327 Ligessa,
1027 1270 1250 1312 cunnum?

275 1338 393 1396 Quid
414 1337 527 1380 busti
551 1338 715 1380 cineres
738 1337 802 1380 tui
824 1335 1025 1380 lacessis?

275 1407 399 1451 Tales
424 1406 643 1451 munditiae
667 1407 824 1450 decent
849 1406 1011 1467 puellas
1031 1424 1038 1450 :

273 1480 385 1522 Nam
410 1487 457 1520 tu
478 1478 566 1536 jam
596 1493 676 1521 nec
702 1493 809 1520 anus
835 1486 959 1537 potes
983 1477 1128 1521 videri.

275 1547 419 1600 Istud,
440 1547 567 1591 crede
588 1547 714 1600 mihi,
738 1546 925 1608 Ligella,
947 1547 1057 1591 belle

276 1621 379 1663 Non
400 1627 538 1661 mater
558 1617 659 1660 facit
681 1619 904 1669 Hectoris,
928 1618 1001 1661 sed
1021 1634 1141 1661 uxor.

279 1691 432 1741 Erras,
455 1689 489 1731 si
514 1687 590 1731 tibi
613 1704 782 1731 cunnus
803 1687 873 1731 hic
897 1687 1091 1741 videtur,

280 1759 346 1803 Ad
365 1775 494 1819 quem
515 1757 707 1801 mentula
732 1760 947 1819 pertinere
968 1757 1090 1802 desit.

280 1831 429 1887 Quare
451 1830 484 1872 si
505 1828 649 1889 pudor
672 1838 755 1883 est,
778 1827 942 1889 Ligella
957 1863 967 1878 ,
994 1827 1081 1872 noli

280 1900 466 1943 Barbam
486 1897 645 1942 vellere
666 1907 840 1942 mortuo
862 1897 986 1942 leoni.

162 2040 177 2051 ⁴*
197 2041 234 2073 In
247 2040 412 2084 Ligellam.
427 2039 534 2072 Palat.
550 2038 634 2081 legit
648 2039 778 2082 Ligeia,

113 2101 150 2126 ut
163 2093 275 2126 forsan
293 2091 410 2125 eadem
429 2093 472 2125 sit
485 2104 565 2124 cum
584 2091 640 2123 illa
654 2117 663 2131 ,
685 2092 783 2134 cujus

111 2146 271 2179 meminit
288 2145 351 2178 lib.
368 2145 438 2177 XII
450 2171 459 2185 ‚
478 2145 588 2190 epigr.
609 2155 677 2176 vu.

170 2210 200 2231 1.
229 2198 265 2228 V
261 2198 329 2230 ellis
355 2198 514 2236 vetulum,
544 2196 669 2240 Ligella
683 2223 692 2236 ,
715 2203 782 2230 etc.

113 2250 272 2296 Expilas,
293 2258 332 2283 ut
350 2250 502 2283 tenerior
522 2249 713 2294 juniorque
731 2249 782 2280 vi-

114 2302 226 2336 deare.

171 2369 204 2388 2.
230 2356 319 2399 Quid
333 2355 433 2393 busti,
455 2362 518 2386 etc.
536 2352 631 2394 Quid
645 2353 785 2385 suscitas

115 2408 248 2442 cineres
256 2416 290 2441 et
302 2408 434 2452 sopitos
443 2406 539 2451 ignes
551 2405 742 2438 demortuae
754 2413 787 2438 et

116 2460 259 2505 sepultae
277 2458 436 2493 libidinis
455 2461 546 2492 tuae?
568 2453 787 2502 Awmycpzm‘uc

118 2513 265 2553 dictum,
276 2521 312 2546 ut
324 2525 370 2545 vs.
387 2525 440 2551 xo,
455 2510 499 2544 ad
510 2523 614 2556 quem
629 2509 703 2544 vid.
713 2518 786 2543 not.

173 2568 206 2599 6.
231 2565 306 2599 Non
327 2572 444 2604 mater,
467 2572 532 2596 etc.
554 2565 632 2596 Nou
653 2575 738 2596 anus
752 2571 791 2596 ut

120 2619 263 2653 Hecuba
281 2643 292 2658 ,
314 2616 373 2651 sed
397 2617 505 2650 firmae
533 2625 636 2662 atque
658 2614 791 2649 floridae

843 2038 950 2071 :etatis
979 2038 1126 2079 mulier,
1145 2040 1233 2072 sicut
1262 2039 1513 2075 Andromache.

901 2103 955 2124 10.
983 2091 1124 2123 Barbam
1151 2092 1275 2125 wllere.
1307 2094 1356 2126 Ut
1388 2094 1493 2128 modo
1505 2121 1515 2133 ,

842 2138 1035 2187 All-57:932.
1058 2143 1192 2177 Alludit
1216 2157 1340 2191 nempe
1367 2146 1409 2179 ad
1437 2160 1516 2192 pro-

842 2196 1002 2229 verbium
1015 2221 1023 2236 ‚
1044 2197 1170 2228 tondere
1188 2197 1325 2238 leonem,
1347 2207 1381 2231 et
1400 2201 1515 2233 vellere

843 2248 970 2280 barbam
990 2249 1081 2281 leoni.
1096 2248 1172 2282 Hoc
1188 2257 1257 2290 est,
1271 2263 1462 2295 provocare
1474 2257 1516 2287 ad

844 2301 922 2333 iras.
936 2300 1040 2342 Quod
1057 2301 1257 2346 periculosae
1271 2302 1414 2347 plenum
1427 2317 1514 2351 opus

846 2360 897 2385 est
915 2353 1005 2386 aleae.
1021 2354 1148 2386 Sensus
1157 2367 1238 2399 ergo
1252 2366 1259 2386 :
1274 2355 1398 2390 frustra
1417 2366 1516 2392 vetu-

847 2405 914 2437 lam
927 2405 1066 2438 vulvam
1085 2405 1126 2439 ad
1140 2406 1322 2441 libidinem
1338 2409 1513 2453 stimulas;

847 2465 898 2490 est
907 2457 999 2491 enim
1010 2458 1254 2492 mortua.Vide
1263 2465 1392 2495 Annot.
1409 2464 1516 2509 prior.

847 2511 902 2543 Jo.
921 2515 1018 2556 Bapt.
1031 2511 1084 2544 Pii
1100 2523 1173 2557 cap.
1198 2512 1257 2554 15,
1277 2514 1338 2546 ubi
1354 2514 1396 2548 ad
1413 2517 1518 2562 expli-

849 2563 1018 2596 cationem
1039 2564 1142 2609 hujus
1157 2565 1412 2610 epigrammatis
1428 2570 1517 2602 mul-

852 2624 904 2657 ta,
927 2624 960 2649 et
982 2617 1097 2649 forsan
1119 2617 1222 2650 nimis
1247 2619 1366 2653 multa.

1224 2693 1313 2736 :²26²
