1978 3305
415 216 469 244 12

783 200 839 242 Μ.
865 199 1009 243 VAL.
1047 199 1444 243 MARTIALIS

477 289 635 342 Parce,
665 295 788 346 patcr
811 302 820 328 z
846 287 905 330 sic
932 287 1177 331 Lemniacis
1202 285 1361 330 lasciva
1391 287 1553 331 catenis

547 358 753 416 Ignoscat
777 356 962 415 conjux,
993 366 1035 399 et
1066 357 1280 417 patienter
1306 366 1435 400 amet.

480 479 611 532 Ϊλαθι·
644 491 889 548 Αημνιακοῖς
915 491 1022 531 οὕτω
1051 484 1255 548 δεσμοῖσιν
1282 487 1433 538 ἄκοιτις

549 551 704 613 Ῐλῆκοι,
731 558 798 601 καὶ
823 561 936 618 ἐρῶς’
962 558 1018 606 εἴη
1049 556 1303 610 ἀνεξικάκως.

465 711 499 742 7,
522 698 645 736 Pan-0»,
668 704 772 742 pater.
803 698 1000 731 Vulcanum
1024 711 1085 744 pa·

412 759 500 783 trem
527 749 678 795 appellat
709 762 750 782 eo
781 762 903 792 sensu,
929 763 1000 796 quo
1028 750 1085 784 dei

411 814 534 836 omnes
552 810 668 847 patres
685 802 870 836 hominum
887 812 1058 837 vocantur
1076 816 1086 845 ;

410 855 539 888 etenim
560 855 738 889 Vulcanus
751 868 823 889 non
842 865 892 890 est
911 858 1087 890 Romano-

410 921 488 941 rum
508 916 628 954 pater,
651 907 712 941 sed
732 908 838 942 Mars.
856 931 909 936 -——
925 910 979 943 Sic
998 910 1088 942 Lem-

410 961 528 995 niacis.
552 962 593 993 In
610 961 745 994 Lemno
767 962 879 996 insula
902 963 998 1007 AEgei
1016 975 1086 995 ma-

411 1014 480 1055 ris,
495 1012 601 1047 hodie
622 1013 714 1047 dicta
731 1014 921 1055 Stalimene,
949 1024 1086 1049 catenas

411 1067 593 1100 fabricavit
615 1068 792 1101 Vulcanus
808 1093 817 1109 ,
839 1068 966 1113 quibus
990 1069 1085 1102 Mar-

412 1129 481 1153 tem
511 1133 590 1153 cum
614 1121 753 1154 Venere
774 1121 809 1154 in
831 1120 1003 1154 adulterio
1028 1120 1086 1154 de-

411 1173 621 1217 prehensum,
653 1174 808 1219 illigavit.
849 1174 931 1208 Haec
971 1174 1087 1208 fabula

412 1225 491 1259 satis
517 1235 611 1261 nota.
633 1226 760 1261 Sensus
783 1235 834 1261 est
852 1239 859 1261 ε
881 1229 1006 1261 Venus
1032 1228 1086 1269 in-

1144 698 1245 744 juriae
1273 711 1292 732 a
1321 707 1354 732 te
1390 704 1538 743 acceptae
1568 696 1821 739 obliviscatur,

1147 760 1249 797 teque
1271 751 1430 797 quamvis
1457 749 1622 784 claudum
1647 758 1681 784 et
1703 748 1822 784 defor-

1146 817 1238 838 mem
1258 804 1433 849 patienter
1451 811 1552 838 amet.

1201 860 1235 891 8.
1261 856 1464 903 Rutgersius
1479 855 1667 902 legendum
1690 864 1824 896 censet,

1146 917 1175 942 et
1190 911 1347 955 sapienter
1362 917 1444 942 amet
1453 923 1466 950 ,·
1484 918 1524 943 ut
1539 917 1665 943 uotum
1680 907 1715 941 id
1731 909 1823 941 “De-

1146 962 1274 1008 prendi
1289 971 1369 997 veto
1383 971 1436 1005 te,
1453 962 1577 996 Lesbia
1589 988 1598 1003 ‚
1618 974 1711 995 non»
1731 987 1740 1002 ‚
1757 969 1822 994 etc.

1146 1016 1347 1050 Gronovius
1374 1016 1522 1061 exponit
1539 1017 1697 1060 patienter
1713 1021 1795 1046 amet
1811 1040 1821 1054 ,

1145 1068 1323 1102 moderate
1348 1077 1465 1109 amet,
1487 1076 1521 1102 et
1541 1081 1586 1101 ne
1605 1068 1742 1101 laboret
1762 1067 1826 1099 im-

1147 1122 1314 1167 patientia
1344 1134 1425 1166 erga
1450 1122 1622 1162 Martem,
1653 1132 1713 1153 seu
1740 1119 1824 1153 alios

1149 1184 1331 1209 amatores.
1356 1173 1545 1209 Pulmanni
1567 1172 1696 1215 codex;
1717 1180 1747 1206 et
1763 1185 1824 1217 pa-

1149 1230 1259 1266 tienter
1283 1241 1375 1261 ames.

1025 1363 1205 1420 VIII.

926 1520 991 1548 DE
1030 1499 1309 1550 PHASIDE.*

620 1647 841 1689 Emeum
873 1645 1078 1700 Domini,
1104 1645 1274 1706 Deique
1300 1648 1464 1700 nostri,

622 1717 724 1773 Quo
756 1714 957 1759 subsellia
986 1717 1171 1760 certiora
1203 1716 1343 1773 fiunt,

623 1788 682 1830 Et
709 1803 842 1847 puros
873 1802 1003 1847 eques
1033 1786 1206 1831 ordines
1237 1787 1429 1848 recepit,

623 1858 743 1901 Dum
769 1856 915 1901 laudat
938 1857 1068 1901 modo
1089 1858 1239 1902 Phasis
1266 1858 1311 1901 in
1334 1858 1506 1901 theatro
1522 1892 1532 1912 ,

463 1993 477 2007 '¹
495 1995 681 2031 Phasidem
696 1996 861 2030 libertum
875 2022 884 2037 ‚
907 2004 947 2030 ut
963 1996 1084 2030 fictum

413 2050 586 2096 equitem,
606 2049 730 2084 irridet
748 2049 918 2084 Martialis
931 2050 999 2083 hoc
1015 2050 1086 2095 epi-

410 2112 622 2149 granunate3
651 2103 678 2137 is
705 2103 800 2136 enim
827 2115 942 2148 quum
971 2103 1086 2149 legiti-

412 2170 507 2190 mum
527 2157 654 2202 equitis
671 2169 814 2190 censum
834 2169 904 2190 non
924 2156 1085 2197 liaberet,

411 2210 559 2244 lacernis
592 2209 778 2255 purpureis
808 2209 947 2243 volebat
974 2208 1086 2243 videri

413 2275 541 2308 eques,
566 2272 600 2296 et
629 2262 859 2309 jactabundus
886 2262 921 2295 in
949 2263 1086 2296 theatro

412 2315 576 2349 laudabat
594 2316 702 2361 legem
715 2316 999 2361 Otlionis,quam
1020 2317 1088 2349 Do-

413 2369 580 2403 mitianus
602 2370 820 2411 restituerat;
843 2368 903 2403 sed
924 2369 1063 2403 Lectius
1077 2396 1087 2410 ‚

414 2422 468 2455 cui
489 2421 622 2456 ordinis
641 2423 817 2456 theatralis
835 2434 917 2456 cura
937 2431 1010 2456 erat
1029 2421 1088 2456 de-

417 2474 598 2516 mandata,
617 2475 718 2521 jussit
738 2489 816 2508 eum
839 2488 991 2520 surgere.

464 2551 516 2555 —
541 2529 589 2561 Dc
604 2529 704 2561 edicta
728 2529 863 2561 (fa-,varis
884 2529 1085 2563 inscribitur

414 2581 446 2615 in
468 2581 588 2616 codice
610 2582 805 2615 Pulmanni.

472 2648 499 2668 ι.
536 2635 682 2669 Ι’“ἅ(’(·1(ιυι
718 2636 844 2669 «lamini.
881 2636 1082 2668 Domitiani.

1145 1996 1333 2031 Suetonius
1354 1997 1388 2029 in
1410 1995 1614 2030 Domitiano
1630 2021 1639 2037 ,
1660 2008 1734 2040 cap.
1760 1996 1824 2029 13:

1150 2068 1163 2079 «ι
1186 2050 1357 2083 Dominus
1382 2058 1416 2083 et
1431 2049 1517 2083 deus
1537 2057 1658 2083 noster
1679 2049 1727 2082 sic
1749 2048 1825 2082 fieri

1143 2104 1254 2148 jubet.
1273 2121 1285 2133 »ι
1308 2103 1529 2136 Domitianus
1543 2114 1626 2148 ergo
1643 2101 1827 2135 renovavit

1145 2157 1257 2202 legem
1277 2156 1456 2198 Rosciam,
1479 2168 1548 2201 qua
1569 2155 1659 2188 nulli
1680 2155 1714 2187 in
1738 2166 1827 2199 qua-

1147 2208 1341 2243 tuordecim
1352 2209 1512 2255 equitum
1525 2207 1696 2243 subselliis
1705 2206 1826 2240 sedere
1847 2242 1849 2245 ¹

1146 2263 1282 2304 liceret,
1300 2263 1366 2296 nisi
1380 2263 1430 2296 illi
1445 2262 1504 2308 qui
1523 2262 1665 2295 baberet
1683 2272 1825 2293 censum

1148 2324 1361 2361 equestrem,
1382 2315 1613 2361 quadraginta
1631 2325 1756 2358 nempe
1776 2325 1828 2346 se-

1147 2369 1308 2403 stertium
1335 2369 1455 2402 millia.
1481 2369 1522 2401 L.
1554 2367 1703 2401 Roscius
1732 2365 1829 2399 Otho

1147 2431 1244 2456 autea
1268 2423 1357 2455 banc
1378 2423 1488 2467 legem
1507 2421 1653 2461 tulerat,
1673 2432 1765 2453 anno
1783 2418 1827 2451 U.

1148 2477 1187 2510 C.
1205 2477 1273 2509 (583
1289 2500 1296 2511 .
1315 2474 1399 2508 ‹luiu
1417 2483 1503 2509 essct
1522 2474 1684 2508 tribunus
1703 2471 1825 2517 plebis.

1201 2530 1234 2562 3.
1255 2529 1301 2561 Ι’.”Ι
1311 2542 1406 2574 puros
1426 2542 1525 2574 eques.
1546 2525 1698 2560 Scorsitu
1718 2537 1735 2557 a
1752 2524 1825 2569 plc-

1150 2584 1190 2615 lw
1210 2581 1311 2615 ludos
1332 2583 1532 2628 spectabant
1554 2578 1697 2624 equites.

1212 2642 1233 2675 i·
1271 2637 1393 2668 l'ltmis.
1424 2634 1584 2668 Libertus
1600 2658 1607 2673 ,
1638 2631 1698 2676 qui
1727 2637 1817 2663 veste
