1978 3305
493 226 590 278 240

869 221 933 263 M.
956 220 1096 262 VAL.
1135 220 1518 265 MARTIALIS

627 308 781 351 Tristia
807 323 906 350 cum
931 305 1156 366 lacrymis3
1178 306 1353 367 jamque
1383 318 1583 368 peractus
1609 325 1715 353 eras.

492 438 592 469 metu,
610 429 682 462 fere
698 436 736 461 ut
753 425 860 460 Ovid.
879 426 969 459 Fast.
985 426 1058 467 VI,
1076 425 1159 466 245.

496 501 510 512 .-
538 482 640 528 Spem
669 488 780 513 metus
817 479 1021 525 expulerat,
1053 491 1160 524 quum

492 535 603 568 Menti
641 541 723 567 vota
772 539 912 566 senatus
951 531 1114 577 Suscipit.
1143 548 1156 559 v·

492 587 589 621 Adeo
629 595 671 620 ut
696 586 846 619 verbum
878 585 1027 618 activum
1056 583 1164 629 perdi-

493 641 606 673 derant
621 639 754 685 passive
775 637 942 684 capiatur,
958 637 1012 670 vel
1029 637 1165 670 absolu-

493 702 553 735 te;
587 704 655 738 qua
691 691 735 725 de
766 689 993 724 construendi
1029 690 1165 724 ratione

493 745 574 780 vide
602 745 693 779 Gell.
717 744 778 777 lib.
806 744 952 783 XVIII,
986 755 1060 788 cap.
1091 754 1163 784 123

493 799 669 833 Vecbner.
702 796 876 830 Hellenol.
903 796 963 830 lib.
990 797 1025 837 Ι,
1055 809 1091 841 p.
1123 808 1136 829 1
1156 822 1165 837 ‚

494 865 569 898 cap.
592 854 632 893 63
646 851 815 896 Pompon.
831 849 875 882 de
890 849 965 883 Usu
980 849 1165 894 Antiquar.

494 904 682 938 Locution.
696 904 757 936 lib.
772 904 807 936 II
819 929 828 944 ‚
841 915 915 948 cap.
932 915 964 936 1.
979 903 1077 936 Cort.
1096 902 1164 934 Ex-

494 970 584 992 curs.
605 958 678 998 VI,
701 955 743 989 ad
766 956 902 989 Sallust.
926 956 1066 1000 Jugurt.
1088 966 1163 1000 cap.

496 1011 557 1046 85.
576 1011 679 1043 Voss.
705 1009 806 1042 Anal.
829 1009 892 1041 lib.
921 1009 994 1046 ΙΙΙ,
1023 1020 1098 1053 cap.
1130 1007 1164 1039 3.

492 1064 589 1097 Jens.
616 1062 749 1108 Singul.
775 1061 922 1094 Observ.
951 1061 1011 1093 lib.
1040 1061 1078 1100 Ι,
1104 1059 1164 1092 36.

493 1115 561 1150 Sed
590 1129 662 1150 non
691 1114 866 1149 satisfacit.
897 1115 1088 1158 Receptam
1116 1112 1166 1144 le-

492 1169 645 1204 ctionem
658 1169 685 1202 F
687 1167 849 1201 arnabius
868 1166 1036 1212 explicat:
1056 1166 1168 1198 «Tan-

494 1235 597 1269 quam
625 1222 662 1255 in
690 1229 782 1255 certa
817 1227 930 1252 morte
954 1218 1166 1263 deposuera-

497 1288 573 1308 mus
589 1287 684 1321 spem
695 1300 704 1315 ‚
715 1282 749 1307 et
764 1285 843 1306 cum
860 1272 951 1306 votis
968 1280 1100 1305 metum
1111 1283 1168 1304 cu-

496 1339 642 1373 ramque
676 1340 741 1372 pro
776 1335 821 1360 te.
850 1343 863 1355 a
908 1325 984 1358 Hoc
1020 1325 1168 1357 voluisse

497 1382 613 1415 forsan
637 1380 799 1421 Poetam‚
819 1391 891 1412 non
912 1378 1018 1424 plane
1044 1377 1167 1410 iverim

495 1434 640 1468 inficias.
657 1433 821 1466 Attamen
841 1444 884 1466 an
906 1431 980 1464 haec
1000 1430 1169 1464 sententia

495 1500 514 1519 e
533 1487 681 1531 vulgatae
698 1485 857 1519 lectionis
876 1484 993 1518 verbis
1014 1483 1169 1529 exsculpi

494 1538 680 1574 commode
699 1546 822 1584 queat,
840 1536 997 1571 viderint
1014 1548 1072 1569 me
1085 1549 1169 1570 ocu-

497 1594 663 1627 latiores:
687 1604 750 1637 ego
778 1598 871 1624 certe
899 1603 940 1624 ex
973 1589 1041 1623 illis
1071 1589 1169 1623 colli-

497 1659 577 1693 gere
606 1644 768 1678 nondum
785 1656 931 1690 possum
945 1669 954 1685 ‚
977 1651 1071 1682 vota,
1094 1643 1116 1676 i.
1137 1655 1169 1676 e.

497 1711 593 1745 spem
605 1711 685 1732 cum
696 1706 793 1731 metu
805 1708 948 1731 cessare.
965 1697 1020 1728 An
1034 1704 1148 1729 autem
1159 1720 1168 1735 ‚

497 1750 796 1799 quemadmodum
817 1752 940 1783 servitia
962 1762 1026 1794 pro
1051 1751 1144 1782 servis
1158 1775 1166 1789 ,

496 1814 531 1840 et
549 1818 660 1851 operas
683 1817 750 1850 pro
769 1805 917 1848 operariis
941 1802 1067 1848 passim
1086 1802 1171 1847 legi-

498 1871 575 1892 mus
595 1855 697 1898 (vide
726 1866 760 1891 et
786 1855 914 1890 erudit.
944 1855 1098 1889 Gruner.
1127 1853 1171 1888 ad

499 1911 618 1946 Sedul.
643 1910 707 1944 lib.
730 1911 767 1951 Ι,
785 1922 817 1943 ν.
845 1921 908 1946 20,
929 1917 962 1942 et
983 1909 1107 1941 Brant.
1128 1906 1172 1942 ad

500 1966 586 1999 Caes.
600 1965 640 1997 B.
660 1963 753 1996 Gall.
775 1962 836 1995 lib.
850 1962 938 2002 VII,
952 1962 995 1995 32
1015 1955 1050 2001 x)‚
1072 1961 1118 1995 ita
1138 1969 1173 1995 et

499 2026 575 2051 vota
588 2017 679 2051 dixit
688 2015 856 2049 Martialis
870 2027 934 2060 pro
952 2014 1071 2047 amicis
1083 2039 1091 2055 ‚
1111 2014 1171 2059 qui

499 2071 627 2105 Licinii
656 2070 766 2102 salute
796 2076 877 2102 vota
911 2067 1172 2112 conceperant?

498 2137 565 2171 qua
584 2122 627 2157 de
648 2120 900 2156 consuetudine
920 2119 1001 2153 vide
1019 2120 1171 2154 Brisson.

500 2179 616 2211 Form.
646 2176 707 2209 lib.
738 2176 780 2216 Ῑ;
803 2173 957 2208 Broukh.
978 2171 1020 2206 ad
1040 2173 1172 2207 Tibull.

500 2232 516 2264 Ι
526 2257 535 2272 ,
549 2232 567 2265 5
578 2256 586 2271 ,
606 2242 648 2262 10
662 2241 672 2270 ;
684 2228 889 2262 Thomasin.
903 2225 947 2259 de
959 2226 1174 2260 Tabwocat.

499 2297 576 2329 cap.
602 2282 668 2323 34,
690 2280 772 2314 vide
796 2289 830 2314 et
864 2280 952 2313 infra
988 2279 1047 2312 lib.
1078 2279 1148 2312 XII
1165 2305 1174 2320 ,

500 2337 611 2383 epigr.
632 2347 718 2369 xcu.
739 2333 850 2367 Amici
878 2333 993 2378 itaque
1011 2345 1082 2365 non
1102 2343 1174 2365 am-

501 2391 591 2436 plius
617 2388 840 2427 metuebant;
864 2386 945 2431 quia
965 2398 1029 2431 pro
1048 2383 1174 2418 defun-

499 2452 557 2476 cto
594 2442 787 2475 habebatur
815 2439 984 2473 Licinius.
1011 2439 1066 2471 An
1091 2451 1174 2471 vero

498 2493 719 2530 scribendum
735 2519 745 2533 ,
765 2493 975 2526 Perdiderant
982 2493 1052 2536 jam
1074 2499 1150 2523 vota
1164 2519 1171 2531 ,

503 2557 596 2581 metus
609 2575 616 2586 ,
634 2546 881 2590 conjunctione
901 2545 1043 2585 omissa,
1065 2553 1100 2577 ut
1117 2557 1175 2578 sae·

503 2601 604 2647 pius?
619 2599 697 2633 vide
712 2599 876 2633 Schelfer.
898 2597 940 2631 ad
961 2596 1098 2630 Phaedr.
1112 2597 1174 2631 lib.

501 2657 536 2692 Ι,
569 2654 674 2687 fabul.
698 2667 730 2695 ς).
758 2664 808 2684 vs.
829 2652 870 2686 3:
898 2649 1002 2683 Ovid.
1028 2649 1171 2683 Heroid.

1220 426 1332 471 Epist.
1354 440 1371 460 2
1389 452 1399 467 ‚
1420 439 1469 460 vs.
1488 428 1530 461 31
1547 453 1556 469 ‚
1577 429 1703 469 «Jura,
1724 427 1812 461 fides
1829 429 1891 461 ubi

1220 491 1335 518 nunc,
1361 480 1615 526 commissaque
1643 479 1785 515 dextera
1805 480 1892 514 dex-

1222 531 1306 565 trae?
1321 549 1335 561 1»
1353 540 1387 565 et
1402 534 1439 566 τὸ
1460 533 1669 566 Perdiderant
1686 533 1812 567 iterum
1826 546 1892 579 pro

1222 584 1354 617 Perdita
1371 593 1477 626 erant,
1500 586 1554 619 vel
1572 586 1743 620 absolute.
1763 585 1832 619 Sed
1849 599 1890 618 an

1221 650 1329 669 secura
1359 637 1521 671 tristitia?
1548 651 1611 673 cur
1637 651 1720 684 ergo
1739 639 1894 684 flebant.³

1223 689 1340 723 Fletus
1371 691 1536 725 commoti
1564 691 1674 724 animi
1701 690 1890 729 indicium,

1223 755 1294 776 non
1327 751 1444 777 autem
1472 744 1598 778 securi.
1631 743 1764 778 Securus
1789 744 1894 788 signi-

1223 796 1302 829 ficat
1314 797 1472 841 quietum
1483 823 1492 836 ,
1511 797 1739 843 tranquillum
1754 809 1762 830 :
1777 796 1895 830 malim

1223 849 1342 894 itaque
1371 860 1379 881 :
1407 851 1587 896 sinceraque
1603 850 1732 896 flebant
1763 850 1894 882 Tristia.

1223 901 1310 942 Quae
1332 914 1400 935 vox
1423 902 1600 948 aptissime
1626 903 1790 937 affectum
1815 913 1896 946 erga

1223 954 1401 987 Licinium
1431 955 1608 1000 exprimit.
1630 957 1683 989 Ita
1700 963 1735 989 et
1760 957 1896 987 sincerus

1223 1006 1261 1039 in
1293 1020 1418 1040 securus
1453 1008 1636 1042 transierat
1671 1006 1766 1054 apud
1790 1006 1895 1040 Ovid.

1224 1059 1313 1093 Nuc.
1327 1072 1359 1093 v.
1378 1059 1422 1094 35
1440 1060 1521 1102 ‚ubi
1541 1060 1621 1094 vide
1640 1061 1806 1093 Burman.
1828 1058 1896 1092 Sed

1228 1119 1279 1145 est
1295 1120 1462 1158 praeterea
1473 1138 1482 1155 ,
1497 1112 1592 1159 quod
1609 1112 1797 1159 aliquando
1812 1111 1898 1144 mihi

1228 1164 1264 1197 in
1284 1173 1438 1199 mentem
1461 1167 1570 1199 venit.
1592 1167 1712 1200 Exstat
1731 1165 1896 1198 nimirum

1227 1217 1264 1251 in
1286 1218 1459 1264 aliquibus
1477 1218 1557 1252 edd.
1579 1217 1676 1258 [scil.
1698 1217 1778 1252 Ald.
1799 1219 1897 1251 Junt.

1227 1270 1418 1305 Colinaean.
1436 1272 1574 1318 Gryph.
1591 1271 1768 1306 Calderin.
1784 1271 1896 1304 Plant.

1226 1324 1370 1357 Junian.
1389 1325 1497 1371 Lang.
1518 1325 1646 1370 Delph.
1666 1333 1729 1358 etc.
1746 1321 1758 1366 ]
1775 1337 1898 1357 secura-

1227 1389 1286 1423 que
1285 1377 1390 1422 flebat
1404 1378 1562 1419 Tristitia,
1575 1386 1606 1410 et
1618 1379 1764 1422 lacrymis
1771 1378 1900 1422 jamque

1223 1437 1370 1475 peractus
1389 1444 1468 1464 eras.
1492 1431 1639 1477 Respuit
1664 1431 1757 1464 hanc
1778 1430 1899 1463 lectio-

1227 1495 1308 1515 nem
1327 1482 1519 1517 Scriverius
1531 1496 1538 1517 :
1551 1492 1636 1529 puto
1650 1508 1660 1525 ,
1677 1482 1772 1530 quod
1786 1482 1898 1516 virum

1227 1534 1423 1569 offenderet
1443 1538 1480 1570 τὸ
1504 1538 1652 1583 jamque,
1682 1533 1901 1581 praecedente

1226 1589 1296 1633 jam
1317 1589 1442 1635 copula
1468 1597 1511 1622 et.
1533 1589 1657 1635 Neque
1687 1589 1771 1622 mihi
1802 1586 1902 1621 valde

1228 1641 1379 1684 arridet;
1401 1655 1600 1688 quanquam
1614 1667 1624 1681 ,
1643 1642 1768 1687 saepius
1792 1641 1902 1687 parti-

1228 1694 1341 1728 culam
1374 1709 1432 1742 que
1461 1694 1639 1730 abundare
1659 1720 1668 1735 ,
1698 1707 1769 1728 non
1804 1694 1902 1739 igno-

1228 1760 1317 1781 rem.
1339 1749 1384 1782 At
1399 1748 1484 1794 quid
1504 1749 1518 1782 Ξ)
1539 1749 1566 1782 si
1585 1749 1675 1793 legas
1693 1760 1701 1781 :
1723 1750 1904 1792 sinceraque

1218 1801 1325 1846 flebat
1349 1802 1494 1835 Tristitia
1507 1830 1516 1843 ,
1557 1804 1588 1834 in
1615 1802 1761 1848 lacrymis
1774 1802 1903 1845 jamque

1223 1862 1370 1899 peractus
1406 1868 1475 1888 eras
1488 1883 1496 1895 ,
1535 1855 1603 1888 hoc
1641 1862 1692 1887 est
1704 1879 1714 1894 ‚
1746 1859 1903 1898 respectu

1228 1907 1484 1952 lacrymarum:
1510 1908 1590 1949 vel,
1615 1915 1667 1940 tot
1692 1908 1761 1951 jam
1791 1907 1903 1949 lacry-

1229 1973 1293 1993 mae
1332 1960 1591 2001 fundebantur,
1627 1972 1667 1993 ac
1702 1959 1731 1992 si
1756 1972 1794 1992 re
1823 1970 1905 1991 vera

1231 2012 1325 2046 diem
1362 2022 1460 2047 tuum
1492 2014 1646 2047 obiisses.
1685 2013 1761 2046 Hoc
1802 2019 1904 2057 pacto

1230 2076 1323 2101 certe
1341 2066 1518 2100 interdum
1540 2067 1614 2100 haec
1634 2065 1835 2111 praepositio
1855 2072 1905 2097 est

1232 2118 1436 2166 exponenda
1454 2133 1463 2157 ς
1484 2128 1521 2152 ut
1538 2117 1631 2165 apud
1653 2119 1744 2151 Flor.
1767 2118 1828 2151 lib.
1848 2118 1904 2155 ΙΙ.

1231 2185 1305 2219 cap.
1328 2175 1367 2212 (3,
1395 2190 1408 2202 κ
1429 2173 1517 2205 Tota
1537 2172 1648 2205 insula
1673 2172 1708 2204 in
1728 2183 1795 2204 una
1818 2170 1905 2203 urbe

1232 2235 1391 2271 superata
1427 2235 1487 2259 est.
1508 2243 1520 2254 n
1544 2225 1673 2258 Justin.
1708 2224 1769 2258 lib.
1803 2223 1904 2261 XIV,

1232 2291 1306 2325 cap.
1340 2279 1402 2312 ult.
1424 2297 1436 2307 α
1454 2279 1503 2311 Ut
1524 2277 1760 2311 Alexandrum
1791 2288 1906 2322 posses

1234 2332 1268 2365 in
1302 2332 1474 2365 moriente
1505 2340 1616 2364 matre
1645 2341 1863 2375 cognoscere.
1887 2346 1900 2356 ι-

1235 2386 1391 2418 CurtXI
1403 2409 1413 2424 ,
1424 2397 1476 2424 lx,
1491 2397 1502 2418 1
1515 2398 1531 2417 ἰ
1548 2395 1555 2417 :
1573 2386 1635 2417 «In
1649 2382 1906 2421 vobisliberos,

1234 2447 1416 2483 parentes,
1447 2437 1720 2481 consanguineos
1744 2435 1866 2468 habeo.
1888 2452 1901 2462 -

1235 2491 1357 2524 Horat.
1388 2491 1450 2531 IV,
1479 2489 1547 2523 Od.
1578 2494 1617 2530 4,
1639 2493 1658 2528 ά
1678 2501 1686 2521 ;
1708 2504 1720 2514 ·=
1735 2489 1907 2533 Expertus

1235 2543 1374 2577 fidelem
1397 2543 1537 2589 Jupiter
1558 2543 1592 2575 in
1624 2539 1827 2587 Ganymede
1851 2540 1907 2572 ssa-

1236 2610 1289 2631 vo.
1310 2616 1322 2625 ..
1347 2598 1426 2642 Ipse
1446 2595 1615 2629 Martialis
1632 2595 1693 2627 lib.
1715 2595 1777 2627 lv.
1797 2595 1905 2639 epigr.

1235 2663 1316 2683 xxix
1337 2663 1342 2683 :
1370 2669 1380 2679 ·
1401 2649 1532 2695 >impius
1561 2648 1594 2680 in
1617 2648 1708 2680 libro
1737 2658 1908 2679 memora-
