1978 3305
511 214 609 260 206

881 216 942 258 M.
971 216 1112 259 VAL.
1152 214 1546 260 MARTIALIS

1115 361 1304 419 LXV.

945 518 1001 546 IN
1041 496 1485 548 GARGILIANUM.*

580 645 659 687 Lis
687 652 729 686 te
751 642 816 686 bis
838 641 1016 686 decimae
1044 652 1347 686 numerantem
1378 641 1541 702 frigora
1565 639 1730 684 brumae

649 713 853 758 Conterit
879 729 966 756 una
991 712 1153 769 tribus,
1178 711 1455 774 Gargiliane7
1480 711 1596 755 foris.

579 784 646 827 Ah
678 784 834 839 miser,
864 792 908 826 et
935 781 1134 827 demens!
1161 783 1314 844 viginti
1344 781 1481 843 litigat
1509 782 1632 824 annis

648 855 892 915 Quisquam
909 888 921 908 ,
945 855 1015 898 cui
1039 854 1177 909 vinei,
1199 852 1470 914 Gmgiliane,
1494 849 1625 895 licet?

562 987 576 1002 '¹
605 991 672 1025 Hic
705 993 801 1025 nulla
840 992 1002 1026 lectionis
1041 991 1190 1026 varietas

510 1044 660 1078 offendit
678 1045 714 1078 in
734 1045 832 1079 libris
852 1057 958 1078 manu
976 1045 1114 1091 scriptis
1131 1052 1191 1078 aut

512 1098 699 1143 impressis.

567 1164 599 1183 2.
615 1151 759 1184 Conterit
773 1163 835 1182 ana
856 1150 966 1184 tribus.
985 1151 1038 1184 De
1058 1150 1189 1197 triplici

512 1203 590 1236 foro
601 1204 662 1237 lib.
679 1204 733 1236 III
745 1228 754 1244 ,
766 1203 876 1249 epigr.
900 1215 1038 1237 xxxvuI
1050 1228 1060 1245 ‚
1079 1216 1130 1237 vs.
1155 1207 1189 1244 4.

1305 996 1338 1031 ά.
1375 990 1437 1024 Cat
1465 991 1562 1022 vinci.
1591 988 1660 1030 Qui
1687 988 1782 1021 enim
1815 986 1919 1020 semel

1248 1044 1418 1085 vincitur,
1437 1043 1516 1088 plus
1531 1042 1620 1075 lucri
1637 1040 1737 1081 facit,
1755 1052 1859 1086 quam
1875 1040 1922 1079 si,

1249 1097 1310 1130 lite
1324 1096 1367 1130 ad
1382 1103 1434 1129 tot
1443 1107 1553 1128 annos
1562 1102 1746 1139 prorogata
1758 1118 1767 1133 ,
1781 1091 1921 1126 tandem

1250 1150 1366 1183 vincat
1384 1148 1638 1189 adversarium,
1656 1154 1736 1192 post
1750 1145 1922 1178 molestias

1250 1211 1285 1236 et
1304 1201 1483 1246 impendia
1505 1200 1629 1246 viginti
1649 1211 1831 1233 annorum.
1854 1199 1920 1232 En.

1106 1340 1334 1396 LXVI.

1014 1497 1082 1525 DE
1121 1475 1420 1525 LABIENO.*

583 1624 831 1666 HAEREDEM
857 1622 1014 1666 Fabius
1042 1622 1285 1666 Labienum
1312 1637 1364 1665 ex
1386 1635 1479 1665 asse
1505 1618 1702 1679 reliquit;

653 1692 754 1736 Plus
785 1694 994 1737 meruisse
1025 1702 1171 1736 tamen
1199 1709 1242 1737 se
1265 1692 1486 1736 Labienus
1510 1691 1580 1734 ait.

566 1829 581 1842 *
612 1831 736 1877 Neque
766 1832 802 1864 in
841 1831 909 1865 hoc
943 1831 1191 1878 epigrammate

514 1884 586 1918 ullo
603 1883 710 1918 modo
731 1884 864 1918 variant
883 1886 1111 1931 exemplaria,
1132 1893 1191 1919 aut

514 1937 663 1983 scripta,
681 1945 741 1971 aut
759 1949 893 1970 excusa.

572 2003 603 2023 1.
638 1990 694 2023 Ea:
725 2004 802 2023 asse.
838 1989 879 2023 Id
911 1999 960 2024 est
976 2016 985 2031 ,
1016 1990 1189 2025 haeredem

515 2043 673 2076 omnium
687 2043 863 2076 bonorum
878 2055 885 2076 ε
900 2042 1083 2077 haereditas
1097 2045 1190 2078 enim

515 2096 620 2141 vulgo
633 2095 804 2129 dividitur
820 2096 854 2129 in
871 2095 1057 2130 duodecim
1070 2097 1190 2130 uncias

514 2149 641 2193 quibus
662 2163 697 2181 as
719 2158 865 2182 constat.

572 2215 603 2234 2.
627 2203 703 2234 Plus
726 2205 880 2235 meruisse.
897 2202 1073 2235 Labienus
1095 2202 1186 2235 enim

515 2255 634 2287 multis
661 2254 762 2288 donis
789 2264 986 2301 captaverat
1010 2254 1190 2289 haeredita-

1251 1840 1321 1865 tem
1336 1830 1433 1864 Fabii
1450 1828 1660 1870 decoctoris,
1677 1835 1780 1873 atque
1795 1827 1843 1861 ita
1858 1826 1925 1860 hae-

1251 1897 1305 1918 res
1318 1884 1496 1918 institutus
1520 1894 1565 1916 ex
1586 1893 1676 1922 asse,
1700 1880 1815 1913 minus
1833 1891 1925 1913 acce-

1251 1945 1349 1983 perat
1370 1949 1474 1982 quam
1492 1935 1691 1969 donaverat.
1708 1933 1836 1967 Sensus
1860 1944 1924 1965 au-

1251 1999 1320 2023 tem
1348 1990 1377 2023 is
1401 1998 1451 2023 est
1469 2001 1476 2022 :
1495 1988 1668 2022 Labienus
1685 1985 1770 2019 dicit
1792 1998 1827 2019 se
1845 1986 1923 2031 plus

1251 2043 1433 2083 meruisse,
1468 2043 1536 2075 hoc
1567 2049 1642 2078 est,
1673 2038 1817 2085 dignum
1851 2050 1923 2071 esso

1250 2096 1374 2141 majori
1401 2095 1573 2141 praenii03
1613 2105 1723 2139 quum
1755 2091 1922 2134 intelligat

1250 2150 1375 2190 Poeta,
1395 2149 1494 2181 illum
1517 2146 1638 2192 majori
1656 2157 1755 2191 poena
1776 2156 1848 2177 esse
1869 2141 1923 2176 di·

1249 2214 1354 2247 gnum
1367 2227 1376 2242 ‚
1394 2202 1454 2246 qui
1474 2200 1571 2234 malis
1588 2199 1723 2232 artibus
1741 2195 1922 2231 hoeredita-

1248 2264 1317 2288 tem
1332 2255 1428 2288 Fabii
1447 2252 1660 2298 captavisset.
