1978 3305
365 228 945 272 EPIGRAMMATUM
984 228 1110 270 LlB.
1138 227 1252 270 Vll.

1407 243 1503 287 229

307 318 463 361 Dicam
481 353 492 371 ‚
523 316 597 360 sed
625 317 711 361 cito
738 333 747 358 τ
773 314 875 377 quid
901 317 1074 358 Nerone
1101 314 1252 375 pejus?

308 386 426 443 Quid
451 387 632 431 thermis
660 385 812 430 melius
841 383 1131 430 Neronianis?

310 457 409 501 Non
435 457 554 502 deest
580 458 803 518 protinus,
829 472 929 500 ecce
945 492 955 511 ‚
981 455 1034 499 de
1060 454 1259 516 malignis
1277 490 1287 509 ,

310 529 399 585 Qui
423 529 484 572 sic
508 527 734 572 rancidulo
758 526 962 587 loquatur
986 542 1083 579 ore;

310 597 460 655 Quid?
491 607 538 642 tu
562 608 627 642 tot
652 598 843 651 domini,
869 598 1038 657 Deique
1068 597 1203 641 nostri

308 668 489 712 Praefers
510 668 762 712 muneribus
785 666 1086 710 Neronianas?

307 738 517 782 Thermas
542 738 726 799 praefero
753 737 916 781 balneis
946 736 1110 797 cinaedi.

154 876 186 911 4.
216 871 331 904 Dicam
345 898 354 912 ‚
387 872 443 904 sed
469 875 547 905 scito
575 871 702 917 legitur
733 871 772 904 in

87 921 301 958 Beverlandi
317 924 391 957 MS.

152 979 172 1009 6
180 1002 187 1010 .
198 976 316 1010 Codex
323 977 350 1010 F
353 977 502 1011 lorentin
509 989 549 1011 us
560 977 664 1011 habet
673 989 681 1010 τ
690 990 768 1017 ecce,

98 1030 140 1061 da
159 1031 327 1074 malignus.
347 1051 398 1057 —
417 1031 492 1063 Non
511 1031 597 1063 deest
611 1033 769 1076 protinus,

98 1090 163 1116 etc.
177 1082 282 1124 Quod
297 1083 323 1116 si
338 1083 414 1129 quis
428 1083 596 1128 malignus
611 1083 698 1116 mihi
714 1083 772 1117 hic

98 1136 294 1181 obstrepat,
316 1135 462 1182 perinde
485 1149 524 1170 ac
543 1137 570 1170 si
590 1137 771 1182 praeferam

98 1188 249 1222 Neronis
273 1189 424 1222 thermas
449 1198 506 1222 aut
530 1189 675 1223 Charini
698 1190 771 1222 bal-

98 1253 179 1274 neas
203 1242 356 1286 publicis
382 1242 572 1275 Domitiani
597 1241 771 1284 aedificiis;

97 1293 294 1339 respondeo
319 1307 375 1328 me
401 1294 439 1328 id
462 1308 534 1328 non
559 1296 690 1336 facere,
711 1294 771 1328 sed

99 1347 261 1380 conferre
283 1355 420 1381 tantum
447 1348 541 1381 inter
563 1361 600 1381 se
624 1349 773 1382 Neronis

98 1408 132 1433 et
145 1400 288 1434 Charini
307 1413 411 1446 opera
425 1427 434 1443 ,
450 1408 484 1435 et
502 1401 559 1434 illa
576 1402 751 1447 praeferre.

152 1465 186 1497 7.
206 1454 392 1487 Rancidulo.
410 1454 618 1500 Metaphora
633 1453 738 1488 ducta
754 1467 772 1487 a

98 1504 177 1539 cibo
188 1506 309 1540 vitiato
320 1508 390 1553 jam
399 1533 408 1549 ,
419 1516 453 1541 et
465 1519 579 1553 prope
591 1516 770 1553 corrupt0.

99 1559 308 1592 Rancidulum
324 1559 433 1602 dixit,
450 1560 516 1594 hoc
535 1568 586 1594 est
598 1586 607 1603 ‚
622 1573 660 1594 os
676 1560 770 1606 puti-

831 870 917 904 dum
933 879 968 904 et
982 878 1189 916 corruptum
1205 870 1389 904 calumniis
1404 879 1506 916 atque

832 923 1106 958 adulationibus.

886 979 921 1011 8.
947 977 991 1010 Ut
1011 977 1090 1023 quid
1115 985 1148 1009 tu
1173 976 1292 1009 domini
1316 975 1371 1009 ed.
1396 977 1504 1022 antiq.

831 1030 968 1064 Ferrar.
990 1043 1069 1063 ann.
1094 1033 1202 1074 1471.
1223 1027 1301 1062 Ald.
1325 1029 1422 1062 Junt.
1443 1030 1509 1062 Co·

830 1083 892 1116 lin.
902 1083 1039 1130 Gryph.
1049 1081 1226 1117 Calderin.
1237 1082 1350 1115 Plant.
1361 1082 1508 1115 Junian.

831 1136 1016 1170 Pulinann.
1037 1137 1143 1181 Lang.
1167 1144 1201 1168 et
1218 1135 1345 1181 Delph.
1369 1136 1460 1179 Quid
1480 1143 1507 1167 te

833 1197 879 1222 tot
896 1189 1016 1222 domini
1034 1188 1143 1223 codex
1163 1189 1190 1221 F
1192 1188 1397 1222 lorentinus.
1420 1188 1511 1233 Quid

833 1250 866 1275 tu
881 1250 926 1275 tot
938 1242 1059 1275 domini
1073 1243 1108 1275 in
1123 1242 1264 1288 optimis
1278 1241 1397 1282 libris3
1414 1240 1508 1274 unde

830 1304 925 1329 recte
950 1296 1120 1329 Gruterus
1143 1307 1152 1328 z
1181 1295 1298 1339 Quid?
1323 1302 1356 1326 tu
1380 1302 1427 1326 tot
1449 1294 1507 1326 do-

833 1351 908 1381 mini
930 1375 939 1388 ,
978 1349 1208 1394 probantibus
1250 1347 1434 1393 Rutgersio
1475 1356 1509 1380 et

834 1401 1027 1435 Gronovio.
1052 1401 1183 1448 Ecquid
1206 1409 1252 1433 tot
1274 1401 1392 1433 domini
1416 1400 1506 1433 Scri-

831 1467 959 1488 verius.

887 1521 920 1552 9.
939 1507 1130 1541 Neronianis
1149 1505 1357 1540 Beverlandi
1376 1506 1451 1539 MS.

890 1573 946 1594 10.
968 1560 1097 1595 Cinaede
1117 1559 1227 1594 codex
1248 1559 1447 1594 Pulmanni.

665 1695 949 1752 XXXV.

575 1842 646 1875 An
685 1846 988 1875 LECANIAM.
1012 1825 1029 1843 '⁶

168 1973 376 2016 INGUINA
397 1971 644 2014 succinctus
667 1971 791 2032 nigra
817 1971 893 2015 tibi
918 1988 1069 2015 servus
1094 1971 1209 2016 aluta

238 2043 354 2097 Stat,
376 2042 544 2102 quoties
569 2040 719 2086 calidis
745 2051 838 2086 tota
863 2041 1025 2087 foveris
1051 2044 1186 2103 aquis.

150 2176 164 2189 ⁶
181 2180 239 2213 Ad
250 2180 434 2212 Matroaam
448 2179 528 2212 Ald.
543 2180 644 2213 Junt.
658 2180 773 2213 Colin.

99 2232 238 2278 Gryph.
255 2233 362 2278 Lang.
379 2241 443 2266 etc.
462 2233 522 2266 Ad
534 2233 703 2265 Lecaniam
720 2245 776 2266 co-

99 2284 167 2318 dex
187 2285 385 2318 Pulmanni.

153 2359 204 2364 —
223 2338 262 2371 In
283 2338 480 2370 Matronam.
503 2338 590 2374 Alii,
614 2338 653 2371 In
674 2339 774 2370 Leca·

101 2393 194 2423 uiam.

157 2455 188 2477 1.
199 2443 391 2477 Succinctus.
403 2443 521 2483 Quum
533 2442 568 2475 in
578 2443 700 2475 balnea
715 2455 774 2475 ve-

99 2497 191 2530 niret
207 2496 354 2529 Lecania
366 2521 374 2536 ,
389 2496 534 2541 jubebat
553 2496 619 2528 sihi
640 2495 774 2529 adstare

100 2561 239 2582 servum
252 2549 410 2594 obligatis
424 2547 612 2594 pudendis,
624 2549 690 2581 hac
704 2549 776 2581 for-

102 2610 136 2634 te
162 2601 206 2635 de
229 2614 348 2642 causa,
370 2611 408 2635 ut
432 2601 626 2646 suspicatur
649 2601 777 2644 Poeta,

104 2667 147 2688 ne
167 2655 202 2688 in
226 2655 300 2688 aliis
318 2655 523 2688 mulieribus
544 2654 632 2687 latus
653 2653 776 2688 defati-

832 2188 940 2225 garet.
963 2179 1147 2225 Siquidem
1168 2181 1224 2214 alii
1253 2189 1286 2213 et
1310 2182 1510 2226 promiscue

834 2245 913 2266 cum
928 2233 1067 2266 feminis
1089 2246 1208 2267 omnes
1225 2233 1310 2267 nudi
1327 2234 1508 2269 lavabant:

834 2298 916 2331 ergo
943 2299 1015 2319 non
1042 2298 1114 2331 prae
1143 2285 1281 2332 pudore
1313 2286 1358 2320 ita
1389 2289 1507 2333 agebat

833 2338 1099 2372 Lecania.Vide
1121 2339 1181 2372 lib.
1198 2340 1268 2380 XI,
1284 2341 1392 2386 epigr.
1416 2354 1507 2374 Lxxv

835 2399 869 2424 et
888 2392 995 2437 epigr.
1020 2404 1061 2424 ΙΝ
1083 2392 1194 2433 infra,
1221 2392 1283 2425 ubi
1302 2392 1346 2426 de
1373 2394 1509 2428 tributo

834 2443 930 2489 quod
961 2443 1160 2488 pendebant
1185 2444 1300 2478 Judaei
1325 2447 1509 2481 circumse-

835 2497 880 2529 cti
895 2510 903 2538 ;
920 2497 980 2542 qui
999 2498 1158 2542 tegebant
1173 2498 1313 2544 inguina
1325 2525 1333 2539 ,
1354 2511 1397 2533 ne
1411 2500 1507 2546 verpi

834 2548 1051 2583 viderentur.

892 2615 924 2635 2.
951 2604 1033 2635 Tora
1052 2605 1168 2645 foveris
1197 2607 1296 2650 aquis.
1330 2606 1411 2650 Leg.
1433 2606 1508 2638 lota.

837 2656 998 2701 Rutgers.
1015 2655 1254 2690 Foedissimum
1269 2658 1362 2692 hunc
1380 2671 1510 2692 morem

1185 2720 1270 2772 15³
