1978 3305
477 246 1041 292 EPIGRAMMATUM
1078 245 1201 288 LIB.
1242 246 1297 288 V.
1539 259 1586 288 11

256 336 416 381 Taliter
438 344 589 379 exsuta
612 344 678 379 est
701 344 893 378 veterem
923 349 1039 378 nova
1060 334 1204 376 Roma
1229 341 1448 376 senectam
1464 367 1475 385 .,

274 454 277 455 ⁷
326 408 384 450 Et
413 406 600 466 sumpsit
624 404 770 449 vultus
795 403 989 466 praesidis
1013 405 1106 464 ipsa
1135 404 1212 446 sui.

257 480 354 521 Jam
383 493 540 538 precor
569 474 730 520 oblitus
754 484 935 531 nostrae,
956 473 1154 518 Volcane
1168 508 1180 529 ,
1200 471 1386 534 querelae

327 549 462 592 Parce
480 565 491 591 :

522 562 669 591 sumus
696 546 850 589 Martis
876 544 1028 601 turba,
1054 543 1130 588 sed
1155 552 1199 587 et
1221 543 1418 587 Veneris.

261 690 404 738 Ουτως
428 687 660 738 ανενέωσεν,
691 686 752 728 ΕὈν
784 687 822 727 't
848 678 1082 727 απέδυσατῡ
1107 701 1230 744 γἠρας

329 760 478 817 Ρώμη,
503 755 750 816 ἐπημφίασέν
776 757 816 796 τ’
845 748 993 804 εἷδος’
975 753 1148 803 ἄνακτος
1174 757 1254 797 ἑοῦ.

261 818 371 872 Ϊλαθι
401 826 594 900 ἀμνήμων
626 832 808 886 μομφῆς,
834 812 1014 883 ΙῖΪφαιςε,
1044 829 1236 874 παλαιῆς·

327 889 460 959 Εσμὲν
486 901 636 958 Αρευς,
663 897 779 957 ἐσμὲν
807 895 873 938 καὶ
903 889 1109 954 Κύπριδος
1139 895 1318 955 θέραπες.

192 1040 312 1075 creari.
334 1056 348 1069 n
370 1040 416 1072 Et
444 1038 646 1073 Lactantius
666 1049 673 1070 :
699 1055 713 1067 α
743 1036 842 1071 Felix
856 1062 866 1078 ‚

193 1106 269 1140 quae
298 1091 448 1126 Veneris
479 1090 608 1125 foedera
641 1090 737 1123 nulla
768 1089 864 1123 colit.

194 1148 273 1191 Ipsa
292 1145 358 1179 sihi
378 1145 495 1191 proles
509 1170 518 1186 ,
538 1157 620 1178 suus
643 1151 695 1178 est
715 1151 815 1189 pater
834 1151 869 1175 et

194 1212 275 1233 suus
286 1199 387 1232 heres
398 1210 406 1231 z
418 1197 546 1232 Nutrix
561 1198 635 1243 ipsa
648 1196 716 1238 sui,
729 1208 868 1241 semper

193 1253 336 1286 alumna
354 1252 420 1284 sui.
430 1268 502 1280 »-—-
513 1251 626 1284 Decem
641 1251 759 1296 quoties
770 1276 779 1290 ,
802 1257 867 1282 etc.

195 1306 248 1339 De
268 1317 418 1338 numero
446 1316 621 1337 annorum
647 1302 783 1336 variant
808 1314 868 1335 au-

195 1366 318 1392 ctores.
333 1356 533 1391 Lactantius
547 1356 698 1390 Martiali
713 1354 868 1400 adstipu-

194 1411 299 1445 latur.
314 1411 381 1444 ED.
398 1431 450 1436 —
460 1410 512 1442 De
527 1421 677 1442 numero
697 1420 870 1441 annorum

194 1463 289 1497 varia
317 1461 530 1503 traduntur;
565 1462 715 1495 maxime
750 1461 869 1506 vulga-

200 1526 295 1558 tum,
313 1517 585 1562 quingentorum
605 1515 769 1561 spatium.
783 1513 871 1547 Sunt

197 1570 256 1615 qui
270 1577 478 1610 asseverent,
490 1568 585 1602 mille
595 1566 871 1613 quadringentos

197 1622 371 1668 sexaginta
390 1634 501 1655 unum
521 1621 721 1667 phoenicem
738 1620 868 1654 vivere.

197 1676 289 1721 Lege
307 1675 412 1708 etiam
430 1674 607 1714 Plinium,
629 1674 691 1707 lib.
722 1673 772 1715 X,
795 1685 870 1718 cap.

199 1743 216 1762 2
231 1741 240 1770 ;
257 1728 321 1774 qui
341 1741 382 1761 ex
400 1727 547 1761 Manilio
560 1727 677 1761 vivere
692 1735 871 1760 sexcentos

198 1789 234 1814 et
255 1781 433 1826 sexaginta
456 1793 568 1814 annos
586 1780 757 1821 affirmat3
785 1779 873 1812 Soli-

198 1847 265 1868 nus
294 1833 541 1880 quadragintos
574 1841 610 1866 et
636 1832 846 1878 quingentos
863 1857 873 1872 ‚

199 1887 408 1921 Chaeremon
430 1887 615 1933 AEgyptius
636 1898 694 1919 sex
715 1886 814 1919 annis
838 1893 873 1919 et

198 1948 331 1985 septem
350 1939 523 1981 millibus3
538 1940 559 1972 J
563 1951 692 1973 oannes
713 1939 873 1980 Tzetzes,

199 1993 361 2026 Albertus
373 2005 517 2039 magnus
528 2019 537 2034 ‚
550 1992 715 2026 trecentis
729 1990 875 2037 quadra-

198 2046 293 2091 ginta
306 2057 314 2078 :
327 2045 471 2091 epistola
484 2045 576 2092 regis
584 2045 775 2090 AEthiopiae
787 2070 796 2088 ‚
808 2053 875 2078 tre·

200 2099 324 2133 centis.
343 2099 461 2132 Rader.

254 2151 289 2184 3.
332 2152 423 2185 Talis
458 2160 553 2185 exuta
588 2160 635 2184 est
663 2149 872 2184 Beverlandi

198 2204 328 2238 MS.—
336 2205 463 2238 Exsuta
476 2232 484 2245 ,
500 2213 566 2239 etc.
582 2204 774 2249 Eutropius
786 2229 796 2244 ‚
812 2203 873 2236 lib.

199 2257 292 2299 VII;
311 2266 346 2292 et
364 2257 512 2291 Sueton.
535 2257 665 2291 Domit.
687 2269 763 2303 cap.
784 2256 874 2290 5.—

203 2309 347 2343 Veterem
365 2319 529 2344 senectam.
548 2311 602 2344 Ita
616 2313 802 2356 juventam
819 2322 874 2343 re-

200 2371 331 2396 novant
357 2364 482 2409 aquilae
501 2389 512 2405 ,
544 2372 580 2397 et
606 2362 760 2396 detracta
784 2363 874 2408 pelle

200 2424 388 2460 serpentes.
405 2415 473 2449 Sed
485 2418 632 2449 Romam
647 2424 782 2450 tantum
799 2416 874 2461 qui-

200 2466 280 2501 dem
302 2469 453 2502 restituit
473 2469 711 2510 Domitianus,
729 2477 769 2502 ut
791 2469 873 2502 alibi

201 2521 370 2555 Martialis
384 2540 398 2551 «ι
415 2534 508 2554 nune
519 2522 631 2554 Roma
641 2529 709 2562 est,
724 2529 802 2554 ante
823 2530 872 2554 ta-

200 2574 309 2608 berna
325 2574 476 2608 fuit.»Et
490 2574 600 2619 epigr.
617 2586 647 2607 11
658 2600 666 2614 ,
682 2574 743 2607 lib.
757 2574 871 2619 Spect.

208 2645 220 2655 u
244 2628 354 2660 Roma
372 2626 509 2662 reddita
528 2627 593 2660 sibi
610 2635 663 2660 eat
678 2645 707 2659 κ.
730 2626 843 2659 Rader.

259 2684 290 2721 ,4.
310 2681 376 2713 Ista
395 2693 461 2726 pro
484 2684 549 2725 ipsa
567 2680 699 2713 Beverl.
724 2679 802 2713 MS.
821 2699 872 2706 —-

926 1036 975 1069 Et
1003 1037 1135 1079 sumpsit
1159 1035 1279 1069 vultus.
1302 1034 1380 1068 Hoc
1402 1042 1472 1076 est,
1495 1035 1603 1067 Roma

927 1089 1013 1122 facta
1035 1096 1088 1122 est
1102 1097 1266 1129 venusta3
1289 1088 1407 1121 vultus
1423 1087 1517 1120 enim
1534 1088 1604 1119 Do-

926 1141 1065 1175 mitiani
1084 1150 1254 1175 venustus
1275 1150 1347 1174 erat
1361 1168 1370 1182 ,
1392 1149 1431 1173 ut
1452 1139 1604 1173 diximus

927 1193 1138 1241 praecedenti
1153 1195 1413 1240 epigrammate,
1423 1206 1474 1227 vs.
1487 1208 1522 1237 9.
1536 1193 1601 1225 En.

983 1247 1016 1282 5.
1045 1248 1087 1280 In
1115 1246 1324 1292 quibusdam
1354 1246 1458 1280 codd.
1490 1254 1574 1278 natcc
1593 1273 1600 1285 ,

930 1301 1072 1333 Volcane
1088 1327 1097 1341 ‚
1133 1301 1291 1347 quereloe;
1320 1301 1356 1333 in
1382 1300 1476 1341 aliis,
1508 1307 1602 1332 notre.

926 1375 980 1380 —
1005 1354 1135 1386 Oblitus
1153 1362 1278 1386 nostrae.
1301 1353 1389 1394 Quae
1406 1353 1499 1386 inter
1517 1361 1551 1385 te
1570 1361 1604 1385 et

927 1419 990 1439 nos
1008 1406 1130 1440 Martis
1141 1415 1300 1452 posteros
1316 1405 1520 1439 intercessit.
1535 1405 1606 1437 Alii

927 1460 1053 1504 legunt
1082 1468 1166 1492 notae
1195 1459 1318 1492 melius
1345 1471 1422 1492 meo
1443 1457 1603 1503 judicio3

927 1512 996 1546 hoc
1012 1521 1080 1546 est:
1103 1512 1318 1546 Obliviscere
1333 1512 1510 1558 querelam
1529 1524 1604 1543 om-

928 1565 1032 1599 nibus
1056 1575 1177 1599 notam
1190 1591 1199 1608 ‚
1215 1564 1310 1610 quod
1334 1565 1408 1598 scil.
1428 1565 1604 1597 Venerem

929 1627 1025 1652 tuam
1047 1631 1192 1652 uxorem
1219 1617 1462 1664 compresserit
1486 1618 1579 1650 Mars
1596 1642 1606 1657 ‚

929 1684 948 1705 a
967 1684 1038 1717 quo
1053 1685 1162 1717 genus
1178 1684 1279 1705 suum
1295 1679 1460 1717 repetunt
1476 1671 1603 1703 Roma-

930 1725 979 1758 ni.
998 1747 1049 1750 —
1066 1725 1133 1758 Vel
1149 1725 1256 1758 Parce
1283 1725 1402 1765 nobis,
1428 1724 1604 1764 Vulcano,

931 1786 967 1811 et
986 1778 1191 1812 obliviscere
1209 1786 1345 1811 nostras
1363 1776 1407 1810 de
1423 1785 1457 1810 te
1479 1789 1604 1822 quere-

930 1831 980 1864 las
993 1857 1002 1872 ‚
1025 1843 1134 1876 quum
1156 1831 1269 1876 questi
1289 1843 1408 1864 sumus
1427 1838 1461 1863 te
1483 1830 1606 1862 urbem

931 1883 1095 1918 incendio
1117 1883 1328 1918 deformasse
1344 1878 1541 1927 (Vulcanus
1555 1891 1606 1915 est

932 1936 1016 1970 deus
1029 1935 1144 1983 ignis.)
1156 1937 1193 1970 Si
1202 1937 1304 1970 nobis
1319 1938 1427 1970 iratus
1441 1949 1476 1969 es
1486 1962 1494 1977 ,
1507 1934 1602 1981 quod

931 1990 1038 2024 simus
1062 1991 1177 2036 proles
1196 1990 1318 2024 Martis
1341 1989 1508 2030 adulteri,
1532 1988 1606 2032 pla-

932 2051 1027 2077 catus
1047 2056 1119 2077 esse
1133 2044 1218 2077 velis
1235 2043 1317 2089 quia
1334 2054 1452 2077 sumus
1470 2041 1607 2075 soboles

933 2097 1081 2130 Veneris
1099 2097 1142 2130 ab
1157 2099 1280 2130 AEnea.

986 2151 1020 2183 6.
1044 2149 1323 2184 Rescribendum
1350 2148 1409 2182 hic
1434 2155 1521 2181 esset
1540 2155 1606 2179 tm·-

933 2215 984 2234 ma
1000 2231 1008 2243 ‚
1037 2203 1067 2236 si
1090 2203 1180 2236 turba
1202 2215 1337 2248 semper
1356 2201 1399 2234 de
1417 2214 1455 2234 re
1477 2201 1607 2246 abjecta

934 2263 970 2289 et
986 2256 1047 2288 vili
1062 2255 1257 2297 diceretur,
1274 2254 1369 2300 quod
1382 2253 1525 2299 quidam
1541 2265 1603 2286 vo-

930 2309 1034 2349 lunt;
1056 2308 1115 2343 sed
1143 2309 1201 2341 hic
1230 2308 1319 2341 turba
1336 2335 1344 2347 ‚
1374 2309 1409 2341 τὸ
1434 2309 1499 2340 πᾶν
1514 2332 1522 2346 ,
1546 2319 1606 2340 seu

931 2362 1050 2407 potius
1076 2364 1112 2395 τὸ
1142 2362 1229 2394 ἅπαν
1255 2360 1436 2406 significat.
1466 2359 1604 2393 Herald.

937 2416 969 2447 T
968 2414 1045 2446 urba
1062 2427 1128 2460 pro
1146 2422 1259 2454 turma,
1273 2422 1307 2448 et
1325 2426 1422 2447 versa
1437 2413 1531 2453 vice,
1552 2425 1604 2446 er-

931 2480 991 2500 ror
1018 2467 1169 2500 solennis
1204 2476 1266 2501 est.
1300 2466 1393 2500 Vide
1425 2466 1603 2499 Guilielm.

934 2520 1066 2561 Quaest.
1087 2520 1238 2554 Plautin.
1256 2534 1289 2566 p.
1316 2524 1406 2562 2403
1423 2520 1542 2553 Heius.
1564 2517 1606 2551 ad

933 2571 1039 2606 Ovid.
1059 2574 1135 2606 Art.
1161 2575 1239 2607 Am.
1263 2574 1316 2606 111
1331 2600 1339 2615 ‚
1363 2586 1400 2614 23
1427 2572 1604 2605 Drakenb.

934 2625 978 2658 ad
1009 2626 1069 2659 Sil.
1102 2627 1155 2667 V,
1189 2640 1281 2672 277:
1314 2626 1404 2666 XII,
1444 2626 1535 2665 185;
1573 2634 1602 2655 νῦ

933 2679 1032 2721 XIV,
1057 2692 1140 2723 209.
