1978 3305
440 227 952 271 EPIGRAMMATU
970 228 1017 270 M
1057 228 1181 271 LlB.
1212 229 1266 270 Χ.

1458 229 1552 289 >'187

762 373 934 428 XIV.

662 521 727 549 An
765 520 1015 550 CR15PUM.
1031 501 1048 517 *

221 623 409 665 CEmzmz
433 621 487 664 de
510 622 669 664 nostris
691 620 796 664 nulli
819 629 862 664 te
882 620 988 664 dicis
1012 621 1171 664 amicis.

292 690 399 745 Sed,
428 692 481 734 sit
506 700 554 734 ut
574 690 659 734 hoc
683 707 860 746 verum,
880 689 1006 751 quid,
1032 706 1165 750 rogo,
1191 691 1369 751 Crispe,
1391 691 1523 735 facis?

222 763 377 804 Mutua
398 777 534 821 quum
560 770 754 822 peterem
777 761 972 806 sestertia
991 761 1204 820 quinque,
1229 762 1419 820 negasti;

289 832 392 874 Non
413 840 587 891 caperet
607 848 809 875 nummos
830 847 965 892 quum
987 831 1130 892 gravis
1149 845 1254 873 area
1274 839 1384 875 tuos.

221 900 412 958 Quando
434 901 544 945 fabae
564 902 690 946 nobis
712 901 909 946 modium
930 902 1143 961 farrisque
1163 900 1339 954 dedisti,

290 972 441 1028 Quum
467 981 542 1015 tua
562 971 755 1017 Niliacus
776 989 878 1016 rura
902 971 1083 1016 colonus
1106 969 1230 1015 aret?

220 1041 410 1098 Quando
440 1042 584 1087 brevis
606 1042 759 1104 gelidae
784 1044 911 1087 missa
935 1053 1000 1087 est
1023 1052 1128 1103 toga
1147 1052 1345 1102 tempore
1371 1041 1564 1085 bruniae?

289 1113 471 1172 Argenti
496 1114 615 1157 venit
639 1114 814 1174 quando
847 1113 1003 1158 selibra
1030 1111 1167 1157 mihi?

221 1180 291 1226 Nil
316 1181 433 1226 aliud
453 1183 605 1240 viden,
629 1201 717 1244 quo
748 1194 789 1228 te
816 1184 1045 1229 credamus
1069 1185 1282 1238 amicum,

291 1254 434 1310 Quam
465 1254 584 1314 quod
611 1271 681 1298 me
711 1271 858 1299 coram
885 1254 1066 1316 pedere,
1094 1255 1273 1315 Crispe,
1298 1251 1422 1297 soles.

204 1369 217 1382 ³
237 1374 277 1407 In
298 1373 442 1419 Crispum
460 1374 562 1409 editt.
584 1383 669 1409 vett.

204 1428 238 1460 6.
251 1427 410 1461 Niliacus.
420 1427 496 1461 Hoc
508 1436 574 1470 est,
583 1441 693 1474 quum
701 1428 828 1462 habeas

151 1479 279 1513 multos
297 1478 427 1514 fundos
448 1480 485 1513 in
504 1483 670 1527 AEgypto.

206 1533 242 1566 8.
266 1532 407 1578 Argenti
434 1534 561 1579 quando
593 1537 687 1567 missa
713 1534 828 1567 selibra

153 1585 229 1617 mihi
244 1590 317 1617 ese?
339 1594 422 1619 vett·
445 1585 526 1620 edd.

207 1649 240 1682 9.
256 1637 354 1682 Quod
365 1638 479 1673 Colin.
491 1639 628 1672 Ferrar.
647 1647 682 1673 et
693 1640 828 1674 Beverl.

210 1702 265 1723 10.
296 1691 402 1736 Quam
431 1692 536 1738 quod,
567 1700 633 1725 etc.
665 1693 828 1726 Animam

153 1742 357 1789 impendere
368 1770 377 1786 ,
390 1744 462 1778 sive
471 1771 480 1786 ‚
494 1753 534 1778 ut
551 1745 597 1778 ait
611 1745 688 1787 ille,
700 1744 831 1791 aliquid

888 1376 1012 1409 animae
1034 1374 1192 1408 amittere
1210 1375 1246 1408 in
1263 1374 1435 1407 honorem
1450 1372 1564 1406 amici.

887 1427 1040 1463 Honeste
1062 1440 1207 1473 parum,
1231 1434 1267 1460 at
1285 1426 1366 1460 satis
1388 1425 1566 1459 familiari-

888 1489 958 1522 ter,
977 1489 1010 1514 et
1028 1493 1095 1527 pro
1112 1480 1275 1514 comitate
1292 1479 1392 1513 suilla
1407 1490 1415 1511 z
1431 1478 1491 1511 ubi
1512 1490 1566 1510 ar-

888 1534 1008 1567 ctioris
1028 1533 1185 1567 amicitiae
1203 1540 1447 1578 argumentum
1461 1531 1567 1565 habe-

889 1595 966 1627 tur,
989 1587 1118 1620 mutuis
1139 1599 1173 1619 se
1195 1585 1319 1619 officiis
1341 1584 1502 1618 comitari
1527 1596 1565 1616 ac

888 1637 1061 1672 deducere
1081 1637 1125 1671 ad
1146 1639 1246 1672 sellas
1264 1637 1516 1676 Patroclianas‚
1534 1644 1567 1668 et

890 1691 1107 1725 dulcissimos
1137 1691 1296 1725 conferre
1323 1701 1499 1724 sermones
1533 1689 1565 1720 in

891 1745 1063 1778 Cloacinae
1085 1744 1221 1778 sacello.

796 1885 852 1938 Χ
863 1883 929 1939 V.

735 2027 799 2054 DE
839 2027 990 2055 APRO.

225 2135 431 2178 DOTATAE
455 2135 577 2178 uxori
604 2150 679 2178 cor
700 2134 911 2177 arundine
933 2134 1025 2177 fixit
1046 2143 1195 2187 acuta;

295 2204 378 2248 Sed
405 2204 509 2248 dum
539 2204 648 2248 ludit
672 2206 809 2266 Aper,
833 2203 982 2248 ludere
1007 2205 1130 2247 novit
1154 2206 1283 2263 Aper.

216 2341 246 2362 1.
265 2330 331 2362 Cor
347 2329 500 2362 arundine
513 2329 602 2373 fixit.
627 2329 778 2374 Fingens
799 2342 832 2362 se

158 2380 279 2415 ludere
296 2382 439 2427 sagittis.

213 2447 246 2467 2.
272 2434 371 2467 Novit
392 2435 490 2479 Aper.
521 2434 596 2467 Hoc
623 2447 745 2475 sensu;
768 2435 835 2467 Per

158 2499 315 2521 errorem
338 2498 481 2520 uxorem
504 2487 716 2520 interfecisse
738 2486 835 2520 vide-

160 2548 216 2573 tur
227 2542 320 2586 Aper
328 2567 335 2579 ‚
350 2539 446 2586 quod
459 2541 548 2573 forte
557 2539 706 2573 nesciret
715 2539 835 2573 ludere

159 2593 305 2637 sagittis;
318 2594 426 2626 immo
438 2593 536 2626 novit
550 2593 682 2638 optime
694 2591 818 2626 ludere
830 2618 838 2633 ‚

160 2646 270 2680 occisa
288 2647 379 2680 enim
403 2659 509 2680 uxore
529 2647 636 2680 factus
658 2654 707 2679 est
728 2646 835 2679 divos.

894 2329 1022 2361 Laedere
1043 2327 1100 2361 ed.
1121 2328 1268 2366 Barbou,
1291 2335 1324 2360 et
1343 2327 1410 2360 hoc
1430 2326 1572 2372 conjicit

894 2381 1131 2421 Pulmannus,
1153 2379 1212 2414 sed
1233 2379 1376 2413 damnat
1395 2379 1570 2413 Sebrevel.

895 2434 949 2467 lu's
973 2435 1043 2467 fere
1073 2434 1213 2467 verbis:
1236 2451 1249 2462 -
1266 2433 1369 2466 Poeta
1395 2431 1507 2474 ludit,
1535 2440 1571 2465 ut

895 2487 1011 2527 aiunt,
1026 2498 1089 2531 per
1104 2486 1380 2532 paronomasiam
1401 2483 1460 2526 (h.
1477 2497 1506 2518 e.
1525 2486 1569 2518 si-

896 2538 1133 2572 militudinem
1154 2538 1365 2578 verborum)
1381 2538 1417 2571 in
1438 2538 1492 2571 his
1511 2550 1572 2569 vo-

896 2593 993 2626 cibus
1012 2593 1115 2625 ludere
1131 2601 1162 2625 et
1184 2591 1305 2625 laedere.
1323 2592 1441 2625 Minus
1458 2599 1570 2625 tamen

899 2653 1016 2690 arguta
1042 2645 1180 2679 videtur
1206 2646 1278 2679 haec
1299 2645 1412 2677 lectio.
1436 2664 1447 2673 ι

1268 2716 1358 2760 [51¹
