1978 3305
459 250 1051 294 EPIG-RAMMATUM
1090 252 1217 294 LIB.
1257 253 1311 294 V.
1567 265 1592 308 7

322 339 504 395 Quoties
529 340 702 392 venire,
724 338 881 396 Paule,
900 339 1059 384 videris
1082 349 1258 392 contra3

322 410 455 453 Dicas
480 408 626 454 licebit
647 427 656 452 :
684 409 873 471 Myrtale
895 410 1004 454 bibit
1024 409 1210 454 laurum.

234 548 268 579 6.
291 545 382 579 Bibit
411 546 546 580 laurum.
575 547 641 579 Vel
670 559 742 579 non
764 546 854 580 bibit

179 597 318 638 vinum,
346 597 406 632 sed
437 612 567 632 meram
591 600 728 632 laurum
751 598 824 631 edit
844 611 851 632 :

914 547 968 580 vel
989 559 1059 579 nou
1081 554 1132 579 est
1154 545 1290 579 ebriosa
1305 571 1314 586 ,
1337 543 1398 578 sed
1420 545 1493 578 vult
1519 545 1595 577 ficri

913 607 1008 632 vates
1031 607 1064 632 et
1087 600 1225 633 laurum
1248 597 1331 631 edit.

855 738 920 793 v.

697 893 765 920 AD
805 872 1065 920 swerman*

249 1019 419 1074 SEXTE,
438 1016 643 1060 Palatinae
668 1016 811 1061 cultor
836 1016 1021 1060 facunde
1044 1018 1280 1069 Minervae,

315 1089 501 1149 Ingenio
527 1087 683 1131 frueris
712 1088 787 1148 qui
812 1089 1017 1149 propiore
1045 1089 1153 1145 Dei3

247 1158 362 1202 Nam
391 1158 469 1203 tibi
499 1167 725 1202 nascentes
756 1159 937 1203 Domini
965 1175 1229 1219 cognoscere
1260 1175 1409 1213 curas,

318 1231 376 1274 Et
400 1239 565 1274 secreta
587 1229 709 1274 ducis
735 1239 915 1290 pectora
940 1246 1067 1273 nosse
1090 1229 1212 1284 licet;

248 1301 312 1344 Sit
342 1299 463 1345 locus
494 1310 537 1344 ct
561 1301 721 1344 nostris
748 1299 891 1361 aliqua
917 1300 995 1344 tibi
1024 1310 1148 1361 parte
1171 1299 1348 1355 libellis,

316 1372 417 1428 Qua
445 1371 586 1427 Pedo,
615 1387 700 1432 qua
730 1372 932 1427 Marsus,
954 1387 1126 1432 quaque
1158 1370 1356 1415 Catullus
1381 1372 1474 1414 erit.

229 1503 243 1517 ⁴¹
254 1507 511 1554 Epigrammata
529 1507 636 1541 mittit
652 1508 754 1541 Sexto
767 1533 777 1549 ‚
792 1508 853 1553 qui

176 1560 379 1595 Domitiano
390 1573 408 1594 a
421 1561 560 1595 secretis
574 1569 666 1602 erat,
683 1569 716 1594 et
729 1561 854 1594 biblio-

175 1613 285 1647 thecae
321 1614 484 1648 Palatinae
521 1626 639 1647 curam
679 1614 829 1647 habebat
842 1640 851 1654 ‚

176 1679 254 1711 quae
268 1667 354 1713 poni
368 1667 467 1712 cupit
480 1667 571 1700 inter
586 1666 669 1700 alios
684 1668 852 1713 epigram-

178 1720 354 1754 matarios.
374 1720 492 1754 Rada.

227 1794 280 1799 —-
290 1774 332 1806 In
347 1773 415 1807 hoc
428 1774 673 1819 epigrammate
687 1772 852 1806 exhiben-

174 1824 223 1858 do
253 1825 343 1859 nihil
366 1826 503 1861 variant
522 1826 603 1859 libri
625 1826 765 1871 scripti,
791 1835 850 1860 aut

174 1879 344 1924 impressi.

231 1943 262 1966 1.
293 1933 456 1965 Palatinae
488 1933 600 1966 cultor.
631 1933 696 1966 Hie
725 1933 849 1966 Sextus

174 1992 247 2018 erat
275 1985 478 2019 Domitiano
506 1998 524 2019 a
545 1998 648 2019 sacrae
671 1985 849 2031 religionis

173 2038 294 2080 cultu,
315 2046 350 2072 et
375 2051 394 2072 a
414 2037 538 2073 studiis
566 2039 717 2084 ingenii,
745 2047 848 2084 atque

173 2103 193 2124 a
210 2091 365 2125 consiliis
379 2091 634 2126 secretioribus.

229 2157 262 2178 2.
284 2145 418 2190 Ingenio
429 2145 570 2188 frueris,
597 2153 665 2178 etc.
690 2145 849 2179 Versaris

173 2197 267 2231 enim
282 2210 364 2231 cum
381 2198 459 2243 ipso
480 2198 682 2232 Domitiano
693 2225 702 2241 ,
720 2207 754 2231 et
771 2200 848 2244 ejus

172 2250 336 2293 consilia,
355 2250 507 2285 rationes
521 2279 530 2294 ‚
549 2251 688 2297 negotia
701 2277 711 2292 ‚
731 2264 847 2285 causas

171 2305 354 2348 pernoscis
390 2313 424 2338 et
462 2305 572 2339 literis
610 2304 765 2339 mandas.
795 2326 847 2332 --

171 2357 277 2389 Deum
313 2358 451 2391 vocavit
489 2359 561 2404 jam
605 2358 846 2391 Domitianum

172 2422 277 2455 supra
294 2435 304 2451 ‚
338 2410 542 2456 epigramm.
568 2423 626 2445 111.
669 2412 757 2445 Item
783 2412 845 2445 lib.

171 2463 265 2502 Vll,
294 2464 497 2508 epigramm.
523 2476 628 2497 xxnx
649 2475 658 2496 :
687 2481 701 2494 ιι
722 2465 845 2498 Pecto-

170 2527 208 2548 re
240 2528 313 2549 non
347 2516 473 2549 humili
508 2529 626 2561 passus
654 2525 846 2563 utrumque

170 2566 286 2602 deum.
308 2586 322 2599 »
342 2569 448 2611 Quod
462 2569 639 2614 explicant
652 2570 753 2603 Statii
769 2574 845 2603 ver-

171 2633 248 2662 sus,
285 2622 369 2656 Silv.
406 2623 466 2656 lib.
503 2624 556 2656 111
573 2649 582 2663 ‚
615 2623 650 2655 in
682 2623 843 2669 lacrymis

170 2674 304 2709 Etrusci
324 2687 331 2709 :
354 2693 368 2705 «
387 2676 477 2709 Laeta
495 2675 624 2709 dehinc
645 2677 765 2717 serios,
784 2688 841 2709 ra-

911 1507 1042 1553 riisque
1059 1520 1100 1541 ex
1116 1507 1242 1542 ordine
1260 1509 1353 1542 curis
1375 1510 1506 1541 Auctus
1526 1508 1589 1540 ho-

911 1573 987 1603 nos,
1004 1573 1212 1606 semperque
1225 1561 1336 1607 gradu
1348 1574 1460 1607 prope
1478 1561 1592 1593 numi-

911 1625 955 1646 na
967 1627 1106 1659 semper
1119 1614 1315 1648 Caesareum
1327 1614 1472 1648 coluisse
1482 1614 1571 1647 latus
1580 1640 1590 1654 ,

910 1667 1084 1712 sacrisque
1108 1667 1258 1701 deorum
1283 1667 1429 1701 Arcanis
1457 1667 1590 1701 haererc

910 1719 1042 1754 datum.
1066 1738 1078 1749 »
1105 1720 1173 1754 En.

967 1773 1000 1806 5.
1024 1773 1075 1807 Sit
1096 1773 1201 1814 locus,
1224 1782 1290 1807 etc.
1313 1773 1468 1819 Dignare
1484 1773 1562 1806 loco
1579 1799 1587 1813 ,

908 1838 1041 1871 repone
1062 1827 1171 1860 libros
1200 1839 1295 1860 meos
1319 1827 1355 1859 in
1377 1826 1590 1859 bibliotheca

908 1880 1049 1920 tua,vel
1070 1880 1296 1925 Imperatoris
1308 1905 1318 1920 ,
1338 1881 1430 1912 inter
1449 1887 1589 1912 caeteros

907 1933 1231 1978 epigrammatarios
1245 1959 1256 1975 ,
1290 1932 1468 1967 Catullum
1487 1959 1495 1973 ‚
1522 1932 1587 1964 Pe-

907 1984 1038 2019 donem
1051 2011 1062 2027 ‚
1081 1987 1252 2020 Marsum.

961 2041 994 2072 6.
1010 2039 1083 2082 Qua
1093 2039 1192 2072 Pedo.
1205 2040 1258 2072 De
1272 2051 1344 2085 quo
1359 2051 1440 2071 mox
1454 2037 1587 2071 dictum

905 2092 967 2125 lib.
981 2092 1034 2125 XI
1044 2117 1054 2133 ‚
1069 2092 1180 2138 epigr.
1193 2103 1329 2126 Lxxvu.
1341 2092 1460 2124 Restat
1470 2089 1586 2124 adhuc

906 2158 947 2178 ex
976 2157 1018 2178 eo
1038 2145 1148 2190 elegia
1173 2144 1216 2178 ad
1244 2145 1382 2178 Liviam
1402 2143 1447 2176 de
1473 2152 1586 2176 morte

906 2199 1014 2232 Drusi
1048 2199 1211 2232 Neronis.
1241 2200 1294 2232 De
1330 2198 1447 2230 Marso
1481 2197 1585 2229 etiam

906 2250 1041 2285 dictum
1066 2251 1128 2285 lib.
1146 2253 1183 2284 II
1198 2278 1208 2293 ,
1231 2251 1434 2297 epigramm.
1453 2261 1534 2283 inu
1550 2257 1585 2282 et

907 2316 1031 2337 Lxxvn
1049 2331 1058 2346 ,
1087 2306 1186 2349 cujus
1214 2304 1463 2350 epigrammata
1489 2301 1584 2347 apud

906 2357 1071 2403 antiquos
1093 2357 1237 2390 summis
1257 2355 1418 2389 laudibus
1442 2357 1586 2389 fuerunt

906 2411 1077 2444 celebrata
1091 2436 1100 2451 ,
1125 2418 1210 2443 teste
1238 2409 1396 2456 Gyraldo
1412 2435 1420 2452 ‚
1437 2409 1583 2453 Dialogo

905 2465 957 2505 X,
976 2462 1021 2495 de
1037 2464 1126 2497 Hist.
1143 2472 1236 2509 poet.
1253 2463 1412 2497 Catullus
1426 2475 1511 2496 vero
1529 2474 1580 2494 sn-

906 2518 948 2550 tis
973 2524 1023 2549 est
1046 2525 1164 2550 notus.
1186 2538 1239 2544 --
1255 2515 1361 2550 Ovid.
1381 2515 1426 2549 <le
1446 2516 1582 2554 Ponto,

905 2570 1038 2611 IV,xvx
1049 2594 1058 2609 ‚
1079 2569 1097 2603 5
1112 2582 1119 2602 :
1134 2570 1270 2611 «Quum
1285 2570 1375 2603 foret
1385 2569 1580 2605 ctMarsus,

905 2623 1091 2668 magnique
1102 2623 1266 2656 Rabirius
1281 2624 1367 2663 oris,
1385 2623 1579 2665 Iliacusque

904 2676 1035 2718 Macer,
1059 2675 1282 2722 sidereusque
1302 2675 1408 2709 Pedo.
1429 2694 1440 2703 ι»
1467 2675 1532 2707 En.

1320 2740 1367 2785 'fi
