<?xml version="1.0" encoding="UTF-8"?>
<!DOCTYPE html PUBLIC "-//W3C//DTD XHTML 1.0 Transitional//EN"
    "http://www.w3.org/TR/xhtml1/DTD/xhtml1-transitional.dtd">
<html xmlns="http://www.w3.org/1999/xhtml" xml:lang="en" lang="en">
 <head>
  <title>
</title>
<meta http-equiv="Content-Type" content="text/html;charset=utf-8" />
  <meta name='ocr-system' content='tesseract 3.04.00' />
  <meta name='ocr-capabilities' content='ocr_page ocr_carea ocr_par ocr_line ocrx_word'/>
</head>
<body>
  <div class='ocr_page' id='page_1' title='image "./epigrammata02martuoft/epigrammata02martuoft_0631.png"; bbox 0 0 1978 3305; ppageno 0'>
   <div class='ocr_carea' id='block_1_1' title="bbox 360 224 1235 271">
    <p class='ocr_par' dir='ltr' id='par_1_1' title="bbox 360 224 1235 271">
     <span class='ocr_line' id='line_1_1' title="bbox 360 224 1235 271; baseline -0.002 -2"><span class='ocrx_word' id='word_1_1' title='bbox 360 224 945 271; x_wconf 86' lang='lat' dir='ltr'>EPIGRAMMATUM</span> <span class='ocrx_word' id='word_1_2' title='bbox 982 227 1107 270; x_wconf 93' lang='lat' dir='ltr'>LlB.</span> <span class='ocrx_word' id='word_1_3' title='bbox 1149 226 1235 268; x_wconf 91' lang='lat' dir='ltr'>XI.</span> 
     </span>
    </p>
   </div>
   <div class='ocr_carea' id='block_1_2' title="bbox 1399 223 1493 284">
    <p class='ocr_par' dir='ltr' id='par_1_2' title="bbox 1399 223 1493 284">
     <span class='ocr_line' id='line_1_2' title="bbox 1399 223 1493 284; baseline -0.011 -16"><span class='ocrx_word' id='word_1_4' title='bbox 1399 223 1493 284; x_wconf 75' lang='lat'>617</span> 
     </span>
    </p>
   </div>
   <div class='ocr_carea' id='block_1_3' title="bbox 239 311 1260 368">
    <p class='ocr_par' dir='ltr' id='par_1_3' title="bbox 239 311 1260 368">
     <span class='ocr_line' id='line_1_3' title="bbox 239 311 1260 368; baseline -0.002 -12"><span class='ocrx_word' id='word_1_5' title='bbox 239 315 339 357; x_wconf 90' lang='lat' dir='ltr'>Non</span> <span class='ocrx_word' id='word_1_6' title='bbox 364 312 495 357; x_wconf 87' lang='lat' dir='ltr'>alium</span> <span class='ocrx_word' id='word_1_7' title='bbox 525 311 692 368; x_wconf 81' lang='lat' dir='ltr'>mallet,</span> <span class='ocrx_word' id='word_1_8' title='bbox 713 330 793 357; x_wconf 89' lang='lat' dir='ltr'>nec</span> <span class='ocrx_word' id='word_1_9' title='bbox 814 315 964 367; x_wconf 85' lang='lat' dir='ltr'>Maro,</span> <span class='ocrx_word' id='word_1_10' title='bbox 989 328 1067 356; x_wconf 89' lang='lat' dir='ltr'>nec</span> <span class='ocrx_word' id='word_1_11' title='bbox 1093 312 1260 356; x_wconf 87' lang='lat' dir='ltr'>Cicero.</span> 
     </span>
    </p>
   </div>
   <div class='ocr_carea' id='block_1_4' title="bbox 100 433 773 899">
    <p class='ocr_par' dir='ltr' id='par_1_4' title="bbox 100 433 771 573">
     <span class='ocr_line' id='line_1_4' title="bbox 100 433 771 467; baseline 0 0"><span class='ocrx_word' id='word_1_12' title='bbox 100 441 184 467; x_wconf 76' lang='lat' dir='ltr'>vett.</span> <span class='ocrx_word' id='word_1_13' title='bbox 201 442 236 467; x_wconf 87' lang='lat' dir='ltr'>et</span> <span class='ocrx_word' id='word_1_14' title='bbox 253 433 367 467; x_wconf 83' lang='lat' dir='ltr'>Maitt.</span> <span class='ocrx_word' id='word_1_15' title='bbox 382 443 415 467; x_wconf 89' lang='lat' dir='ltr'>et</span> <span class='ocrx_word' id='word_1_16' title='bbox 431 434 578 467; x_wconf 84' lang='lat' dir='ltr'>Farnab.</span> <span class='ocrx_word' id='word_1_17' title='bbox 593 456 644 460; x_wconf 97' lang='lat'><strong>—</strong></span> <span class='ocrx_word' id='word_1_18' title='bbox 657 435 771 467; x_wconf 85' lang='lat' dir='ltr'>Tumu-</span> 
     </span>
     <span class='ocr_line' id='line_1_5' title="bbox 101 486 771 531; baseline 0.003 -13"><span class='ocrx_word' id='word_1_19' title='bbox 101 487 170 520; x_wconf 77' lang='lat' dir='ltr'>live.</span> <span class='ocrx_word' id='word_1_20' title='bbox 182 486 334 531; x_wconf 78' lang='lat' dir='ltr'><strong>Virgilii.</strong></span> <span class='ocrx_word' id='word_1_21' title='bbox 355 488 492 520; x_wconf 72' lang='lat' dir='ltr'>Lai-isve.</span> <span class='ocrx_word' id='word_1_22' title='bbox 510 486 653 519; x_wconf 86' lang='lat' dir='ltr'>AEdium</span> <span class='ocrx_word' id='word_1_23' title='bbox 672 487 771 521; x_wconf 92' lang='lat' dir='ltr'>Cice-</span> 
     </span>
     <span class='ocr_line' id='line_1_6' title="bbox 100 538 597 573; baseline 0.002 -2"><span class='ocrx_word' id='word_1_24' title='bbox 100 538 209 571; x_wconf 89' lang='lat' dir='ltr'>ronis.</span> <span class='ocrx_word' id='word_1_25' title='bbox 224 538 309 572; x_wconf 66' lang='lat' dir='ltr'>Vid.</span> <span class='ocrx_word' id='word_1_26' title='bbox 323 548 397 573; x_wconf 89' lang='lat' dir='ltr'>not.</span> <span class='ocrx_word' id='word_1_27' title='bbox 415 538 469 572; x_wconf 80' lang='lat' dir='ltr'>ad.</span> <span class='ocrx_word' id='word_1_28' title='bbox 491 552 540 573; x_wconf 91' lang='lat' dir='ltr'>vs.</span> <span class='ocrx_word' id='word_1_29' title='bbox 566 552 597 572; x_wconf 89' lang='lat'>1.</span> 
     </span>
    </p>

    <p class='ocr_par' dir='ltr' id='par_1_5' title="bbox 102 590 773 899">
     <span class='ocr_line' id='line_1_7' title="bbox 158 590 772 630; baseline 0.002 -7"><span class='ocrx_word' id='word_1_30' title='bbox 158 595 190 630; x_wconf 73' lang='grc'>4.</span> <span class='ocrx_word' id='word_1_31' title='bbox 203 591 277 624; x_wconf 84' lang='grc' dir='ltr'>Νοη</span> <span class='ocrx_word' id='word_1_32' title='bbox 290 592 396 624; x_wconf 86' lang='lat' dir='ltr'>alium.</span> <span class='ocrx_word' id='word_1_33' title='bbox 412 592 491 625; x_wconf 84' lang='lat' dir='ltr'>Fuit</span> <span class='ocrx_word' id='word_1_34' title='bbox 505 592 598 624; x_wconf 90' lang='lat' dir='ltr'>enim</span> <span class='ocrx_word' id='word_1_35' title='bbox 610 591 668 624; x_wconf 88' lang='lat' dir='ltr'>ille</span> <span class='ocrx_word' id='word_1_36' title='bbox 677 590 772 624; x_wconf 84' lang='lat' dir='ltr'>haud</span> 
     </span>
     <span class='ocr_line' id='line_1_8' title="bbox 102 642 773 689; baseline 0 -13"><span class='ocrx_word' id='word_1_37' title='bbox 102 642 243 688; x_wconf 89' lang='lat' dir='ltr'>quidem</span> <span class='ocrx_word' id='word_1_38' title='bbox 260 644 430 684; x_wconf 86' lang='lat' dir='ltr'>altissimi,</span> <span class='ocrx_word' id='word_1_39' title='bbox 447 643 508 677; x_wconf 92' lang='lat' dir='ltr'>sed</span> <span class='ocrx_word' id='word_1_40' title='bbox 524 643 773 689; x_wconf 86' lang='lat' dir='ltr'>promptissimi</span> 
     </span>
     <span class='ocr_line' id='line_1_9' title="bbox 102 696 770 742; baseline 0.001 -14"><span class='ocrx_word' id='word_1_41' title='bbox 102 703 136 728; x_wconf 87' lang='lat' dir='ltr'>et</span> <span class='ocrx_word' id='word_1_42' title='bbox 151 696 238 728; x_wconf 86' lang='lat' dir='ltr'>varii</span> <span class='ocrx_word' id='word_1_43' title='bbox 255 696 388 742; x_wconf 86' lang='lat' dir='ltr'>ingenii</span> <span class='ocrx_word' id='word_1_44' title='bbox 402 697 467 737; x_wconf 88' lang='lat' dir='ltr'>vir,</span> <span class='ocrx_word' id='word_1_45' title='bbox 480 705 598 729; x_wconf 85' lang='lat' dir='ltr'>orator</span> <span class='ocrx_word' id='word_1_46' title='bbox 611 704 644 729; x_wconf 90' lang='lat' dir='ltr'>et</span> <span class='ocrx_word' id='word_1_47' title='bbox 658 705 770 741; x_wconf 86' lang='lat' dir='ltr'>poeta.</span> 
     </span>
     <span class='ocr_line' id='line_1_10' title="bbox 103 747 772 793; baseline 0.003 -13"><span class='ocrx_word' id='word_1_48' title='bbox 103 747 257 790; x_wconf 86' lang='lat' dir='ltr'>Scilicet,</span> <span class='ocrx_word' id='word_1_49' title='bbox 272 761 350 782; x_wconf 90' lang='lat' dir='ltr'>meo</span> <span class='ocrx_word' id='word_1_50' title='bbox 369 757 402 782; x_wconf 88' lang='lat' dir='ltr'>et</span> <span class='ocrx_word' id='word_1_51' title='bbox 421 748 591 793; x_wconf 83' lang='lat' dir='ltr'>plurium,</span> <span class='ocrx_word' id='word_1_52' title='bbox 610 761 700 789; x_wconf 83' lang='lat' dir='ltr'>reor,</span> <span class='ocrx_word' id='word_1_53' title='bbox 716 750 772 793; x_wconf 89' lang='lat' dir='ltr'>ju-</span> 
     </span>
     <span class='ocr_line' id='line_1_11' title="bbox 103 799 772 835; baseline 0.004 -3"><span class='ocrx_word' id='word_1_54' title='bbox 103 799 194 834; x_wconf 88' lang='lat' dir='ltr'>dicio</span> <span class='ocrx_word' id='word_1_55' title='bbox 232 813 321 835; x_wconf 86' lang='lat' dir='ltr'>unus</span> <span class='ocrx_word' id='word_1_56' title='bbox 354 800 457 834; x_wconf 81' lang='lat' dir='ltr'>fuisse</span> <span class='ocrx_word' id='word_1_57' title='bbox 494 800 633 834; x_wconf 84' lang='lat' dir='ltr'>videtur</span> <span class='ocrx_word' id='word_1_58' title='bbox 667 801 772 835; x_wconf 84' lang='lat' dir='ltr'>Silius</span> 
     </span>
     <span class='ocr_line' id='line_1_12' title="bbox 104 852 773 899; baseline -0.001 -12"><span class='ocrx_word' id='word_1_59' title='bbox 104 865 144 888; x_wconf 81' lang='lat' dir='ltr'>ex</span> <span class='ocrx_word' id='word_1_60' title='bbox 166 853 206 886; x_wconf 88' lang='lat' dir='ltr'>iis</span> <span class='ocrx_word' id='word_1_61' title='bbox 224 853 283 898; x_wconf 91' lang='lat' dir='ltr'>qui</span> <span class='ocrx_word' id='word_1_62' title='bbox 296 879 305 894; x_wconf 94' lang='lat'>,</span> <span class='ocrx_word' id='word_1_63' title='bbox 329 862 367 887; x_wconf 90' lang='lat' dir='ltr'>ut</span> <span class='ocrx_word' id='word_1_64' title='bbox 387 866 459 887; x_wconf 90' lang='lat' dir='ltr'>non</span> <span class='ocrx_word' id='word_1_65' title='bbox 477 853 512 886; x_wconf 90' lang='lat' dir='ltr'>in</span> <span class='ocrx_word' id='word_1_66' title='bbox 532 862 606 887; x_wconf 83' lang='lat' dir='ltr'>arte</span> <span class='ocrx_word' id='word_1_67' title='bbox 624 852 773 899; x_wconf 84' lang='lat' dir='ltr'>quadam</span> 
     </span>
    </p>
   </div>
   <div class='ocr_carea' id='block_1_5' title="bbox 830 431 1506 899">
    <p class='ocr_par' dir='ltr' id='par_1_6' title="bbox 830 431 1506 899">
     <span class='ocr_line' id='line_1_13' title="bbox 830 431 1501 479; baseline -0.006 -11"><span class='ocrx_word' id='word_1_68' title='bbox 830 447 890 468; x_wconf 89' lang='lat' dir='ltr'>sua</span> <span class='ocrx_word' id='word_1_69' title='bbox 921 432 1194 479; x_wconf 84' lang='lat' dir='ltr'>splendidissimi</span> <span class='ocrx_word' id='word_1_70' title='bbox 1227 440 1260 465; x_wconf 90' lang='lat' dir='ltr'>et</span> <span class='ocrx_word' id='word_1_71' title='bbox 1285 431 1501 465; x_wconf 85' lang='lat' dir='ltr'>celeberrimi</span> 
     </span>
     <span class='ocr_line' id='line_1_14' title="bbox 831 484 1502 530; baseline -0.006 -10"><span class='ocrx_word' id='word_1_72' title='bbox 831 495 910 520; x_wconf 87' lang='lat' dir='ltr'>ante</span> <span class='ocrx_word' id='word_1_73' title='bbox 939 487 1042 526; x_wconf 88' lang='lat' dir='ltr'>alios,</span> <span class='ocrx_word' id='word_1_74' title='bbox 1065 486 1114 519; x_wconf 88' lang='lat' dir='ltr'>sic</span> <span class='ocrx_word' id='word_1_75' title='bbox 1135 494 1250 518; x_wconf 84' lang='lat' dir='ltr'>tamen</span> <span class='ocrx_word' id='word_1_76' title='bbox 1270 484 1430 530; x_wconf 81' lang='lat' dir='ltr'>plurimis</span> <span class='ocrx_word' id='word_1_77' title='bbox 1457 484 1502 517; x_wconf 87' lang='lat' dir='ltr'>si-</span> 
     </span>
     <span class='ocr_line' id='line_1_15' title="bbox 831 535 1500 583; baseline -0.004 -11"><span class='ocrx_word' id='word_1_78' title='bbox 831 540 904 573; x_wconf 88' lang='lat' dir='ltr'>mul</span> <span class='ocrx_word' id='word_1_79' title='bbox 931 551 1044 583; x_wconf 86' lang='lat' dir='ltr'>neque</span> <span class='ocrx_word' id='word_1_80' title='bbox 1069 537 1197 571; x_wconf 87' lang='lat' dir='ltr'>infelici</span> <span class='ocrx_word' id='word_1_81' title='bbox 1225 549 1329 582; x_wconf 86' lang='lat' dir='ltr'>opera</span> <span class='ocrx_word' id='word_1_82' title='bbox 1350 535 1500 570; x_wconf 82' lang='lat' dir='ltr'>student.</span> 
     </span>
     <span class='ocr_line' id='line_1_16' title="bbox 833 589 1504 635; baseline -0.006 -10"><span class='ocrx_word' id='word_1_83' title='bbox 833 593 885 625; x_wconf 88' lang='lat' dir='ltr'>Ita</span> <span class='ocrx_word' id='word_1_84' title='bbox 904 591 961 624; x_wconf 86' lang='lat' dir='ltr'>ille</span> <span class='ocrx_word' id='word_1_85' title='bbox 974 590 1124 635; x_wconf 84' lang='lat' dir='ltr'>Virgilio</span> <span class='ocrx_word' id='word_1_86' title='bbox 1143 598 1177 623; x_wconf 92' lang='lat' dir='ltr'>et</span> <span class='ocrx_word' id='word_1_87' title='bbox 1192 590 1310 623; x_wconf 84' lang='lat' dir='ltr'>Tullio</span> <span class='ocrx_word' id='word_1_88' title='bbox 1329 590 1431 634; x_wconf 88' lang='lat' dir='ltr'>longe</span> <span class='ocrx_word' id='word_1_89' title='bbox 1453 589 1504 622; x_wconf 88' lang='lat' dir='ltr'>in-</span> 
     </span>
     <span class='ocr_line' id='line_1_17' title="bbox 834 642 1502 686; baseline -0.004 -9"><span class='ocrx_word' id='word_1_90' title='bbox 834 644 962 682; x_wconf 88' lang='lat' dir='ltr'>ferior,</span> <span class='ocrx_word' id='word_1_91' title='bbox 993 642 1146 676; x_wconf 89' lang='lat' dir='ltr'>melioris</span> <span class='ocrx_word' id='word_1_92' title='bbox 1178 654 1257 675; x_wconf 88' lang='lat' dir='ltr'>sane</span> <span class='ocrx_word' id='word_1_93' title='bbox 1284 650 1376 675; x_wconf 84' lang='lat' dir='ltr'>notae</span> <span class='ocrx_word' id='word_1_94' title='bbox 1401 650 1502 686; x_wconf 84' lang='lat' dir='ltr'>poeta</span> 
     </span>
     <span class='ocr_line' id='line_1_18' title="bbox 832 694 1504 741; baseline -0.004 -12"><span class='ocrx_word' id='word_1_95' title='bbox 832 708 938 741; x_wconf 86' lang='lat' dir='ltr'>quam</span> <span class='ocrx_word' id='word_1_96' title='bbox 954 695 1111 736; x_wconf 91' lang='lat' dir='ltr'>Tullius,</span> <span class='ocrx_word' id='word_1_97' title='bbox 1137 694 1290 728; x_wconf 87' lang='lat' dir='ltr'>melioris</span> <span class='ocrx_word' id='word_1_98' title='bbox 1314 703 1406 727; x_wconf 82' lang='lat' dir='ltr'>notae</span> <span class='ocrx_word' id='word_1_99' title='bbox 1429 706 1504 727; x_wconf 88' lang='lat' dir='ltr'>ora-</span> 
     </span>
     <span class='ocr_line' id='line_1_19' title="bbox 834 746 1505 794; baseline -0.006 -12"><span class='ocrx_word' id='word_1_100' title='bbox 834 752 888 782; x_wconf 72' lang='lat' dir='ltr'>to‘r</span> <span class='ocrx_word' id='word_1_101' title='bbox 906 761 1008 794; x_wconf 88' lang='lat' dir='ltr'>quam</span> <span class='ocrx_word' id='word_1_102' title='bbox 1020 747 1189 792; x_wconf 84' lang='lat' dir='ltr'>Virgilius</span> <span class='ocrx_word' id='word_1_103' title='bbox 1201 760 1211 788; x_wconf 72' lang='grc' dir='ltr'><strong>ς</strong></span> <span class='ocrx_word' id='word_1_104' title='bbox 1224 759 1340 791; x_wconf 87' lang='lat' dir='ltr'>neque</span> <span class='ocrx_word' id='word_1_105' title='bbox 1360 746 1505 780; x_wconf 87' lang='lat' dir='ltr'>admini-</span> 
     </span>
     <span class='ocr_line' id='line_1_20' title="bbox 834 799 1506 845; baseline -0.006 -10"><span class='ocrx_word' id='word_1_106' title='bbox 834 801 983 835; x_wconf 85' lang='lat' dir='ltr'>strandae</span> <span class='ocrx_word' id='word_1_107' title='bbox 1004 800 1206 845; x_wconf 89' lang='lat' dir='ltr'>reipublicae</span> <span class='ocrx_word' id='word_1_108' title='bbox 1219 826 1230 842; x_wconf 91' lang='lat'>,</span> <span class='ocrx_word' id='word_1_109' title='bbox 1246 812 1309 832; x_wconf 88' lang='lat' dir='ltr'>nec</span> <span class='ocrx_word' id='word_1_110' title='bbox 1339 800 1391 832; x_wconf 91' lang='lat' dir='ltr'>rei</span> <span class='ocrx_word' id='word_1_111' title='bbox 1416 799 1506 832; x_wconf 88' lang='lat' dir='ltr'>mili-</span> 
     </span>
     <span class='ocr_line' id='line_1_21' title="bbox 835 852 1356 899; baseline -0.004 -12"><span class='ocrx_word' id='word_1_112' title='bbox 835 854 918 887; x_wconf 88' lang='lat' dir='ltr'>taris</span> <span class='ocrx_word' id='word_1_113' title='bbox 935 853 1117 899; x_wconf 74' lang='lat' dir='ltr'>Imperitus</span> <span class='ocrx_word' id='word_1_114' title='bbox 1133 852 1274 887; x_wconf 83' lang='lat' dir='ltr'>exstitit.</span> <span class='ocrx_word' id='word_1_115' title='bbox 1289 852 1356 885; x_wconf 88' lang='grc' dir='ltr'><strong>Ει).</strong></span> 
     </span>
    </p>
   </div>
   <div class='ocr_carea' id='block_1_6' title="bbox 692 974 930 1032">
    <p class='ocr_par' dir='ltr' id='par_1_7' title="bbox 692 974 930 1032">
     <span class='ocr_line' id='line_1_22' title="bbox 692 974 930 1032; baseline 0.013 -3"><span class='ocrx_word' id='word_1_116' title='bbox 692 974 930 1032; x_wconf 89' lang='lat' dir='ltr'>XLIX.</span> 
     </span>
    </p>
   </div>
   <div class='ocr_carea' id='block_1_7' title="bbox 658 1104 959 1152">
    <p class='ocr_par' dir='ltr' id='par_1_8' title="bbox 658 1104 959 1152">
     <span class='ocr_line' id='line_1_23' title="bbox 658 1104 959 1152; baseline -0.007 0"><span class='ocrx_word' id='word_1_117' title='bbox 658 1124 725 1152; x_wconf 87' lang='lat' dir='ltr'>DE</span> <span class='ocrx_word' id='word_1_118' title='bbox 764 1104 959 1152; x_wconf 69' lang='lat' dir='ltr'>51L10.*</span> 
     </span>
    </p>
   </div>
   <div class='ocr_carea' id='block_1_8' title="bbox 177 1235 1318 1507">
    <p class='ocr_par' dir='ltr' id='par_1_9' title="bbox 177 1235 1318 1366">
     <span class='ocr_line' id='line_1_24' title="bbox 177 1235 1318 1296; baseline -0.002 -16"><span class='ocrx_word' id='word_1_119' title='bbox 177 1238 197 1280; x_wconf 87' lang='lat' dir='ltr'><strong>J</strong></span> <span class='ocrx_word' id='word_1_120' title='bbox 204 1251 278 1280; x_wconf 74' lang='grc' dir='ltr'>ΑΜ</span> <span class='ocrx_word' id='word_1_121' title='bbox 303 1252 438 1296; x_wconf 86' lang='lat' dir='ltr'>prope</span> <span class='ocrx_word' id='word_1_122' title='bbox 458 1235 652 1279; x_wconf 88' lang='lat' dir='ltr'>desertos</span> <span class='ocrx_word' id='word_1_123' title='bbox 672 1236 861 1290; x_wconf 86' lang='lat' dir='ltr'>cineres,</span> <span class='ocrx_word' id='word_1_124' title='bbox 887 1244 929 1278; x_wconf 88' lang='lat' dir='ltr'>et</span> <span class='ocrx_word' id='word_1_125' title='bbox 954 1245 1103 1278; x_wconf 85' lang='lat' dir='ltr'>sancta</span> <span class='ocrx_word' id='word_1_126' title='bbox 1125 1236 1318 1278; x_wconf 86' lang='lat' dir='ltr'>Maronis</span> 
     </span>
     <span class='ocr_line' id='line_1_25' title="bbox 246 1304 1267 1366; baseline 0 -18"><span class='ocrx_word' id='word_1_127' title='bbox 246 1306 434 1349; x_wconf 86' lang='lat' dir='ltr'>Nomina</span> <span class='ocrx_word' id='word_1_128' title='bbox 460 1307 532 1366; x_wconf 91' lang='lat' dir='ltr'>qui</span> <span class='ocrx_word' id='word_1_129' title='bbox 557 1304 719 1349; x_wconf 85' lang='lat' dir='ltr'>coleret</span> <span class='ocrx_word' id='word_1_130' title='bbox 745 1321 933 1365; x_wconf 85' lang='lat' dir='ltr'>pauper,</span> <span class='ocrx_word' id='word_1_131' title='bbox 956 1315 999 1348; x_wconf 86' lang='lat' dir='ltr'>et</span> <span class='ocrx_word' id='word_1_132' title='bbox 1025 1322 1137 1349; x_wconf 91' lang='lat' dir='ltr'>unus</span> <span class='ocrx_word' id='word_1_133' title='bbox 1163 1315 1267 1349; x_wconf 84' lang='lat' dir='ltr'>erat.</span> 
     </span>
    </p>

    <p class='ocr_par' dir='ltr' id='par_1_10' title="bbox 177 1374 1196 1507">
     <span class='ocr_line' id='line_1_26' title="bbox 177 1374 1176 1436; baseline 0 -16"><span class='ocrx_word' id='word_1_134' title='bbox 177 1374 305 1420; x_wconf 88' lang='lat' dir='ltr'>Silius</span> <span class='ocrx_word' id='word_1_135' title='bbox 333 1386 491 1436; x_wconf 77' lang='lat' dir='ltr'>optatae</span> <span class='ocrx_word' id='word_1_136' title='bbox 518 1392 772 1419; x_wconf 82' lang='lat' dir='ltr'>succurrere</span> <span class='ocrx_word' id='word_1_137' title='bbox 798 1376 964 1419; x_wconf 89' lang='lat' dir='ltr'>censuit</span> <span class='ocrx_word' id='word_1_138' title='bbox 988 1375 1176 1429; x_wconf 71' lang='lat' dir='ltr'>umbrae,</span> 
     </span>
     <span class='ocr_line' id='line_1_27' title="bbox 245 1445 1196 1507; baseline -0.001 -18"><span class='ocrx_word' id='word_1_139' title='bbox 245 1445 371 1490; x_wconf 89' lang='lat' dir='ltr'>Silius</span> <span class='ocrx_word' id='word_1_140' title='bbox 401 1456 443 1489; x_wconf 87' lang='lat' dir='ltr'>et</span> <span class='ocrx_word' id='word_1_141' title='bbox 471 1455 617 1489; x_wconf 85' lang='lat' dir='ltr'>vatem</span> <span class='ocrx_word' id='word_1_142' title='bbox 634 1481 645 1500; x_wconf 85' lang='lat'>,</span> <span class='ocrx_word' id='word_1_143' title='bbox 667 1463 754 1489; x_wconf 90' lang='lat' dir='ltr'>non</span> <span class='ocrx_word' id='word_1_144' title='bbox 781 1447 924 1489; x_wconf 88' lang='lat' dir='ltr'>minor</span> <span class='ocrx_word' id='word_1_145' title='bbox 950 1447 1040 1507; x_wconf 89' lang='lat' dir='ltr'>ipse</span> <span class='ocrx_word' id='word_1_146' title='bbox 1055 1481 1066 1500; x_wconf 85' lang='lat'>‚</span> <span class='ocrx_word' id='word_1_147' title='bbox 1088 1445 1196 1489; x_wconf 80' lang='lat' dir='ltr'>tulit.</span> 
     </span>
    </p>
   </div>
   <div class='ocr_carea' id='block_1_9' title="bbox 107 1567 785 2672">
    <p class='ocr_par' dir='ltr' id='par_1_11' title="bbox 107 1567 780 1722">
     <span class='ocr_line' id='line_1_28' title="bbox 159 1567 778 1606; baseline 0.002 -2"><span class='ocrx_word' id='word_1_148' title='bbox 159 1567 173 1582; x_wconf 79' lang='lat'>&#39;¹</span> <span class='ocrx_word' id='word_1_149' title='bbox 195 1573 246 1605; x_wconf 86' lang='lat' dir='ltr'>De</span> <span class='ocrx_word' id='word_1_150' title='bbox 262 1572 367 1605; x_wconf 73' lang='lat' dir='ltr'>eodem</span> <span class='ocrx_word' id='word_1_151' title='bbox 387 1571 441 1605; x_wconf 88' lang='lat' dir='ltr'>ed.</span> <span class='ocrx_word' id='word_1_152' title='bbox 463 1573 561 1606; x_wconf 85' lang='lat' dir='ltr'>Barb.</span> <span class='ocrx_word' id='word_1_153' title='bbox 584 1572 659 1606; x_wconf 91' lang='lat' dir='ltr'>Hoc</span> <span class='ocrx_word' id='word_1_154' title='bbox 676 1581 709 1605; x_wconf 92' lang='lat' dir='ltr'>et</span> <span class='ocrx_word' id='word_1_155' title='bbox 726 1584 778 1605; x_wconf 88' lang='lat' dir='ltr'>se-</span> 
     </span>
     <span class='ocr_line' id='line_1_29' title="bbox 107 1625 780 1670; baseline -0.001 -12"><span class='ocrx_word' id='word_1_156' title='bbox 107 1637 216 1670; x_wconf 89' lang='lat' dir='ltr'>quens</span> <span class='ocrx_word' id='word_1_157' title='bbox 245 1625 353 1670; x_wconf 84' lang='lat' dir='ltr'>epigr.</span> <span class='ocrx_word' id='word_1_158' title='bbox 385 1626 476 1658; x_wconf 87' lang='lat' dir='ltr'>inter</span> <span class='ocrx_word' id='word_1_159' title='bbox 501 1638 536 1659; x_wconf 88' lang='lat' dir='ltr'>se</span> <span class='ocrx_word' id='word_1_160' title='bbox 563 1633 780 1658; x_wconf 85' lang='lat' dir='ltr'>commutant</span> 
     </span>
     <span class='ocr_line' id='line_1_30' title="bbox 108 1676 698 1722; baseline -0.002 -12"><span class='ocrx_word' id='word_1_161' title='bbox 108 1676 187 1710; x_wconf 87' lang='lat' dir='ltr'>edd.</span> <span class='ocrx_word' id='word_1_162' title='bbox 202 1685 284 1711; x_wconf 86' lang='lat' dir='ltr'>vett.</span> <span class='ocrx_word' id='word_1_163' title='bbox 304 1685 337 1710; x_wconf 92' lang='lat' dir='ltr'>et</span> <span class='ocrx_word' id='word_1_164' title='bbox 352 1678 500 1711; x_wconf 83' lang='lat' dir='ltr'>Farnab.</span> <span class='ocrx_word' id='word_1_165' title='bbox 519 1685 554 1711; x_wconf 92' lang='lat' dir='ltr'>et</span> <span class='ocrx_word' id='word_1_166' title='bbox 571 1677 698 1722; x_wconf 88' lang='lat' dir='ltr'>Delph.</span> 
     </span>
    </p>

    <p class='ocr_par' dir='ltr' id='par_1_12' title="bbox 107 1730 781 2448">
     <span class='ocr_line' id='line_1_31' title="bbox 166 1730 779 1775; baseline -0.002 -12"><span class='ocrx_word' id='word_1_167' title='bbox 166 1745 177 1763; x_wconf 89' lang='lat'>1</span> <span class='ocrx_word' id='word_1_168' title='bbox 190 1755 197 1762; x_wconf 94' lang='lat'>.</span> <span class='ocrx_word' id='word_1_169' title='bbox 209 1730 300 1764; x_wconf 83' lang='lat' dir='ltr'>Sicca</span> <span class='ocrx_word' id='word_1_170' title='bbox 310 1730 384 1764; x_wconf 89' lang='lat' dir='ltr'>MS.</span> <span class='ocrx_word' id='word_1_171' title='bbox 396 1731 532 1764; x_wconf 91' lang='lat' dir='ltr'>Beverl.</span> <span class='ocrx_word' id='word_1_172' title='bbox 541 1731 674 1763; x_wconf 80' lang='lat' dir='ltr'>-Jam</span> <span class='ocrx_word' id='word_1_173' title='bbox 681 1743 779 1775; x_wconf 78' lang='lat' dir='ltr'>prope</span> 
     </span>
     <span class='ocr_line' id='line_1_32' title="bbox 107 1781 778 1828; baseline 0 -13"><span class='ocrx_word' id='word_1_174' title='bbox 107 1783 253 1816; x_wconf 78' lang='lat' dir='ltr'>desertos.</span> <span class='ocrx_word' id='word_1_175' title='bbox 273 1781 372 1816; x_wconf 80' lang='lat' dir='ltr'>Idem</span> <span class='ocrx_word' id='word_1_176' title='bbox 398 1792 592 1828; x_wconf 79' lang='lat' dir='ltr'>argument.</span> <span class='ocrx_word' id='word_1_177' title='bbox 614 1796 651 1816; x_wconf 84' lang='lat' dir='ltr'>ac</span> <span class='ocrx_word' id='word_1_178' title='bbox 669 1783 778 1828; x_wconf 84' lang='lat' dir='ltr'>epigr.</span> 
     </span>
     <span class='ocr_line' id='line_1_33' title="bbox 108 1834 778 1881; baseline 0.001 -13"><span class='ocrx_word' id='word_1_179' title='bbox 108 1848 223 1868; x_wconf 75' lang='lat' dir='ltr'>vaui</span> <span class='ocrx_word' id='word_1_180' title='bbox 242 1848 357 1880; x_wconf 87' lang='lat' dir='ltr'>supra.</span> <span class='ocrx_word' id='word_1_181' title='bbox 376 1836 626 1881; x_wconf 87' lang='lat' dir='ltr'>DeVirgiliano</span> <span class='ocrx_word' id='word_1_182' title='bbox 645 1834 778 1881; x_wconf 82' lang='lat' dir='ltr'>praedio</span> 
     </span>
     <span class='ocr_line' id='line_1_34' title="bbox 109 1887 778 1934; baseline -0.001 -13"><span class='ocrx_word' id='word_1_183' title='bbox 109 1887 202 1934; x_wconf 78' lang='lat' dir='ltr'>apud</span> <span class='ocrx_word' id='word_1_184' title='bbox 212 1889 396 1934; x_wconf 80' lang='lat' dir='ltr'>Arpinates</span> <span class='ocrx_word' id='word_1_185' title='bbox 409 1901 427 1921; x_wconf 87' lang='lat' dir='ltr'>a</span> <span class='ocrx_word' id='word_1_186' title='bbox 442 1888 528 1921; x_wconf 91' lang='lat' dir='ltr'>Silio</span> <span class='ocrx_word' id='word_1_187' title='bbox 552 1897 669 1934; x_wconf 90' lang='lat' dir='ltr'>empto</span> <span class='ocrx_word' id='word_1_188' title='bbox 684 1900 691 1921; x_wconf 86' lang='grc'>;</span> <span class='ocrx_word' id='word_1_189' title='bbox 707 1901 778 1921; x_wconf 92' lang='lat' dir='ltr'>non</span> 
     </span>
     <span class='ocr_line' id='line_1_35' title="bbox 110 1940 778 1987; baseline 0.001 -14"><span class='ocrx_word' id='word_1_190' title='bbox 110 1941 176 1974; x_wconf 84' lang='lat' dir='ltr'>suit</span> <span class='ocrx_word' id='word_1_191' title='bbox 205 1941 358 1975; x_wconf 81' lang='lat' dir='ltr'>tumulus</span> <span class='ocrx_word' id='word_1_192' title='bbox 374 1941 515 1986; x_wconf 88' lang='lat' dir='ltr'>Virgilii</span> <span class='ocrx_word' id='word_1_193' title='bbox 544 1941 692 1987; x_wconf 89' lang='lat' dir='ltr'>Arpini,</span> <span class='ocrx_word' id='word_1_194' title='bbox 720 1940 778 1974; x_wconf 84' lang='lat' dir='ltr'>sed</span> 
     </span>
     <span class='ocr_line' id='line_1_36' title="bbox 109 1992 781 2039; baseline 0.003 -13"><span class='ocrx_word' id='word_1_195' title='bbox 109 1992 246 2027; x_wconf 89' lang='lat' dir='ltr'>duobus</span> <span class='ocrx_word' id='word_1_196' title='bbox 266 1994 421 2027; x_wconf 88' lang='lat' dir='ltr'>millibus</span> <span class='ocrx_word' id='word_1_197' title='bbox 443 2006 609 2039; x_wconf 86' lang='lat' dir='ltr'>passuum</span> <span class='ocrx_word' id='word_1_198' title='bbox 629 1995 671 2027; x_wconf 84' lang='lat' dir='ltr'>ab</span> <span class='ocrx_word' id='word_1_199' title='bbox 692 1994 781 2028; x_wconf 88' lang='lat' dir='ltr'>urhe</span> 
     </span>
     <span class='ocr_line' id='line_1_37' title="bbox 111 2046 780 2091; baseline 0.001 -12"><span class='ocrx_word' id='word_1_200' title='bbox 111 2047 280 2091; x_wconf 86' lang='lat' dir='ltr'>Neapoli,</span> <span class='ocrx_word' id='word_1_201' title='bbox 300 2054 340 2080; x_wconf 91' lang='lat' dir='ltr'>ut</span> <span class='ocrx_word' id='word_1_202' title='bbox 360 2046 499 2080; x_wconf 89' lang='lat' dir='ltr'>Servius</span> <span class='ocrx_word' id='word_1_203' title='bbox 513 2072 522 2087; x_wconf 96' lang='lat'>‚</span> <span class='ocrx_word' id='word_1_204' title='bbox 544 2056 578 2080; x_wconf 90' lang='lat' dir='ltr'>et</span> <span class='ocrx_word' id='word_1_205' title='bbox 597 2058 638 2080; x_wconf 84' lang='lat' dir='ltr'>ex</span> <span class='ocrx_word' id='word_1_206' title='bbox 660 2046 780 2080; x_wconf 84' lang='lat' dir='ltr'>Servio</span> 
     </span>
     <span class='ocr_line' id='line_1_38' title="bbox 110 2098 780 2145; baseline 0 -13"><span class='ocrx_word' id='word_1_207' title='bbox 110 2098 268 2133; x_wconf 86' lang='lat' dir='ltr'>Leander</span> <span class='ocrx_word' id='word_1_208' title='bbox 288 2098 406 2141; x_wconf 91' lang='lat' dir='ltr'>docet,</span> <span class='ocrx_word' id='word_1_209' title='bbox 431 2100 466 2132; x_wconf 87' lang='lat' dir='ltr'>in</span> <span class='ocrx_word' id='word_1_210' title='bbox 489 2100 700 2145; x_wconf 83' lang='lat' dir='ltr'>Campania,</span> <span class='ocrx_word' id='word_1_211' title='bbox 719 2100 780 2133; x_wconf 86' lang='lat' dir='ltr'>ubi</span> 
     </span>
     <span class='ocr_line' id='line_1_39' title="bbox 109 2151 779 2186; baseline 0.001 -2"><span class='ocrx_word' id='word_1_212' title='bbox 109 2152 236 2185; x_wconf 85' lang='lat' dir='ltr'>fatetur</span> <span class='ocrx_word' id='word_1_213' title='bbox 250 2152 376 2186; x_wconf 88' lang='lat' dir='ltr'>nesciri</span> <span class='ocrx_word' id='word_1_214' title='bbox 386 2151 494 2185; x_wconf 89' lang='lat' dir='ltr'>hodie</span> <span class='ocrx_word' id='word_1_215' title='bbox 508 2161 643 2186; x_wconf 89' lang='lat' dir='ltr'>certum</span> <span class='ocrx_word' id='word_1_216' title='bbox 653 2153 779 2186; x_wconf 88' lang='lat' dir='ltr'>tumuli</span> 
     </span>
     <span class='ocr_line' id='line_1_40' title="bbox 108 2204 780 2251; baseline 0.004 -15"><span class='ocrx_word' id='word_1_217' title='bbox 108 2204 293 2249; x_wconf 83' lang='lat' dir='ltr'>Virgiliani</span> <span class='ocrx_word' id='word_1_218' title='bbox 314 2206 442 2238; x_wconf 90' lang='lat' dir='ltr'>locum.</span> <span class='ocrx_word' id='word_1_219' title='bbox 461 2206 604 2239; x_wconf 89' lang='lat' dir='ltr'>Cineres</span> <span class='ocrx_word' id='word_1_220' title='bbox 622 2218 704 2251; x_wconf 87' lang='lat' dir='ltr'>ergo</span> <span class='ocrx_word' id='word_1_221' title='bbox 723 2206 780 2239; x_wconf 85' lang='lat' dir='ltr'>hic</span> 
     </span>
     <span class='ocr_line' id='line_1_41' title="bbox 109 2258 781 2304; baseline 0.003 -15"><span class='ocrx_word' id='word_1_222' title='bbox 109 2258 462 2302; x_wconf 87' lang='lat' dir='ltr'>memoriamVirgilii</span> <span class='ocrx_word' id='word_1_223' title='bbox 478 2258 728 2304; x_wconf 85' lang='lat' dir='ltr'>interpretare,</span> <span class='ocrx_word' id='word_1_224' title='bbox 742 2267 781 2292; x_wconf 88' lang='lat' dir='ltr'>ut</span> 
     </span>
     <span class='ocr_line' id='line_1_42' title="bbox 110 2310 780 2356; baseline 0.001 -14"><span class='ocrx_word' id='word_1_225' title='bbox 110 2321 207 2343; x_wconf 88' lang='lat' dir='ltr'>mens</span> <span class='ocrx_word' id='word_1_226' title='bbox 245 2319 296 2344; x_wconf 88' lang='lat' dir='ltr'>est</span> <span class='ocrx_word' id='word_1_227' title='bbox 333 2310 522 2351; x_wconf 83' lang='lat' dir='ltr'>Martialis,</span> <span class='ocrx_word' id='word_1_228' title='bbox 550 2323 659 2356; x_wconf 89' lang='lat' dir='ltr'>quum</span> <span class='ocrx_word' id='word_1_229' title='bbox 697 2311 780 2343; x_wconf 90' lang='lat' dir='ltr'>sub-</span> 
     </span>
     <span class='ocr_line' id='line_1_43' title="bbox 107 2362 780 2408; baseline 0.001 -13"><span class='ocrx_word' id='word_1_230' title='bbox 107 2362 222 2408; x_wconf 82' lang='lat' dir='ltr'>jungit</span> <span class='ocrx_word' id='word_1_231' title='bbox 243 2363 404 2396; x_wconf 85' lang='lat' dir='ltr'>«nomina</span> <span class='ocrx_word' id='word_1_232' title='bbox 424 2363 580 2396; x_wconf 87' lang='lat' dir='ltr'>Maronis</span> <span class='ocrx_word' id='word_1_233' title='bbox 597 2380 626 2396; x_wconf 74' lang='lat' dir='ltr'>n.</span> <span class='ocrx_word' id='word_1_234' title='bbox 644 2364 695 2397; x_wconf 83' lang='lat' dir='ltr'>Ita</span> <span class='ocrx_word' id='word_1_235' title='bbox 714 2364 780 2396; x_wconf 80' lang='lat' dir='ltr'>Ra-</span> 
     </span>
     <span class='ocr_line' id='line_1_44' title="bbox 111 2413 226 2448; baseline 0 -1"><span class='ocrx_word' id='word_1_236' title='bbox 111 2413 226 2448; x_wconf 90' lang='lat' dir='ltr'>derus.</span> 
     </span>
    </p>

    <p class='ocr_par' dir='ltr' id='par_1_13' title="bbox 111 2466 785 2672">
     <span class='ocr_line' id='line_1_45' title="bbox 167 2466 783 2513; baseline -0.003 -12"><span class='ocrx_word' id='word_1_237' title='bbox 167 2468 199 2501; x_wconf 82' lang='lat'>3.</span> <span class='ocrx_word' id='word_1_238' title='bbox 217 2467 282 2501; x_wconf 83' lang='lat' dir='ltr'>Sci.</span> <span class='ocrx_word' id='word_1_239' title='bbox 299 2466 346 2501; x_wconf 83' lang='lat' dir='ltr'>id.</span> <span class='ocrx_word' id='word_1_240' title='bbox 360 2469 440 2502; x_wconf 89' lang='lat' dir='ltr'>Bev.</span> <span class='ocrx_word' id='word_1_241' title='bbox 460 2468 496 2502; x_wconf 88' lang='lat' dir='ltr'>S.</span> <span class='ocrx_word' id='word_1_242' title='bbox 515 2469 641 2513; x_wconf 76' lang='lat' dir='ltr'>Arpina</span> <span class='ocrx_word' id='word_1_243' title='bbox 661 2468 783 2500; x_wconf 81' lang='lat' dir='ltr'>tandem</span> 
     </span>
     <span class='ocr_line' id='line_1_46' title="bbox 112 2520 784 2566; baseline 0.004 -15"><span class='ocrx_word' id='word_1_244' title='bbox 112 2532 286 2553; x_wconf 81' lang='lat' dir='ltr'>succurrere</span> <span class='ocrx_word' id='word_1_245' title='bbox 304 2521 408 2565; x_wconf 75' lang='lat' dir='ltr'>agello</span> <span class='ocrx_word' id='word_1_246' title='bbox 424 2520 504 2554; x_wconf 85' lang='lat' dir='ltr'>edd.</span> <span class='ocrx_word' id='word_1_247' title='bbox 525 2529 607 2554; x_wconf 86' lang='lat' dir='ltr'>vett.</span> <span class='ocrx_word' id='word_1_248' title='bbox 627 2521 784 2566; x_wconf 81' lang='lat' dir='ltr'>Namque</span> 
     </span>
     <span class='ocr_line' id='line_1_47' title="bbox 111 2573 785 2619; baseline 0.003 -15"><span class='ocrx_word' id='word_1_249' title='bbox 111 2584 222 2617; x_wconf 84' lang='lat' dir='ltr'>prope</span> <span class='ocrx_word' id='word_1_250' title='bbox 254 2573 429 2618; x_wconf 81' lang='lat' dir='ltr'>Arpinum</span> <span class='ocrx_word' id='word_1_251' title='bbox 465 2573 662 2619; x_wconf 80' lang='lat' dir='ltr'>possederat</span> <span class='ocrx_word' id='word_1_252' title='bbox 691 2574 785 2607; x_wconf 85' lang='lat' dir='ltr'>hunc</span> 
     </span>
     <span class='ocr_line' id='line_1_48' title="bbox 111 2625 785 2672; baseline 0.006 -16"><span class='ocrx_word' id='word_1_253' title='bbox 111 2625 261 2669; x_wconf 81' lang='lat' dir='ltr'>agellum</span> <span class='ocrx_word' id='word_1_254' title='bbox 291 2626 478 2671; x_wconf 85' lang='lat' dir='ltr'>Virgilius,</span> <span class='ocrx_word' id='word_1_255' title='bbox 513 2639 616 2672; x_wconf 88' lang='lat' dir='ltr'>quem</span> <span class='ocrx_word' id='word_1_256' title='bbox 657 2635 785 2660; x_wconf 78' lang='lat' dir='ltr'>emerat</span> 
     </span>
    </p>
   </div>
   <div class='ocr_carea' id='block_1_10' title="bbox 837 1571 1515 2196">
    <p class='ocr_par' dir='ltr' id='par_1_14' title="bbox 837 1571 1515 1921">
     <span class='ocr_line' id='line_1_49' title="bbox 838 1571 1514 1617; baseline 0.001 -13"><span class='ocrx_word' id='word_1_257' title='bbox 838 1571 960 1613; x_wconf 91' lang='lat' dir='ltr'>Silius,</span> <span class='ocrx_word' id='word_1_258' title='bbox 980 1580 1017 1605; x_wconf 91' lang='lat' dir='ltr'>ut</span> <span class='ocrx_word' id='word_1_259' title='bbox 1042 1573 1117 1617; x_wconf 88' lang='lat' dir='ltr'>ejus</span> <span class='ocrx_word' id='word_1_260' title='bbox 1141 1572 1346 1604; x_wconf 84' lang='lat' dir='ltr'>memoriani</span> <span class='ocrx_word' id='word_1_261' title='bbox 1371 1571 1441 1604; x_wconf 86' lang='lat' dir='ltr'>illic</span> <span class='ocrx_word' id='word_1_262' title='bbox 1459 1584 1514 1605; x_wconf 88' lang='lat' dir='ltr'>ce-</span> 
     </span>
     <span class='ocr_line' id='line_1_50' title="bbox 837 1624 1511 1669; baseline -0.001 -12"><span class='ocrx_word' id='word_1_263' title='bbox 837 1625 1000 1658; x_wconf 85' lang='lat' dir='ltr'>lebraret.</span> <span class='ocrx_word' id='word_1_264' title='bbox 1014 1624 1151 1669; x_wconf 86' lang='lat' dir='ltr'>Legunt</span> <span class='ocrx_word' id='word_1_265' title='bbox 1164 1624 1349 1657; x_wconf 89' lang='lat' dir='ltr'>nobiscum</span> <span class='ocrx_word' id='word_1_266' title='bbox 1366 1624 1422 1657; x_wconf 87' lang='lat' dir='ltr'>alii</span> <span class='ocrx_word' id='word_1_267' title='bbox 1437 1650 1445 1665; x_wconf 88' lang='lat'>,</span> <span class='ocrx_word' id='word_1_268' title='bbox 1459 1624 1511 1657; x_wconf 85' lang='lat' dir='ltr'>Si-</span> 
     </span>
     <span class='ocr_line' id='line_1_51' title="bbox 837 1677 1512 1722; baseline -0.001 -13"><span class='ocrx_word' id='word_1_269' title='bbox 837 1678 900 1709; x_wconf 84' lang='lat' dir='ltr'>lius</span> <span class='ocrx_word' id='word_1_270' title='bbox 916 1685 1032 1722; x_wconf 81' lang='lat' dir='ltr'>optatoe</span> <span class='ocrx_word' id='word_1_271' title='bbox 1049 1690 1224 1710; x_wconf 78' lang='lat' dir='ltr'>succurrere</span> <span class='ocrx_word' id='word_1_272' title='bbox 1243 1679 1360 1709; x_wconf 77' lang='lat' dir='ltr'>censuit</span> <span class='ocrx_word' id='word_1_273' title='bbox 1376 1677 1491 1709; x_wconf 82' lang='lat' dir='ltr'>umbroe</span> <span class='ocrx_word' id='word_1_274' title='bbox 1501 1691 1512 1715; x_wconf 81' lang='lat'>,-</span> 
     </span>
     <span class='ocr_line' id='line_1_52' title="bbox 839 1730 1513 1770; baseline -0.003 -7"><span class='ocrx_word' id='word_1_275' title='bbox 839 1730 913 1770; x_wconf 83' lang='lat' dir='ltr'>alii,</span> <span class='ocrx_word' id='word_1_276' title='bbox 933 1730 1030 1763; x_wconf 84' lang='lat' dir='ltr'>Silius</span> <span class='ocrx_word' id='word_1_277' title='bbox 1052 1730 1184 1762; x_wconf 79' lang='lat' dir='ltr'>Andino</span> <span class='ocrx_word' id='word_1_278' title='bbox 1210 1730 1334 1762; x_wconf 79' lang='lat' dir='ltr'>tandem</span> <span class='ocrx_word' id='word_1_279' title='bbox 1361 1733 1513 1762; x_wconf 76' lang='lat' dir='ltr'>succurrit</span> 
     </span>
     <span class='ocr_line' id='line_1_53' title="bbox 840 1780 1515 1827; baseline -0.001 -12"><span class='ocrx_word' id='word_1_280' title='bbox 840 1783 954 1827; x_wconf 77' lang='lat' dir='ltr'>agello.</span> <span class='ocrx_word' id='word_1_281' title='bbox 973 1780 1090 1815; x_wconf 82' lang='lat' dir='ltr'>Andes</span> <span class='ocrx_word' id='word_1_282' title='bbox 1106 1795 1189 1816; x_wconf 90' lang='lat' dir='ltr'>vero</span> <span class='ocrx_word' id='word_1_283' title='bbox 1207 1781 1363 1815; x_wconf 82' lang='lat' dir='ltr'>Maronis</span> <span class='ocrx_word' id='word_1_284' title='bbox 1378 1783 1489 1827; x_wconf 80' lang='lat' dir='ltr'>patria</span> <span class='ocrx_word' id='word_1_285' title='bbox 1507 1810 1515 1822; x_wconf 92' lang='lat'><em>‚</em></span> 
     </span>
     <span class='ocr_line' id='line_1_54' title="bbox 839 1834 1515 1880; baseline 0 -13"><span class='ocrx_word' id='word_1_286' title='bbox 839 1834 1098 1880; x_wconf 82' lang='lat' dir='ltr'>Longobardiae</span> <span class='ocrx_word' id='word_1_287' title='bbox 1115 1834 1375 1880; x_wconf 85' lang='lat' dir='ltr'>Transpadanae</span> <span class='ocrx_word' id='word_1_288' title='bbox 1396 1835 1494 1868; x_wconf 83' lang='lat' dir='ltr'>vicus</span> <span class='ocrx_word' id='word_1_289' title='bbox 1507 1861 1515 1875; x_wconf 91' lang='lat'><strong><em>‚</em></strong></span> 
     </span>
     <span class='ocr_line' id='line_1_55' title="bbox 839 1887 1511 1921; baseline 0 -1"><span class='ocrx_word' id='word_1_290' title='bbox 839 1888 1020 1921; x_wconf 87' lang='lat' dir='ltr'>Mantuani</span> <span class='ocrx_word' id='word_1_291' title='bbox 1042 1888 1219 1921; x_wconf 88' lang='lat' dir='ltr'>territorii.</span> <span class='ocrx_word' id='word_1_292' title='bbox 1236 1887 1377 1921; x_wconf 86' lang='lat' dir='ltr'>Judicet</span> <span class='ocrx_word' id='word_1_293' title='bbox 1394 1888 1511 1921; x_wconf 91' lang='lat' dir='ltr'>lector.</span> 
     </span>
    </p>

    <p class='ocr_par' dir='ltr' id='par_1_15' title="bbox 839 1941 1514 2196">
     <span class='ocr_line' id='line_1_56' title="bbox 895 1941 1512 1981; baseline 0 -9"><span class='ocrx_word' id='word_1_294' title='bbox 895 1946 928 1981; x_wconf 77' lang='grc'>4.</span> <span class='ocrx_word' id='word_1_295' title='bbox 942 1941 1018 1974; x_wconf 83' lang='grc' dir='ltr'>Νοη</span> <span class='ocrx_word' id='word_1_296' title='bbox 1036 1944 1146 1974; x_wconf 84' lang='lat' dir='ltr'>minor.</span> <span class='ocrx_word' id='word_1_297' title='bbox 1156 1959 1168 1970; x_wconf 87' lang='lat'>«</span> <span class='ocrx_word' id='word_1_298' title='bbox 1184 1942 1236 1974; x_wconf 88' lang='lat' dir='ltr'>Ita</span> <span class='ocrx_word' id='word_1_299' title='bbox 1257 1953 1323 1974; x_wconf 90' lang='lat' dir='ltr'>vss.</span> <span class='ocrx_word' id='word_1_300' title='bbox 1343 1941 1512 1974; x_wconf 83' lang='lat' dir='ltr'>contami-</span> 
     </span>
     <span class='ocr_line' id='line_1_57' title="bbox 839 1992 1514 2032; baseline -0.001 -6"><span class='ocrx_word' id='word_1_301' title='bbox 839 1994 1032 2027; x_wconf 85' lang='lat' dir='ltr'>natissimos</span> <span class='ocrx_word' id='word_1_302' title='bbox 1064 2006 1186 2027; x_wconf 88' lang='lat' dir='ltr'>censeo</span> <span class='ocrx_word' id='word_1_303' title='bbox 1223 1992 1423 2026; x_wconf 86' lang='lat' dir='ltr'>scribendos</span> <span class='ocrx_word' id='word_1_304' title='bbox 1434 2018 1444 2032; x_wconf 86' lang='lat'><em>‚</em></span> <span class='ocrx_word' id='word_1_305' title='bbox 1474 2006 1514 2026; x_wconf 76' lang='lat' dir='ltr'>ex</span> 
     </span>
     <span class='ocr_line' id='line_1_58' title="bbox 839 2045 1513 2091; baseline -0.001 -12"><span class='ocrx_word' id='word_1_306' title='bbox 839 2045 944 2080; x_wconf 87' lang='lat' dir='ltr'>codd.</span> <span class='ocrx_word' id='word_1_307' title='bbox 975 2055 1189 2080; x_wconf 87' lang='lat' dir='ltr'>vetustorum</span> <span class='ocrx_word' id='word_1_308' title='bbox 1212 2046 1363 2091; x_wconf 86' lang='lat' dir='ltr'>vestigiis</span> <span class='ocrx_word' id='word_1_309' title='bbox 1384 2058 1391 2079; x_wconf 92' lang='lat'><strong>:</strong></span> <span class='ocrx_word' id='word_1_310' title='bbox 1415 2046 1513 2079; x_wconf 85' lang='lat' dir='ltr'>Silius</span> 
     </span>
     <span class='ocr_line' id='line_1_59' title="bbox 840 2099 1514 2132; baseline -0.003 0"><span class='ocrx_word' id='word_1_311' title='bbox 840 2100 980 2132; x_wconf 81' lang='lat' dir='ltr'>Andlnoe</span> <span class='ocrx_word' id='word_1_312' title='bbox 1010 2113 1186 2132; x_wconf 80' lang='lat' dir='ltr'>succurrere</span> <span class='ocrx_word' id='word_1_313' title='bbox 1219 2101 1338 2131; x_wconf 76' lang='lat' dir='ltr'>censuit</span> <span class='ocrx_word' id='word_1_314' title='bbox 1368 2099 1484 2131; x_wconf 78' lang='lat' dir='ltr'>umbroe</span> <span class='ocrx_word' id='word_1_315' title='bbox 1504 2113 1514 2131; x_wconf 84' lang='grc'>.-</span> 
     </span>
     <span class='ocr_line' id='line_1_60' title="bbox 839 2152 1508 2196; baseline -0.006 -11"><span class='ocrx_word' id='word_1_316' title='bbox 839 2152 935 2185; x_wconf 64' lang='lat' dir='ltr'>Silius</span> <span class='ocrx_word' id='word_1_317' title='bbox 946 2166 983 2184; x_wconf 78' lang='lat' dir='ltr'>en</span> <span class='ocrx_word' id='word_1_318' title='bbox 993 2160 1112 2192; x_wconf 68' lang='lat' dir='ltr'>vatem,</span> <span class='ocrx_word' id='word_1_319' title='bbox 1121 2165 1182 2184; x_wconf 76' lang='lat' dir='ltr'>non</span> <span class='ocrx_word' id='word_1_320' title='bbox 1199 2154 1300 2184; x_wconf 82' lang='lat' dir='ltr'>minor</span> <span class='ocrx_word' id='word_1_321' title='bbox 1315 2153 1390 2196; x_wconf 61' lang='lat' dir='ltr'>ipse,</span> <span class='ocrx_word' id='word_1_322' title='bbox 1400 2152 1484 2184; x_wconf 79' lang='lat' dir='ltr'>colit.</span> <span class='ocrx_word' id='word_1_323' title='bbox 1495 2170 1508 2181; x_wconf 78' lang='grc'>»</span> 
     </span>
    </p>
   </div>
   <div class='ocr_carea' id='block_1_11' title="bbox 839 2204 1514 2250">
    <p class='ocr_par' dir='ltr' id='par_1_16' title="bbox 839 2204 1514 2250">
     <span class='ocr_line' id='line_1_61' title="bbox 839 2204 1514 2250; baseline -0.001 -13"><span class='ocrx_word' id='word_1_324' title='bbox 839 2205 952 2238; x_wconf 74' lang='lat' dir='ltr'>Heius.</span> <span class='ocrx_word' id='word_1_325' title='bbox 975 2204 1019 2238; x_wconf 86' lang='lat' dir='ltr'>ad</span> <span class='ocrx_word' id='word_1_326' title='bbox 1039 2205 1138 2250; x_wconf 85' lang='lat' dir='ltr'>epist.</span> <span class='ocrx_word' id='word_1_327' title='bbox 1155 2205 1192 2237; x_wconf 92' lang='lat' dir='ltr'>II</span> <span class='ocrx_word' id='word_1_328' title='bbox 1205 2229 1214 2243; x_wconf 95' lang='lat'>,</span> <span class='ocrx_word' id='word_1_329' title='bbox 1231 2209 1277 2250; x_wconf 71' lang='lat'>74</span> <span class='ocrx_word' id='word_1_330' title='bbox 1290 2229 1299 2245; x_wconf 93' lang='lat'>,</span> <span class='ocrx_word' id='word_1_331' title='bbox 1321 2204 1452 2237; x_wconf 87' lang='lat' dir='ltr'>Sabini.</span> <span class='ocrx_word' id='word_1_332' title='bbox 1465 2226 1514 2230; x_wconf 88' lang='lat'>-—-</span> 
     </span>
    </p>
   </div>
   <div class='ocr_carea' id='block_1_12' title="bbox 816 2256 1512 2297">
    <p class='ocr_par' dir='ltr' id='par_1_17' title="bbox 816 2256 1512 2297">
     <span class='ocr_line' id='line_1_62' title="bbox 816 2256 1512 2297; baseline 0 -7"><span class='ocrx_word' id='word_1_333' title='bbox 816 2294 819 2297; x_wconf 51' lang='grc'><strong>,</strong></span> <span class='ocrx_word' id='word_1_334' title='bbox 840 2258 947 2290; x_wconf 71' lang='lat' dir='ltr'>Minus</span> <span class='ocrx_word' id='word_1_335' title='bbox 963 2257 1127 2290; x_wconf 78' lang='lat' dir='ltr'>exhibent</span> <span class='ocrx_word' id='word_1_336' title='bbox 1145 2256 1225 2290; x_wconf 90' lang='lat' dir='ltr'>edd.</span> <span class='ocrx_word' id='word_1_337' title='bbox 1250 2265 1330 2290; x_wconf 88' lang='lat' dir='ltr'>vett.</span> <span class='ocrx_word' id='word_1_338' title='bbox 1356 2258 1512 2291; x_wconf 83' lang='lat' dir='ltr'>Recentt.</span> 
     </span>
    </p>
   </div>
   <div class='ocr_carea' id='block_1_13' title="bbox 840 2310 1521 2672">
    <p class='ocr_par' dir='ltr' id='par_1_18' title="bbox 840 2310 1521 2672">
     <span class='ocr_line' id='line_1_63' title="bbox 840 2310 1518 2355; baseline -0.003 -12"><span class='ocrx_word' id='word_1_339' title='bbox 840 2322 980 2348; x_wconf 87' lang='lat' dir='ltr'>omnes,</span> <span class='ocrx_word' id='word_1_340' title='bbox 1007 2319 1045 2344; x_wconf 89' lang='lat' dir='ltr'>ut</span> <span class='ocrx_word' id='word_1_341' title='bbox 1067 2310 1231 2345; x_wconf 74' lang='lat' dir='ltr'>Helnsius</span> <span class='ocrx_word' id='word_1_342' title='bbox 1255 2310 1440 2355; x_wconf 88' lang='lat' dir='ltr'>proposuit</span> <span class='ocrx_word' id='word_1_343' title='bbox 1459 2322 1466 2342; x_wconf 89' lang='lat'><strong>:</strong></span> <span class='ocrx_word' id='word_1_344' title='bbox 1488 2319 1518 2341; x_wconf 79' lang='lat' dir='ltr'>et</span> 
     </span>
     <span class='ocr_line' id='line_1_64' title="bbox 840 2362 1517 2408; baseline 0.001 -14"><span class='ocrx_word' id='word_1_345' title='bbox 840 2371 943 2395; x_wconf 74' lang='lat' dir='ltr'>vatem</span> <span class='ocrx_word' id='word_1_346' title='bbox 957 2376 1018 2395; x_wconf 83' lang='lat' dir='ltr'>non</span> <span class='ocrx_word' id='word_1_347' title='bbox 1035 2365 1135 2395; x_wconf 81' lang='lat' dir='ltr'>minor</span> <span class='ocrx_word' id='word_1_348' title='bbox 1145 2366 1207 2408; x_wconf 76' lang='lat' dir='ltr'>ipse</span> <span class='ocrx_word' id='word_1_349' title='bbox 1218 2363 1301 2396; x_wconf 77' lang='lat' dir='ltr'>colit.</span> <span class='ocrx_word' id='word_1_350' title='bbox 1314 2363 1401 2404; x_wconf 87' lang='lat' dir='ltr'>Quae</span> <span class='ocrx_word' id='word_1_351' title='bbox 1415 2362 1517 2396; x_wconf 87' lang='lat' dir='ltr'>lectio</span> 
     </span>
     <span class='ocr_line' id='line_1_65' title="bbox 843 2414 1519 2461; baseline 0.001 -14"><span class='ocrx_word' id='word_1_352' title='bbox 843 2414 985 2448; x_wconf 85' lang='lat' dir='ltr'>videtur</span> <span class='ocrx_word' id='word_1_353' title='bbox 995 2416 1129 2449; x_wconf 89' lang='lat' dir='ltr'>melior.</span> <span class='ocrx_word' id='word_1_354' title='bbox 1146 2415 1366 2461; x_wconf 79' lang='lat' dir='ltr'>Suffragatur</span> <span class='ocrx_word' id='word_1_355' title='bbox 1380 2415 1519 2461; x_wconf 86' lang='lat' dir='ltr'>Lipsius</span> 
     </span>
     <span class='ocr_line' id='line_1_66' title="bbox 844 2468 1514 2514; baseline -0.001 -13"><span class='ocrx_word' id='word_1_356' title='bbox 844 2468 904 2501; x_wconf 92' lang='lat' dir='ltr'>lib.</span> <span class='ocrx_word' id='word_1_357' title='bbox 924 2470 958 2508; x_wconf 91' lang='grc' dir='ltr'>Ι,</span> <span class='ocrx_word' id='word_1_358' title='bbox 973 2468 1072 2513; x_wconf 83' lang='lat' dir='ltr'>epist.</span> <span class='ocrx_word' id='word_1_359' title='bbox 1093 2481 1125 2501; x_wconf 91' lang='lat' dir='ltr'>v.</span> <span class='ocrx_word' id='word_1_360' title='bbox 1147 2468 1181 2502; x_wconf 91' lang='lat' dir='ltr'>Si</span> <span class='ocrx_word' id='word_1_361' title='bbox 1202 2469 1292 2514; x_wconf 87' lang='lat' dir='ltr'>legas</span> <span class='ocrx_word' id='word_1_362' title='bbox 1313 2481 1374 2501; x_wconf 82' lang='lat' dir='ltr'>non</span> <span class='ocrx_word' id='word_1_363' title='bbox 1393 2470 1514 2503; x_wconf 76' lang='lat' dir='ltr'>minus.</span> 
     </span>
     <span class='ocr_line' id='line_1_67' title="bbox 844 2521 1516 2555; baseline 0 -1"><span class='ocrx_word' id='word_1_364' title='bbox 844 2532 962 2554; x_wconf 91' lang='lat' dir='ltr'>sensus</span> <span class='ocrx_word' id='word_1_365' title='bbox 995 2521 1051 2554; x_wconf 82' lang='lat' dir='ltr'>hic</span> <span class='ocrx_word' id='word_1_366' title='bbox 1085 2521 1149 2554; x_wconf 90' lang='lat' dir='ltr'>erit</span> <span class='ocrx_word' id='word_1_367' title='bbox 1170 2533 1177 2554; x_wconf 79' lang='lat' dir='ltr'><em>z</em></span> <span class='ocrx_word' id='word_1_368' title='bbox 1199 2522 1262 2554; x_wconf 87' lang='lat' dir='ltr'>Ille</span> <span class='ocrx_word' id='word_1_369' title='bbox 1293 2534 1362 2555; x_wconf 89' lang='lat' dir='ltr'>non</span> <span class='ocrx_word' id='word_1_370' title='bbox 1400 2521 1516 2554; x_wconf 80' lang='lat' dir='ltr'>minus</span> 
     </span>
     <span class='ocr_line' id='line_1_68' title="bbox 845 2572 1521 2620; baseline -0.003 -13"><span class='ocrx_word' id='word_1_371' title='bbox 845 2574 965 2607; x_wconf 85' lang='lat' dir='ltr'>serviit</span> <span class='ocrx_word' id='word_1_372' title='bbox 986 2572 1131 2607; x_wconf 89' lang='lat' dir='ltr'>domino</span> <span class='ocrx_word' id='word_1_373' title='bbox 1154 2574 1238 2615; x_wconf 82' lang='lat' dir='ltr'>vati,</span> <span class='ocrx_word' id='word_1_374' title='bbox 1258 2587 1385 2620; x_wconf 85' lang='lat' dir='ltr'>nempe</span> <span class='ocrx_word' id='word_1_375' title='bbox 1413 2574 1497 2608; x_wconf 81' lang='lat' dir='ltr'>Silio</span> <span class='ocrx_word' id='word_1_376' title='bbox 1509 2599 1521 2613; x_wconf 60' lang='lat'>„</span> 
     </span>
     <span class='ocr_line' id='line_1_69' title="bbox 845 2627 1238 2672; baseline 0 -13"><span class='ocrx_word' id='word_1_377' title='bbox 845 2639 946 2672; x_wconf 87' lang='lat' dir='ltr'>quam</span> <span class='ocrx_word' id='word_1_378' title='bbox 969 2635 1067 2661; x_wconf 79' lang='lat' dir='ltr'>antea</span> <span class='ocrx_word' id='word_1_379' title='bbox 1080 2627 1238 2672; x_wconf 86' lang='lat' dir='ltr'>Virgilio.</span> 
     </span>
    </p>
   </div>
  </div>
 </body>
</html>
