1978 3305
364 233 947 281 EPIGRAMMATUM
985 239 1110 283 LIB.
1149 243 1202 285 V.

1421 261 1482 306 97

626 394 951 454 LXXVII.

548 550 618 580 An
662 533 1034 583 MARULLUM.*

157 675 424 721 NARRATUR
444 673 555 718 belle
577 674 752 735 quidam
773 675 949 732 dixisse,
969 678 1179 736 Marulle,

229 746 318 803 Qui
340 755 381 789 te
406 744 518 789 ferre
538 743 683 789 oleum
703 745 811 790 dixit
829 747 873 789 in
895 747 1147 793 auriculam.

142 879 157 894 '¹
176 883 238 917 Ad
255 880 452 926 Pedarifiam
485 880 690 914 inscribitur
727 881 764 914 in

91 936 211 971 codice
231 935 448 969 Florentino.

148 1004 180 1024 2.
200 990 268 1033 Qui
297 997 325 1021 te
341 988 429 1031 fiet-re
454 987 540 1020 olens
558 985 766 1021 Beverlandi

91 1044 166 1077 MS.
188 1060 202 1073 «
220 1043 313 1087 Lege
332 1041 429 1074 tolens
447 1040 502 1073 vel
520 1040 638 1086 potius
660 1040 737 1073 toles
754 1067 764 1080 ,

92 1095 191 1143 quod
206 1095 297 1128 nihil
314 1092 409 1128 aliud
424 1101 475 1126 est
491 1105 596 1139 quam
612 1092 769 1126 faucium

92 1148 322 1183 inflammatio
339 1155 373 1181 et
393 1155 524 1180 tumor.
541 1146 591 1179 Ut
607 1145 701 1179 enim
718 1146 770 1179 illi

95 1203 158 1248 qui
184 1202 261 1234 toles
281 1201 415 1234 habent
437 1199 475 1232 in
495 1198 654 1232 faucibus
667 1225 677 1240 ‚
697 1211 770 1232 non

94 1263 243 1301 possunt
264 1253 384 1299 loqui,
407 1253 454 1286 ita
474 1265 540 1286 nec
559 1250 683 1285 audire
711 1251 772 1297 qui

95 1320 150 1342 eas
179 1307 310 1341 habent
342 1309 375 1339 in
402 1305 557 1339 auricula.
581 1305 703 1350 Itaque
725 1304 773 1338 ait

96 1361 195 1394 illum
217 1361 312 1393 nolle
332 1358 476 1401 audire,
495 1357 557 1391 sed
574 1369 710 1403 semper
723 1359 773 1391 lo-

96 1414 192 1460 qui.»
209 1413 333 1447 Beverl.
359 1430 372 1442 a
386 1411 574 1458 Ingeniosa
599 1411 678 1443 satis
699 1411 773 1445 haec

97 1467 303 1512 conjectura
322 1463 549 1506 Beverlaudi3
570 1462 631 1497 sed
650 1475 774 1498 vereor

98 1533 143 1553 ne
166 1520 242 1552 toles
260 1519 296 1552 h.
309 1519 333 1552 l.
354 1517 538 1551 adversum
556 1517 600 1551 sit
619 1525 768 1550 metro.»

101 1572 311 1615 lVernsdorf.
338 1571 405 1604 Alii
436 1571 559 1617 legunt
577 1594 587 1612 ‚
610 1571 772 1606 auricula.

99 1647 151 1652 —
170 1626 238 1670 Qui
252 1633 280 1657 te
291 1625 389 1667 ferre.
406 1625 645 1657 Assentatores
659 1623 753 1656 enim
767 1649 777 1665 ‚

101 1677 186 1711 dum
199 1677 462 1724 potentioribus
477 1675 724 1717 blandiuntur,
738 1677 775 1709 in

101 1744 224 1764 eorum
246 1742 346 1764 aures
371 1730 488 1762 oleum
514 1728 702 1762 infundere
721 1729 775 1762 vi-

101 1782 241 1817 dentur.
270 1783 339 1817 Alii
372 1783 471 1815 aliter
498 1782 673 1827 explicant
708 1782 776 1815 hoc

102 1835 285 1882 adagium,
314 1844 348 1869 et
374 1836 522 1880 legunt,
548 1837 580 1867 in
608 1835 774 1875 auricula,

103 1898 141 1923 ut
162 1890 207 1923 sit
233 1901 357 1923 sensus
375 1900 382 1922 :
399 1887 591 1923 Marullum
613 1887 726 1933 rigida
745 1896 779 1922 et

825 882 954 928 supina
981 895 1063 917 aure
1089 884 1219 929 fuisse,
1235 886 1274 920 id
1297 896 1367 931 est,
1385 893 1501 927 omnia

826 944 1043 969 aversantem
1058 945 1092 970 et
1102 938 1338 974 fastidientem
1353 943 1502 979 aliorum

827 987 931 1022 dicta.
947 988 1002 1022 Sic
1015 989 1076 1023 lib.
1093 991 1146 1024 VI
1158 1017 1167 1033 ‚
1181 993 1389 1040 epigramm.
1404 1009 1481 1032 XLII
1495 1011 1504 1033 :

833 1058 846 1071 n
867 1042 948 1074 Non
968 1042 1118 1077 attendis
1133 1070 1141 1086 ‚
1162 1053 1197 1079 et
1210 1057 1295 1080 anre
1308 1060 1365 1082 me
1381 1051 1506 1096 supina

828 1093 1045 1128 Jamdudum
1081 1098 1179 1142 quasi
1206 1099 1424 1146 negligenter
1451 1117 1510 1138 au-

830 1146 896 1181 dis.
919 1164 933 1177 »
977 1147 1184 1195 Metaphora
1214 1151 1319 1186 ducta
1355 1167 1374 1188 a
1410 1165 1508 1201 gestu

831 1213 954 1234 eorum
970 1226 979 1244 ‚
1010 1202 1138 1247 quibus
1163 1204 1301 1250 aliquid
1329 1206 1366 1240 in
1389 1221 1510 1243 aurem

832 1253 989 1287 infusum
1007 1263 1073 1297 est;
1095 1264 1129 1290 et
1141 1282 1150 1298 ‚
1168 1270 1214 1290 ne
1234 1258 1373 1302 effluat,
1389 1274 1510 1297 aurem

832 1307 1009 1352 supinant.
1035 1308 1109 1349 Qui
1139 1309 1236 1356 loqui
1263 1324 1337 1345 non
1368 1324 1484 1360 posset
1500 1343 1510 1358 ‚

833 1359 928 1404 apud
945 1360 1108 1406 antiquos
1121 1361 1304 1398 dicebatur
1319 1367 1436 1401 oleum
1451 1382 1512 1403 ore

833 1421 965 1458 gestare
985 1427 992 1445 ε
1014 1413 1063 1447 ita
1081 1416 1142 1460 qui
1161 1416 1251 1450 nihil
1273 1418 1370 1453 audit
1383 1445 1393 1461 a
1413 1421 1512 1455 vide-

834 1473 891 1499 tur
919 1466 1036 1499 oleum
1067 1467 1157 1502 ferre
1185 1469 1221 1503 in
1249 1471 1408 1506 auricula
1428 1476 1511 1508 :vel

834 1527 938 1563 poeta
963 1519 1022 1552 hic
1044 1519 1204 1555 habitum
1232 1524 1355 1569 capitis
1380 1526 1416 1559 in
1436 1528 1512 1562 Ma-

833 1572 926 1605 rullo
949 1571 1074 1606 irridet
1093 1587 1132 1607 ac
1150 1583 1270 1617 notat,
1294 1585 1332 1610 ut
1349 1579 1411 1624 qui
1435 1593 1515 1626 per-

835 1623 919 1657 inde
939 1624 1079 1659 incedat
1101 1635 1134 1660 et
1154 1637 1260 1674 caput
1287 1629 1324 1662 in
1349 1630 1516 1667 dextrum

836 1685 897 1710 aut
925 1677 1104 1712 sinistrum
1128 1679 1314 1716 humerum
1341 1683 1514 1728 inclinet,

837 1742 875 1763 ac
894 1730 922 1763 si
941 1731 1057 1764 oleum
1079 1733 1115 1765 in
1135 1733 1194 1766 illa
1212 1735 1340 1778 ferret,
1362 1749 1401 1771 ac
1421 1739 1515 1772 solli-

837 1782 926 1816 citus
961 1792 1067 1823 esset,
1100 1798 1144 1818 ne
1177 1787 1375 1823 effunderet
1391 1816 1400 1832 ‚
1427 1791 1517 1825 sicut·

837 1835 875 1868 hi
891 1849 978 1881 quos
997 1837 1315 1874 incurvicervicum
1332 1855 1437 1888 pecus
1451 1857 1516 1877 no-

838 1888 949 1923 minat
963 1890 1145 1925 Pacuvius.
1162 1893 1317 1928 Radems.

643 2030 973 2087 LXXVIII.

588 2187 655 2214 An
694 2168 1032 2216 TURANIUM*

320 2316 365 2357 S1
396 2313 506 2357 tristi
533 2312 796 2355 domicoenio
826 2311 1022 2365 laboras,

163 2451 177 2465 ¹
197 2451 345 2488 Turanii
363 2463 493 2484 nomen
510 2463 631 2484 verum
652 2459 702 2483 est
714 2475 723 2491 ‚
739 2449 784 2483 ad

111 2520 215 2555 quem
241 2505 386 2551 epistola
408 2503 579 2536 Martialis
598 2503 699 2535 initio
722 2502 783 2536 lib.

112 2563 164 2595 IX
176 2586 185 2603 ‚
201 2560 270 2594 Ave
281 2581 291 2597 ,
305 2560 348 2590 mi
364 2559 504 2596 Ταναιιί,
517 2564 581 2589 etc.
598 2555 786 2600 Singularis

113 2614 181 2647 fuit
190 2614 305 2646 Poetae
316 2611 466 2652 amicus,
479 2621 585 2655 quem
597 2617 631 2641 et
645 2609 787 2641 fratrem

115 2666 276 2712 appellat.
293 2666 346 2698 De
370 2663 437 2697 alio
457 2661 614 2696 Turanio
634 2661 788 2702 Plinius,

186 2739 249 2782 II.

846 2450 1020 2483 XXXVII
1036 2475 1044 2489 ‚
1070 2450 1135 2492 133
1158 2461 1192 2486 et,
1207 2451 1300 2487 Suet.
1314 2455 1458 2502 Vespas.
1483 2465 1515 2500 4.

896 2522 948 2527 --
971 2503 1032 2535 Ad
1063 2504 1233 2538 Toranium
1259 2506 1439 2555 inscriptio
1467 2521 1518 2545 est

845 2554 882 2587 111
902 2554 982 2588 edd.
1005 2564 1088 2590 vett.

905 2619 933 2641 1.
966 2608 1004 2642 St
1033 2610 1136 2649 tristi,
1165 2619 1229 2645 etc.
1259 2613 1312 2646 Ne
1347 2615 1452 2650 tristis
1483 2627 1518 2651 et

848 2660 939 2695 solus
954 2660 1051 2696 domi
1067 2674 1201 2707 coenes,
1213 2667 1344 2710 poteris
1357 2668 1449 2713 apud
1465 2682 1520 2704 me

1288 2755 1312 2797 7
