1978 3305
477 206 567 251 130

844 202 902 244 M.
929 199 1069 242 VAL.
1108 198 1501 240 MARTIALIS

608 290 792 344 Incolis,
821 298 865 332 et
892 296 1060 330 veteres
1090 294 1137 328 tu
1166 300 1339 345 quoque
1361 278 1590 339 Ficelias),

540 365 617 407 Est
646 361 747 414 tihi,
768 374 863 418 quae
892 356 1027 417 patria
1060 356 1254 415 signatur
1283 354 1467 413 imagine
1496 352 1662 406 vultus,

607 431 746 474 Testis
773 436 979 471 maternae
1008 433 1106 468 nata
1138 423 1364 484 pudicitiae.

538 505 602 546 Tu
631 510 776 544 tamen
801 512 965 541 annoso
987 496 1168 538 nimium
1197 511 1251 538 ne
1280 509 1410 555 parce
1434 492 1636 546 Falerno;

606 573 663 615 Et
688 569 831 630 potius
857 566 1007 627 plenos
1033 581 1115 609 aere
1141 564 1334 624 relinque
1362 563 1505 608 cados.

537 644 600 686 Sit
631 641 727 702 pia,
757 639 811 682 sit
841 635 1054 697 locuples,
1085 635 1159 679 sed
1191 644 1310 696 potet
1335 632 1422 677 filia
1448 643 1662 687 mustum3

608 762 662 816 I'Zv
692 791 734 815 τε
763 770 1058 819 παλαιοτάταις
1087 769 1236 811 νάσσαο
1262 766 1487 821 Φικελίαις)

539 834 614 895 Εἷς-ι
636 861 697 887 σοι
721 837 824 892 εἶδος
847 844 911 884 ἑοῦ
937 835 1226 899 ἀπομαξαμένη
1252 844 1486 899 γενετῆρος,

608 915 811 973 Μητρῴης
840 911 992 971 μάρτυς
1014 910 1287 968 σωφροσύνης,
1307 908 1501 969 θυγάτηρ.
1558 904 1559 908 “

537 988 606 1033 Μὴ
629 987 676 1027 σύ
704 1001 748 1045 γε
775 985 1014 1029 πουλυετοῦς
1039 974 1176 1039 φείδου
1202 982 1354 1038 λιαροῖο
1378 978 1595 1037 Φαλέρνου,

607 1057 773 1098 Μᾶλλον
803 1047 840 1094 δ’
864 1049 912 1094 αὖ
936 1051 1080 1099 νας-οὺς
1102 1049 1272 1109 κέρματι
1292 1052 1404 1091 λεῖπε
1430 1043 1592 1097 κάδους.

539 1123 857 1169 Γλευκοποτοῦο·’
879 1124 902 1168 ’ἡ
931 1125 1023 1169 παῖς
1048 1119 1218 1180 θρῆσκῃ,
1242 1119 1309 1161 καὶ
1333 1120 1520 1167 πλούσιος
1545 1117 1617 1163 εἴη·

468 1273 588 1296 corum
605 1259 768 1291 arborum
780 1282 789 1295 ,
802 1256 892 1288 inter
908 1253 1004 1299 quod
1019 1260 1053 1286 et
1070 1253 1142 1286 No-

467 1321 626 1348 mentum
640 1309 808 1344 Martialis
824 1306 992 1353 praedium
1008 1305 1140 1339 habuit.

469 1369 524 1401 Sic
540 1364 742 1402 Cluverius,
761 1361 838 1394 Ital.
853 1360 915 1392 lib.
935 1360 994 1399 ΙΙ,
1011 1371 1087 1404 cap.
1106 1372 1141 1403 9.

525 1432 556 1451 2.
584 1417 651 1450 Alii
680 1417 823 1460 legunt,
852 1412 1039 1457 Fregelias;
1066 1412 1142 1452 alii,

473 1471 639 1507 Ficedulas
654 1483 665 1502 .·
683 1467 772 1502 illud
786 1464 909 1511 frigide
923 1477 1003 1498 saue
1015 1473 1049 1498 et
1062 1477 1143 1498 con-

472 1536 524 1560 tra
545 1535 683 1557 versum
701 1535 710 1563 ;
733 1521 800 1553 hoc
820 1530 916 1564 aeque
936 1518 1083 1551 obscure
1105 1529 1142 1550 ac

473 1578 610 1612 Ficelias
625 1584 636 1605 -·
658 1574 779 1608 rui-ine
796 1572 863 1604 illae
879 1570 1028 1610 fuerint,
1046 1583 1088 1603 an
1106 1571 1142 1602 in

474 1632 581 1665 Urbe.
614 1628 706 1668 Alii,
734 1625 890 1659 Fc'culeas.
902 1621 1004 1664 ⁴Vide
1034 1622 1141 1656 Brod.

473 1683 620 1718 Miscell.
637 1681 699 1714 lib.
720 1680 772 1719 X,
791 1689 864 1723 cap.
884 1688 1010 1710 xxvrn.

527 1736 561 1769 3.
580 1736 643 1768 Est
657 1733 712 1766 tibi
725 1759 732 1772 ,
753 1744 823 1776 quoe·
834 1732 936 1775 patrii
950 1727 1028 1762 Ald.
1042 1729 1140 1761 Junt.

474 1789 589 1824 Colin.
610 1785 747 1832 Gryph.
771 1783 930 1816 Pulman.
954 1782 1060 1825 Lang.
1079 1781 1142 1812 Ju-

475 1843 569 1876 nian.
602 1839 729 1884 Delph.
762 1836 910 1869 Faruab.
944 1843 1007 1867 etc.
1033 1836 1141 1878 patria

475 1891 678 1929 Beverlandi
694 1890 768 1924 MS.
792 1897 825 1921 et
846 1888 894 1920 sic
912 1887 1083 1920 Gruterus
1101 1899 1143 1919 ex

475 1947 577 1982 codd.
595 1944 660 1979 Sed
683 1952 721 1977 ut
739 1942 829 1975 illius
849 1939 1019 1985 elegantia
1042 1939 1143 1973 intel-

474 2003 602 2047 ligatur
616 2025 624 2040 ,
656 1993 834 2031 sciendum
869 1994 902 2026 τὸ
936 1992 1043 2025 vultus
1071 2004 1143 2025 esse

476 2051 707 2089 accusativum
726 2046 894 2094 pluralem
909 2056 916 2078 :
931 2047 1058 2090 signata
1073 2046 1144 2077 ‘vul—

478 2116 524 2140 ms
531 2106 637 2151 patria
649 2103 797 2146 imagine,
811 2098 845 2132 id
860 2107 927 2137 est..
943 2098 977 2131 ln
991 2097 1143 2131 vulthus

476 2161 641 2206 signatam
650 2154 796 2201 patriam
809 2150 1141 2196 imaginemliabenS.

476 2214 587 2246 Notus
623 2207 855 2242 hellenismus.
891 2226 941 2230 -—
981 2205 1042 2237 Est
1074 2204 1141 2238 tihi.

478 2262 668 2299 procreasti
690 2261 795 2293 filiam
819 2258 884 2291 tibi
905 2257 1114 2289 simillimam
1133 2283 1141 2297 ,

476 2330 554 2365 quac
579 2317 678 2362 plane
700 2313 807 2346 refert
822 2310 984 2343 omnibus
1008 2310 1078 2342 oris
1100 2311 1141 2342 li-

475 2368 665 2405 neamentis
681 2375 813 2412 patrem
828 2390 836 2406 ‚
848 2362 942 2409 quod
957 2375 1140 2409 argumen-

476 2433 512 2458 to
527 2431 577 2456 est
590 2445 599 2460 ‚
619 2433 689 2454 esse
704 2419 767 2452 tibi
786 2429 926 2450 uxorem
945 2424 1072 2449 castam
1086 2441 1094 2455 ‚
1108 2424 1142 2449 et

473 2477 580 2511 filiam
612 2474 702 2506 lianc
737 2470 938 2516 legitimam.
960 2470 1075 2502 Butler.
1089 2490 1140 2495 -—

475 2530 587 2564 Pan-iu
599 2528 761 2570 signatur,
780 2531 845 2557 etc.
862 2523 917 2555 Sic
936 2522 1089 2556 Catullus
1105 2522 1138 2555 in

475 2580 608 2628 nuptiis
640 2577 741 2611 Juliae
771 2584 803 2608 vt
833 2575 999 2620 Torquati
1023 2587 1031 2608 .-
1056 2593 1068 2605 a
1088 2575 1139 2608 Sit

470 2649 534 2670 suo
554 2631 673 2667 similis
688 2629 775 2675 patri
801 2648 812 2657 ι»
828 2654 836 2667 ,
857 2636 919 2661 etc.
944 2640 1044 2660 mox:
1065 2645 1077 2656 ι·
1095 2628 1139 2660 F.t

1202 1251 1408 1297 pudicitiam
1423 1264 1491 1286 suae
1504 1251 1623 1285 matris
1634 1250 1764 1284 indicet
1774 1264 1844 1284 ore.
1857 1270 1868 1280 ··

1201 1305 1245 1339 Et
1260 1305 1382 1338 Horat.
1405 1323 1417 1334 α
1433 1303 1640 1338 Laudamur
1658 1304 1762 1337 simili
1777 1304 1874 1348 prole

1201 1370 1391 1404 puerperae.
1410 1375 1422 1387 n
1450 1357 1518 1391 Sed
1542 1357 1618 1403 quis
1641 1357 1708 1390 fuit
1732 1357 1874 1403 Nepos?

1201 1411 1394 1449 Hominem,
1407 1409 1554 1444 divitem
1581 1422 1652 1444 esse
1677 1418 1811 1444 constat
1831 1422 1871 1443 ex

1200 1477 1302 1498 versu
1316 1472 1411 1498 sexto
1423 1490 1431 1503 ,
1448 1462 1588 1509 quando
1603 1471 1723 1496 monet
1740 1471 1780 1496 ut
1794 1462 1875 1497 filiae

1200 1517 1321 1562 plenos
1357 1528 1423 1550 aere
1461 1515 1565 1550 cados
1599 1515 1784 1562 relinquat.
1815 1516 1874 1550 Li-

1200 1570 1340 1603 bentius
1373 1568 1552 1602 crederem
1579 1568 1740 1602 eumdem
1760 1569 1873 1614 ipsum

1199 1622 1328 1662 fuisse,
1351 1620 1395 1655 ad
1425 1634 1529 1667 quem
1555 1630 1663 1655 exstat
1689 1621 1792 1655 Plinii
1819 1622 1874 1667 ju-

1201 1675 1310 1708 nioris
1329 1674 1473 1720 epistola
1495 1677 1559 1716 26,
1581 1675 1641 1708 lib.
1659 1676 1723 1716 IV,
1744 1675 1804 1708 ubi
1821 1675 1873 1708 vi-

1201 1740 1279 1760 rum
1297 1727 1540 1771 gravissimum
1556 1736 1590 1761 et
1607 1726 1872 1761 disertissimum

1201 1781 1372 1826 appellat,
1389 1789 1423 1814 et
1445 1781 1505 1826 qui
1523 1789 1651 1826 praetor
1667 1781 1820 1814 urbanus
1840 1789 1873 1814 et

1201 1834 1355 1866 maxima:
1368 1833 1558 1879 provinciae
1575 1833 1763 1879 praefuerit.
1784 1834 1875 1866 Mar-

1201 1886 1290 1919 tialis
1306 1886 1378 1932 ipse
1395 1886 1504 1922 hunc,
1524 1887 1582 1920 lib.
1601 1887 1653 1927 X,
1669 1886 1870 1932 epigramm.

1201 1951 1318 1972 XLVIII
1331 1965 1340 1980 ‚
1362 1938 1405 1972 ad
1425 1939 1627 1973 convivium
1648 1948 1758 1974 vocat.
1778 1940 1843 1972 En.

1257 1997 1288 2032 [t-
1309 1993 1340 2025 T
1338 1995 1409 2025 estis
1427 2001 1573 2025 mater-me
1589 2000 1663 2025 nota
1684 1992 1872 2026 Beverlan·

1201 2044 1237 2078 (li
1258 2044 1331 2078 MS.

1256 2098 1288 2132 5.
1311 2099 1357 2131 Tu
1373 2107 1484 2131 tamen.
1503 2098 1599 2131 Licet
1614 2098 1738 2131 habeas
1751 2098 1872 2138 filiam,

1201 2151 1272 2183 noli
1293 2160 1406 2184 tamen
1426 2151 1571 2184 nimium
1592 2149 1799 2184 defraudare
1815 2163 1872 2196 gc-

1201 2204 1296 2236 nium
1317 2216 1324 2236 :
1346 2204 1494 2237 sufficiet
1519 2204 1613 2237 euim
1637 2205 1664 2237 si
1694 2205 1742 2238 illi
1764 2203 1868 2238 cados

1200 2257 1345 2302 pecunia
1361 2257 1481 2302 plenos
1495 2257 1677 2302 reliqueris
1689 2271 1697 2299 ;
1710 2258 1782 2303 ipse
1796 2269 1872 2303 por-

1200 2322 1239 2342 ro
1254 2310 1333 2343 bibe
1346 2310 1529 2343 Falernum
1545 2323 1561 2342 a
1577 2310 1694 2344 multis
1704 2310 1804 2343 anuis
1817 2323 1870 2343 re-

1199 2361 1396 2397 conditum·
1417 2363 1494 2396 Lib.
1509 2363 1593 2396 xm
1607 2389 1615 2404 ‚
1629 2363 1740 2408 epigr.
1754 2375 1868 2397 cxxvt.

1254 2429 1286 2461 7.
1306 2416 1456 2450 Mem-tum.
1477 2416 1551 2449 Hoc
1572 2425 1642 2457 est,
1661 2417 1784 2450 vinum
1808 2428 1868 2449 an-

1200 2481 1321 2501 nosum
1337 2482 1380 2502 ne
1398 2469 1575 2514 relinquas
1588 2469 1685 2509 filiae;
1709 2468 1768 2502 sed
1790 2481 1868 2501 mu-

1199 2530 1310 2561 stum,
1333 2534 1393 2555 seu
1430 2522 1549 2555 vinum
1590 2533 1710 2555 recens
1727 2548 1736 2559 .
1771 2521 1868 2567 quod

1200 2575 1271 2620 ipsa
1294 2575 1413 2608 lex-erit
1430 2601 1438 2616 ‚
1459 2584 1491 2607 et
1513 2573 1605 2620 quod
1626 2588 1704 2607 cum
1730 2576 1801 2619 ipsa
1821 2575 1866 2608 si-

1200 2629 1269 2661 mul
1292 2628 1525 2662 consenuerit.
