1978 3305
388 204 487 251 666
943 214 1022 256 ΤΑ
1033 216 1066 258 Β
1078 217 1119 259 U
1133 217 1170 259 L

470 291 623 326 XXXV.
649 294 702 327 De
715 294 863 329 Euclide
872 318 1592 334 ............................
1603 305 1685 351 pag,
1743 306 1786 340 52

454 344 623 379 XXXVI.
649 345 704 379 Ad
722 347 926 382 Faustinum
937 372 1680 387 .............................
1745 360 1789 392 53

441 397 624 432 XXXVII.
648 400 700 432 De
719 400 840 434 Erotio
857 402 973 447 puella
982 425 1677 440 ...........................
1743 412 1789 451 54

420 450 625 485 XXXVIII.
649 452 692 484 In
707 452 946 488 Calliodorum
956 476 1096 486 ......
1117 479 1123 483 .
1141 479 1387 490 ..........
1405 467 1413 475 ·
1431 481 1675 491 ..........
1742 463 1789 497 58

454 502 624 538 XXXIX.
648 505 690 538 In
709 505 880 540 Carinum
905 529 1680 544 .............................
1745 517 1792 549 60

544 557 622 589 XL.
649 556 705 591 Ad
720 558 984 594 Artemidorum
1010 584 1679 597 ..........................
1742 571 1786 602 61

528 609 622 642 XLI.
647 610 689 643 In
705 610 901 657 Didymum
931 635 1678 649 .............................
1743 623 1786 653 61

510 661 623 696 XLII.
647 663 777 697 Amicis
796 664 892 710 quod
915 665 1038 709 datur,
1057 680 1129 701 non
1150 668 1266 714 perire
1275 691 1679 701 ................
1743 672 1789 706 63

491 714 622 748 XLIII.
647 716 699 748 De
716 716 852 751 Thaide
868 726 902 752 et
917 719 1064 753 Lecania
1090 742 1679 754 -----------------------
1743 727 1790 765 64

490 767 621 800 XLIV.
647 769 690 801 In
711 770 910 804 Dentonem
935 794 1686 806 .............................
1748 779 1794 817 64

510 819 621 853 XLV.
646 821 689 854 In
703 822 841 856 Bassam
850 844 1679 860 ................................
1745 829 1791 864 65

492 872 622 905 XLVI.
647 873 702 907 Ad
720 874 982 910 Diadumenum
1009 899 1310 909 ............
1326 888 1340 909 τ
1357 901 1684 911 .............
1745 882 1790 916 65

474 924 622 958 XLVII.
647 928 699 960 De
718 927 868 962 Philone
879 950 1683 964 ...............................
1747 937 1793 969 66

456 977 622 1011 XLVIII.
649 981 700 1013 De
715 981 874 1027 Encolpo
884 1003 1685 1017 ...............................
1748 989 1793 1032 67

490 1030 622 1063 XLIX.
649 1031 705 1065 Ad
722 1033 919 1067 Labienum
935 1056 1679 1069 .............................
1746 1041 1792 1074 68

582 1084 623 1117 L.
648 1086 689 1118 In
709 1086 950 1131 Charopinum
960 1109 1681 1122 ............................
1745 1105 1794 1137 70

564 1137 624 1169 LI.
651 1136 706 1170 Ad
724 1138 857 1171 RUfum
881 1161 1681 1174 ...............................
1747 1157 1766 1190 7
1778 1158 1790 1179 1

547 1189 624 1222 LII.
651 1191 694 1223 In
711 1191 943 1225 Posthumum
965 1215 1683 1226 ............................
1748 1209 1794 1242 7²

528 1242 623 1275 LIII.
649 1242 704 1276 Ad
723 1244 865 1277 Bassum
881 1267 1685 1279 ...............................
1748 1250 1795 1294 73

529 1295 623 1327 LIV.
652 1297 703 1329 De
726 1297 880 1331 Rhetore
902 1298 1092 1343 Apollonio
1115 1321 1682 1332 ......................
1748 1307 1795 1347 74

547 1347 625 1380 LV.
650 1350 702 1382 De
719 1349 844 1395 Aquila
863 1359 1025 1396 portante
1041 1353 1165 1387 Jovem
1176 1375 1685 1384 ····················
1750 1356 1796 1400 75

529 1400 624 1433 LVI.
651 1400 706 1435 Ad
725 1403 868 1448 Lupum
906 1425 1686 1437 ..............................
1750 1410 1795 1452 75

509 1453 625 1487 LVII.
653 1453 709 1488 Ad
722 1455 874 1489 Cinnam
885 1478 1687 1490 ...............................
1750 1473 1797 1505 77

490 1505 624 1540 LVIII.
650 1506 705 1540 Ad
726 1508 959 1543 Posthumum
988 1533 1684 1543 ...........................
1749 1525 1796 1558 77

531 1559 624 1593 LIX.
651 1559 707 1594 Ad
725 1561 867 1595 Stellam
882 1583 1497 1596 ........................
1517 1588 1524 1592 .,
1543 1586 1683 1596 ......
1749 1567 1797 1611 78

547 1613 624 1646 LX.
652 1613 706 1647 Ad
725 1616 965 1649 Detractorem
986 1637 1682 1648 ...........................
1747 1621 1795 1663 78

530 1667 623 1700 LXI.
650 1667 692 1700 In
711 1667 909 1701 Marianum
934 1689 1684 1702 .............................
1750 1683 1797 1716 79

512 1719 625 1753 LXII.
652 1719 707 1753 Ad
724 1720 887 1766 Hospites
911 1742 1688 1755 ..............................
1752 1724 1794 1758 81

496 1773 627 1806 LXIII.
652 1772 708 1806 Ad
726 1773 911 1807 Ponticum
936 1795 1236 1806 ............
1259 1796 1263 1801 -
1283 1797 1689 1807 ................
1753 1777 1797 1810 82

495 1826 625 1858 LXIV.
652 1824 708 1858 Ad
723 1839 803 1860 suos
817 1827 994 1861 ministros
1016 1850 1687 1861 ..........................
1751 1827 1797 1862 83

516 1878 628 1912 LXV.
652 1877 706 1911 Ad
724 1879 894 1913 Caesarem
911 1901 1686 1913 ..............................
1752 1881 1798 1921 84

498 1932 628 1965 LXVI.
654 1933 695 1964 In
710 1932 951 1966 Pontilianum
966 1955 1690 1966 ............................
1754 1934 1801 1968 88

480 1985 628 2018 LXVII,
654 1986 706 2018 De
725 1985 917 2019 hirundine
939 2007 1690 2019 ............................
1754 1987 1801 2020 88

460 2037 629 2071 LXVIII.
655 2037 710 2071 Ad
728 2038 888 2072 Lesbiam
913 2060 1690 2071 ..............................
1755 2051 1802 2083 90

499 2091 629 2125 LXIX.
655 2091 696 2124 In
719 2092 768 2125 M.
788 2091 984 2125 Antonium
994 2113 1691 2124 ...........................
1755 2105 1802 2136 90

518 2144 628 2178 LXX.
655 2145 707 2177 De
725 2145 883 2191 Syrisce,
900 2143 944 2178 ad
959 2145 1153 2179 Maximum
1180 2168 1691 2177 ....................
1755 2158 1800 2189 92

499 2197 630 2231 LXXI.
655 2196 709 2230 Ad
726 2197 932 2232 Faustinum
943 2220 1690 2230 .............................
1755 2198 1801 2242 93

479 2250 630 2284 LXXII.
656 2249 711 2283 Ad
727 2250 858 2284 Rufum
874 2276 882 2291 ‚
899 2250 943 2285 de
960 2251 1095 2297 origine
1114 2252 1240 2286 Bacchi
1262 2272 1692 2283 .................
1756 2255 1803 2296 94

461 2303 631 2337 LXXIII.
656 2302 712 2336 Ad
727 2303 956 2338 Theodorum
968 2326 1690 2336 ............................
1755 2309 1802 2348 94

464 2356 630 2391 LXXIV.
656 2358 709 2390 De
729 2357 900 2402 Pompeio
918 2366 952 2391 et
966 2357 1046 2392 filiis
1073 2380 1690 2388 ........................
1757 2359 1803 2401 95

483 2409 630 2443 LXXV.
657 2408 710 2442 Ad
726 2410 900 2451 Quintum
917 2432 1689 2442 ............................
1756 2411 1802 2453 95

464 2462 632 2496 LXXVI.
657 2461 713 2496 Ad
729 2462 877 2497 Cinnam
889 2485 1690 2495 ...............................
1756 2466 1803 2506 96

451 2513 1692 2550 LXXVI1,AdMarullu1u............................
1759 2529 1804 2559 9-1-

427 2566 631 2600 LXXVIII.
659 2568 712 2602 Ad
727 2569 923 2603 Turullium
946 2592 1215 2600 ..........
1238 2594 1267 2600 ..
1289 2595 1293 2600 .
1314 2593 1320 2599 .
1341 2595 1345 2600 .
1367 2595 1371 2600 .
1394 2595 1398 2600 .
1421 2593 1427 2600 .
1448 2593 1452 2600 .
1474 2595 1479 2600 .
1500 2593 1505 2599 .
1528 2593 1533 2599 .
1554 2592 1559 2599 .
1581 2593 1586 2599 .
1607 2594 1612 2598 .
1634 2594 1637 2598 .
1660 2592 1691 2598 ..
1759 2582 1805 2612 97

471 2619 633 2655 LXXIX.
663 2623 702 2655 In
720 2623 854 2656 Zoilum
872 2645 878 2651 .
925 2646 930 2651 .
952 2646 956 2651 .
978 2649 981 2652 .
1004 2646 1511 2653 ....................
1532 2649 1534 2651 ,
1558 2645 1693 2653 ......
1740 2633 1799 2653 101

488 2672 1165 2708 LXXX.Adva‹·1-um.....‚....
1532 2701 1534 2703 ,
1583 2686 1801 2706 ...Qum
