1978 3305
373 236 963 282 EPIGRAMMATUM
1001 241 1126 283 LIB.
1166 242 1250 283 VI.

1424 242 1514 287 113

749 395 859 450 Vl.

599 549 664 576 An
702 530 1028 579 LUPERCUMf

179 672 397 716 Comonm
428 680 514 713 tres
546 679 645 713 sunt
671 686 678 711 :
708 669 782 713 sed
813 680 928 714 amat
957 681 1030 714 tua
1056 673 1226 729 Paulla,
1252 676 1472 735 Luperco,

247 741 470 797 Quatuor3
497 749 540 783 et
565 742 696 797 κωφὸν
723 739 871 783 Paulla
900 742 1112 800 πρόσωπον
1142 753 1269 787 amat.

145 874 160 889 *
174 879 334 924 Scoptice
348 886 486 911 excusat
502 878 668 916 Paullam,
682 877 780 923 quod

105 940 197 965 amet
223 939 373 977 quatuor
399 929 593 971 comoedos,
617 931 780 976 inquiens

104 997 179 1018 eam
196 996 269 1017 non
288 984 401 1017 facere
421 992 546 1029 praeter
565 983 674 1028 legem
699 982 778 1016 dra-

103 1037 218 1071 matis.
237 1037 404 1078 Quamvis
420 1036 513 1069 enim
528 1036 566 1068 in
583 1048 683 1069 scena
697 1036 779 1081 plu-

102 1103 156 1123 res
179 1090 290 1123 tribus
316 1088 417 1122 simul
441 1088 537 1134 loqui
556 1101 627 1121 non
649 1101 778 1122 conve-

102 1143 175 1176 niat
188 1169 197 1184 ‚
216 1142 398 1175 inducitur
417 1149 533 1174 tamen
553 1153 643 1184 saepe
662 1153 779 1186 perso·

100 1208 145 1229 na
172 1203 313 1240 quarta,
336 1206 413 1239 quae
434 1194 487 1227 vel
512 1203 608 1227 muta
634 1202 705 1235 est,
723 1194 777 1227 vel

100 1248 197 1294 loqui
216 1260 287 1280 non
304 1248 455 1287 laborat,
469 1245 506 1279 id
524 1255 591 1286 est,
607 1258 710 1291 parce
727 1247 778 1279 lo-

100 1301 231 1346 quitur.
255 1298 324 1333 Sed
348 1307 497 1332 mentem
525 1307 636 1344 poetae
658 1307 778 1344 petat,

99 1353 159 1399 qui
185 1353 300 1393 volet,
327 1364 368 1385 ex
391 1352 482 1385 libro
506 1352 578 1393 IX,
602 1351 774 1398 epigram-

99 1414 191 1440 mate
210 1417 343 1446 xxxxn,
362 1416 465 1437 versu
487 1405 505 1438 3
525 1413 559 1438 et
576 1408 610 1444 4.

155 1470 184 1491 Ι.
208 1457 274 1491 Sed
300 1465 387 1490 amat
409 1466 462 1489 tua
485 1457 590 1490 Ραιιία
620 1457 775 1502 Lupercos

98 1510 213 1544 codex
235 1510 495 1543 Pulmanni.—
509 1509 574 1543 Sed
596 1518 683 1542 amat
704 1517 768 1544 tua.

98 1564 256 1596 Paullam
282 1562 449 1601 irridens,
480 1562 628 1595 nimium
666 1562 773 1607 ipsius

96 1628 253 1650 amorem
267 1616 301 1649 in
315 1614 491 1649 comoedos
505 1615 628 1659 carpit,
643 1624 680 1648 ut
691 1616 771 1648 Juv.

840 878 909 911 Sat.
933 891 988 920 vt,
1012 880 1083 924 73;
1113 897 1127 910 α
1143 881 1290 914 solvitur
1312 882 1365 916 his
1392 896 1518 929 magno

838 931 985 964 comoedi
1008 932 1137 972 fibula3
1159 951 1172 963 n
1204 934 1248 967 ad
1275 933 1520 970 demonstran-

839 983 924 1017 dum
945 994 1072 1030 quanta
1094 985 1246 1019 libidine
1269 987 1307 1020 in
1330 988 1519 1023 histriones

837 1035 1001 1070 arderent
1022 1046 1200 1071 matronae.
1220 1039 1287 1072 Per
1313 1049 1430 1073 mutam
1448 1055 1522 1086 per·

836 1102 943 1122 sonam
958 1090 1071 1124 innuit
1087 1103 1104 1123 a
1122 1091 1226 1124 Paula
1246 1105 1366 1126 omnes
1384 1106 1514 1127 comoe-

839 1141 919 1182 dos,
946 1151 1118 1188 quotquot
1139 1144 1229 1185 sint,
1249 1146 1375 1187 amari3
1395 1155 1428 1179 et
1446 1159 1518 1180 non

838 1195 951 1227 solum
966 1194 1139 1241 dialogos,
1153 1194 1212 1229 secl
1227 1210 1298 1230 rem
1314 1199 1520 1232 amatorium

836 1247 961 1292 expeti.
982 1248 1082 1281 Latet
1109 1261 1191 1282 sane
1214 1249 1348 1295 aliquid
1371 1252 1518 1285 obsceni

835 1301 899 1332 sub
921 1300 975 1333 his
997 1301 1113 1334 verbis
1133 1303 1238 1345 χωφὲν
1266 1304 1467 1347 πμόσωπον,
1489 1305 1516 1337 si

834 1352 923 1385 bene
940 1352 1170 1386 intellexerim
1190 1355 1318 1400 Georg.
1340 1356 1513 1389 Merulam

836 1405 1125 1450 interpretantem
1144 1407 1248 1440 verba
1264 1409 1435 1452 pronubae
1451 1409 1514 1442 ab·

835 1458 959 1498 sentis,
981 1471 1057 1503 quae
1078 1457 1195 1492 audita
1220 1460 1321 1505 fingit
1350 1469 1383 1493 et
1404 1462 1513 1494 refert

835 1511 1045 1555 Dicaeopolis
1069 1510 1113 1544 ad
1140 1512 1425 1558 Paranymphum
1442 1540 1450 1555 ,
1478 1514 1514 1546 in

833 1575 933 1596 scena
964 1567 1004 1603 4,
1030 1565 1106 1597 Act.
1138 1565 1202 1604 IV,
1235 1566 1512 1600 Acharnensium

833 1616 1086 1661 Aristophanis.
1111 1617 1176 1650 Eo.

731 1744 868 1800 VII.

574 1901 638 1928 DE
678 1879 1035 1928 THELESINA.*

163 2029 304 2071 JULIA
335 2024 403 2068 lex
430 2022 602 2085 populis
631 2040 681 2067 ex
711 2039 820 2084 quo,
848 2025 1073 2081 Faustine‚
1094 2034 1242 2068 renata
1269 2035 1355 2081 est,

145 2160 158 2175 '¹
177 2162 294 2198 Codd.
316 2163 456 2195 Thuan.
477 2169 511 2194 et
532 2161 685 2194 Florent.
707 2160 761 2193 in·

90 2217 313 2263 scriptionem
332 2215 461 2248 habent
480 2226 487 2247 ;
509 2215 558 2246 De
581 2214 759 2246 leelesilla.

149 2283 178 2303 1·
197 2268 342 2302 Codices
358 2267 540 2300 Pulmanni
555 2292 563 2307 ,
580 2274 619 2299 ut
635 2275 668 2300 et
685 2266 762 2299 Flo-

88 2331 179 2355 rent.
209 2330 243 2354 et
268 2321 380 2353 Vatic.
403 2320 593 2353 exhibent:
617 2333 655 2351 ez
676 2332 758 2364 quo,

90 2376 243 2408 Faustine
256 2401 263 2413 ‚
281 2373 379 2405 relata
393 2381 448 2405 est.
468 2374 520 2405 Ita
538 2372 640 2405 etiam
656 2371 760 2404 codd.

87 2427 222 2461 Heinsii
237 2453 245 2468 ‚
271 2426 331 2471 qui
355 2426 528 2470 vulgatam
556 2423 695 2457 damnat
724 2425 760 2457 in

88 2481 188 2513 Notis
203 2478 244 2512 ad
261 2477 364 2512 Ovid.
381 2478 470 2511 Fast.
487 2478 520 2509 II
533 2502 540 2514 ‚
558 2477 643 2516 532,
655 2489 757 2522 quem

86 2532 166 2566 vide
181 2531 322 2565 ibidem.
339 2552 390 2556 ——
402 2531 491 2563 ‚Iulia
511 2530 569 2561 leur.
588 2529 699 2573 Hujus
715 2529 759 2562 le·

85 2586 136 2630 gis
146 2585 262 2630 capita
269 2584 373 2617 refert
385 2581 541 2615 eruditus
552 2581 759 2615 Brissonius.

88 2639 288 2671 Vocabatur
301 2645 415 2670 autem
434 2635 476 2668 de
489 2634 687 2673 Adulteriis‚
704 2643 762 2667 aut

158 2712 221 2752 Il.

821 2159 865 2194 de
885 2160 1066 2195 Pudicitia.
1082 2161 1163 2195 Vid.
1181 2162 1321 2196 Sueton.
1338 2175 1411 2208 cap.
1429 2167 1473 2205 34
1485 2191 1494 2205 ,

821 2213 858 2246 ἰη
878 2214 966 2258 Aug.
987 2214 1097 2247 Porro
1117 2215 1150 2247 in
1171 2227 1208 2248 ea
1226 2215 1299 2260 lege
1317 2216 1491 2249 sancieba-

821 2274 878 2299 tur
890 2291 899 2307 ,
920 2275 957 2299 ut
975 2267 1002 2299 si
1023 2267 1166 2307 mulier,
1184 2276 1264 2312 post
1282 2267 1490 2302 adulterium

820 2319 1041 2351 commissum
1059 2344 1067 2359 ,
1095 2319 1191 2352 alteri
1220 2321 1392 2362 nuberet,
1419 2334 1489 2354 non

819 2380 935 2416 posset
960 2371 1109 2404 accusari
1134 2371 1178 2404 de
1208 2371 1400 2413 adulterim
1422 2375 1487 2407 nisi

821 2425 893 2469 ejus
915 2423 1049 2457 adulter
1071 2432 1168 2457 antea
1195 2438 1272 2458 reus
1290 2426 1399 2459 fieret.
1423 2428 1490 2459 Ita-

819 2489 886 2521 que
911 2475 1096 2516 adulterae,
1123 2478 1238 2510 statim
1267 2479 1395 2511 relictis
1417 2479 1488 2511 suis

820 2529 915 2568 viris,
931 2529 1045 2569 alteri,
1059 2529 1235 2562 interdum
1253 2531 1316 2575 ipsi
1330 2530 1487 2564 adultero

820 2581 1018 2622 nubebant,
1032 2590 1069 2615 ut
1082 2582 1277 2627 effugerent
1292 2596 1411 2628 poenas
1424 2585 1487 2616 im-

821 2634 994 2668 minente-s
1005 2635 1071 2668 sibi
1083 2648 1098 2667 a
1114 2635 1244 2668 maritis
1255 2663 1262 2676 ‚
1279 2637 1336 2681 qni
1349 2648 1490 2682 operam

1262 2713 1287 2749 «³5
