1978 3305
385 173 976 218 EPIGRAMMATUM
1016 172 1140 215 LIB.
1183 171 1269 213 XI.

1431 168 1523 213 631

710 323 948 378 LXIII.

590 478 644 506 IN
683 476 1068 506 PHILOMUSUM.

335 604 538 646 SPECTAS
568 617 672 654 nos,
700 599 975 652 Philomuse,
1002 615 1135 659 quum
1170 597 1389 651 lavamur3

331 674 388 716 Et
417 687 550 731 quare
577 671 682 713 mihi
709 680 796 714 tam
828 670 1058 713 mutoniati

332 743 427 785 Sint
456 740 572 785 leves
603 742 750 801 pueri,
780 740 963 784 subinde
991 740 1159 800 quaeris.

332 813 488 856 Dicam
518 810 768 872 simpliciter
799 811 875 855 tibi
906 811 1105 871 roganti:

333 882 578 937 Paedicant,
605 881 880 937 Philomuse,
909 882 1115 925 curiosos.

181 1016 194 1036 1
204 1030 211 1037 .
231 1004 403 1049 Despectus
419 1005 498 1038 vult
510 1004 722 1038 Ramiresius
733 1029 742 1045 ,
755 1003 799 1037 de

126 1056 252 1102 Priapo
272 1057 479 1103 intelligens.

178 1123 210 1143 2.
225 1109 372 1154 Spectas,
396 1119 460 1143 etc.
485 1110 573 1143 Nam
594 1110 802 1143 lavabantur

124 1163 322 1207 promiscue
347 1162 434 1196 nudi
461 1163 497 1196 in
523 1163 673 1204 balneis,
707 1171 742 1196 et
765 1163 800 1195 in

123 1214 178 1248 his
205 1227 294 1261 saepe
329 1216 502 1262 eligebant
523 1216 590 1249 viri
617 1215 737 1250 lascivi
769 1224 802 1249 et

125 1268 304 1304 mulieres,
338 1281 425 1315 quos
453 1270 507 1302 vel
531 1282 614 1315 quas
634 1277 801 1302 amarent.

125 1319 207 1354 Vid.
228 1322 355 1355 Juven.
379 1330 442 1356 sat.
460 1323 511 1355 IX
525 1347 534 1363 ‚
554 1322 598 1356 35
615 1348 624 1364 ,
651 1340 665 1352 α
682 1334 803 1368 quam-

859 1003 910 1037 vis
936 1011 969 1037 te
993 1002 1130 1036 nudum
1156 1002 1332 1048 spumanti
1353 1003 1472 1036 Virro⁴
1493 1004 1540 1036 la·

859 1056 952 1090 bello
968 1055 1122 1089 Viderit.
1142 1073 1154 1085 u
1170 1056 1237 1089 ΕΒ.

917 1109 948 1143 5.
970 1109 1133 1149 curiosos,
1157 1118 1223 1142 etc.
1244 1109 1383 1142 Similes
1412 1109 1462 1141 tui
1493 1109 1540 1142 ci-

861 1161 1000 1204 naedos,
1016 1161 1101 1195 dum
1124 1162 1268 1196 curiosis
1288 1162 1398 1195 oculis
1420 1163 1473 1195 vel
1485 1160 1543 1194 de-

863 1215 1066 1249 vorautibus
1088 1223 1240 1262 spectas,
1261 1215 1458 1260 quaerisque
1480 1226 1543 1260 per

863 1269 986 1302 balnea
1025 1269 1247 1302 mutoniatos.
1277 1267 1371 1301 Vide
1408 1268 1470 1300 lib.
1510 1268 1543 1307 Ι,

865 1322 972 1367 epigr.
991 1334 1107 1359 xcvn,
1131 1329 1165 1354 et
1181 1321 1243 1355 lib.
1263 1321 1332 1362 IX,
1354 1321 1461 1366 epigr.
1487 1333 1540 1353 Lx.

719 1455 952 1510 LXIV.

640 1612 697 1640 IN
738 1610 1024 1640 PAUSTUM.

196 1727 373 1771 NEsclo
402 1735 488 1768 tam
521 1723 669 1768 multis
694 1724 798 1784 quid
825 1724 1012 1780 scribas,
1036 1726 1215 1776 Fausto,
1243 1722 1395 1784 puellis
1418 1742 1424 1766 :

186 1866 214 1887 1.
231 1854 383 1887 Nescio..
398 1880 404 1886 .
479 1853 606 1898 puellis.
623 1852 705 1885 Meo
730 1852 806 1898 qui-

129 1906 209 1941 dem
229 1905 387 1952 judicio,
408 1905 611 1951 ambiguum
632 1913 704 1947 est,
724 1905 806 1937 etin

128 1960 198 1993 hoc
227 1959 398 1993 versiculo
425 1959 557 2004 puellos
575 1957 668 1991 haud
692 1959 806 1991 minus

129 2013 300 2058 significat
325 2024 429 2058 quam
454 2012 604 2057 puellas,
628 2012 708 2044 licet
731 2011 807 2044 aliis

130 2067 166 2100 in
181 2066 266 2099 locis
282 2066 407 2111 saepius
421 2065 564 2111 puellas.
579 2065 702 2097 Innuit
723 2076 806 2109 ergo

130 2120 257 2159 Noster
275 2131 466 2164 puerorum
489 2127 699 2160 amatorem,
723 2116 808 2150 dum

130 2172 179 2205 ait
209 2183 217 2204 :
247 2171 375 2205 Puellis
409 2171 551 2212 scribis;
588 2171 653 2203 tibi
692 2170 809 2215 puella

130 2225 247 2264 nulla,
271 2236 352 2269 ergo
375 2224 495 2269 puelli.
518 2224 693 2257 Caeterum
713 2221 808 2256 haud

130 2276 287 2311 diffiteor
297 2277 386 2310 nulli
403 2277 496 2310 hunc
510 2289 651 2309 sensum
667 2288 810 2309 succur-

131 2330 228 2364 risse.
240 2328 333 2363 vide
346 2329 409 2362 inf.
424 2330 621 2363 Eam—Hoc
637 2332 715 2369 scio,
727 2328 814 2375 quod

131 2383 252 2416 scribit.
269 2401 282 2412 «ι
300 2384 594 2428 Interpretantur,
609 2382 707 2427 quasi
727 2381 811 2415 velit

133 2435 322 2469 Martialis:
338 2436 418 2469 Scio
428 2435 560 2468 nullam
576 2435 730 2481 puellam
745 2434 809 2467 tibi

134 2489 284 2523 scribere
299 2500 306 2521 :
326 2509 329 2512 Δ
349 2497 359 2521 t
377 2491 450 2534 ejus
468 2501 587 2522 sensus
602 2500 735 2522 caussas
757 2486 811 2520 di-

135 2542 267 2575 vinant.
288 2543 331 2575 At
355 2554 420 2587 ego
441 2540 548 2575 credo
572 2541 629 2575 Fr.
649 2540 812 2581 Sanctio,

136 2595 208 2628 Scio
228 2594 331 2639 quod,
356 2595 444 2628 bene
474 2594 581 2627 latine
612 2606 684 2627 non
720 2592 787 2627 dici
804 2619 812 2634 ‚

866 1850 1044 1897 quidquid
1076 1860 1197 1885 contra
1227 1852 1391 1884 moliatur
1423 1853 1546 1896 Sciop-

866 1905 965 1950 pius,
979 1905 1034 1938 cui
1054 1905 1122 1938 alio
1142 1913 1299 1950 tempore
1320 1903 1548 1949 respondebi-

866 1970 954 1991 mus.
975 1958 1048 1991 Nee
1071 1966 1185 1991 tamen
1211 1957 1365 2002 optimus
1388 1957 1546 1991 Sanctius

866 2011 924 2043 hic
957 2011 1118 2052 feliciter,
1151 2023 1259 2056 quum
1282 2010 1431 2056 explicat
1459 2023 1466 2043 ;
1490 2011 1544 2043 Tu

868 2064 978 2097 multa
994 2064 1117 2097 scribis
1131 2064 1255 2108 puellis
1267 2089 1275 2103 ‚
1295 2076 1402 2108 quum
1417 2064 1462 2096 sis
1478 2075 1546 2109 pae-

867 2115 964 2157 dico,
981 2125 1019 2149 ut
1037 2115 1201 2149 videlicet
1220 2125 1253 2149 te
1273 2115 1434 2149 ostendas
1451 2116 1550 2162 puel-

866 2170 980 2203 larum
997 2178 1206 2211 amatorem3
1221 2168 1280 2202 sed
1296 2181 1359 2214 ego
1376 2169 1446 2202 scio
1462 2168 1548 2214 quid

868 2223 923 2262 sis,
932 2232 1077 2268 propter
1087 2221 1183 2268 quod
1194 2223 1289 2255 nulla
1298 2222 1362 2255 tibi
1372 2222 1531 2256 rescribit
1541 2248 1550 2263 ‚

869 2276 952 2320 quia
971 2288 1101 2320 pueros
1124 2288 1227 2308 amas.
1248 2276 1329 2308 Non
1354 2275 1427 2308 haec
1453 2287 1550 2308 mens

869 2328 1057 2365 Martialis,
1077 2327 1138 2362 sed
1158 2329 1221 2362 ista
1237 2339 1244 2360 :
1263 2327 1367 2360 Haud
1386 2328 1456 2361 scio
1475 2339 1550 2360 rem

870 2394 975 2427 quam
994 2389 1030 2414 tu
1048 2381 1170 2414 scribis
1185 2390 1254 2414 tam
1270 2380 1388 2413 multis
1403 2381 1548 2426 puellis:

870 2446 976 2467 uuam
998 2447 1071 2467 rem
1094 2434 1165 2468 scio
1185 2447 1291 2480 quam
1314 2446 1384 2479 prae
1416 2432 1552 2478 pudore

871 2488 966 2521 nulla
1001 2487 1064 2520 tibi
1099 2486 1203 2520 audet
1228 2487 1383 2520 scrihere
1405 2486 1520 2532 puella
1542 2499 1550 2526 ;

874 2552 1003 2585 nempe
1029 2548 1062 2573 te
1091 2553 1162 2573 esse
1181 2548 1242 2573 aut
1263 2539 1553 2579 fellatorem‚;aut

875 2593 1118 2626 irrumatorem
1133 2619 1141 2634 ‚
1161 2601 1220 2626 aut
1236 2592 1426 2636 lingonem.
1438 2610 1450 2621 n
1472 2591 1554 2625 Gro-

1253 2663 1342 2718 ζμ)4
