1978 3305
394 234 985 279 EPIGRAMMATUM
1022 235 1148 278 LIB.
1186 236 1334 277 VIII.

1466 233 1554 280 351

290 325 433 367 Roma
453 321 657 366 salutavit
677 338 785 366 voce
808 337 1028 382 manuque
1050 321 1220 366 ducem.

219 393 399 439 Grande
420 392 505 437 loci
525 393 729 436 meritum
751 401 968 436 testantur
987 401 1031 436 et
1055 391 1191 436 altera
1211 391 1349 449 dona3

287 465 383 507 Stat
408 479 530 507 sacer
552 462 753 506 edomitis
777 462 978 523 gentibus
1000 479 1126 506 arcus
1147 478 1296 506 ovans.

218 534 301 578 Hic
327 534 489 595 gemini
512 549 666 580 currus
692 541 927 576 numerant
950 531 1181 593 elephanta
1205 532 1500 594 frequentem3

289 604 461 648 Sufficit
485 604 706 647 immensis
732 618 890 645 aureus
917 602 1008 661 ipse
1030 602 1157 663 jugis.

217 676 322 719 Haec
348 683 414 718 est
442 673 573 734 digna
602 673 712 728 tuis,
734 672 1020 726 Germanice,
1043 682 1170 733 porta
1197 674 1455 735 triumphis;

288 746 380 788 Hos
409 743 552 787 aditus
581 742 736 787 urbem
762 742 923 785 Martis
949 741 1112 786 habere
1144 742 1282 787 decet.

289 855 445 908 Δέξατο
467 858 703 919 χειρικρότῳ
727 848 850 917 ῥώμη
874 855 1032 901 ἄνακτα
1056 860 1145 919 βοῇ.

217 930 300 977 Τῆν
321 929 466 988 ἀρετὴν
487 931 631 989 χώροιο
652 928 720 971 καὶ
738 925 837 971 ἄλλο
859 927 1013 987 κτίσμα
1031 925 1189 989 φατίζει
1202 964 1212 980 ‚

285 990 440 1042 EOvs‘mv
465 993 727 1059 δαμναμένων
749 996 842 1056 ἁψὶς
862 999 1010 1058 ἔχουσα
1027 1001 1192 1049 τύπους.

213 1064 319 1130 Τῇδ’
341 1069 501 1131 ἀριθμεῖ
516 1063 686 1129 δίδυμον
710 1070 841 1116 πολλὴ
867 1069 1066 1130 ἐλέφαντα
1087 1069 1271 1130 συνωρίς·

286 1142 451 1200 Ζεύγεσι
471 1134 509 1181 δ’
529 1138 571 1190 ὃς
591 1139 778 1201 μεγάλοις
798 1136 934 1198 ἄρκιος
952 1140 1012 1189 εἴς’
1031 1140 1191 1200 ἔποχος.

215 1212 353 1263 Τοῖος,
374 1206 498 1262 ἅναξ,
519 1211 674 1252 πυλεὼν
697 1215 775 1252 σῶν
796 1205 905 1258 ἄξιός
928 1211 990 1259 ἐςι
1009 1207 1232 1270 θριάμὲων·

283 1274 414 1322 Τοίσδ’
439 1274 603 1330 ἐσόδους
626 1267 751 1339 Ᾰρεος
775 1280 848 1325 τὴν
872 1279 989 1322 πόλιν
1016 1280 1116 1331 εἰκὸς
1138 1282 1255 1340 ἔχειν.

141 1408 298 1442 vestibus
324 1407 440 1441 induti
469 1407 689 1453 triumphum
719 1407 824 1440 comi—

141 1462 306 1495 tabantur
320 1460 482 1494 Romani.
500 1460 679 1494 Juvenalis
697 1467 758 1493 sat.
776 1472 797 1493 x
812 1485 822 1499 ,

145 1514 190 1555 45
204 1527 212 1547 :
230 1515 296 1547 «Et
305 1514 426 1548 niveos
441 1512 484 1546 ad
499 1513 608 1546 fraena
620 1512 816 1554 Quirites.»

196 1570 230 1601 6.
256 1567 419 1612 Manuque
441 1566 558 1599 ducem.
587 1565 820 1607 Adoratione,

140 1619 282 1654 admota
302 1620 356 1652 ori
376 1632 480 1652 manu
493 1645 502 1660 ,
524 1627 562 1652 ut
585 1619 622 1652 in
646 1618 822 1652 salutatio-

140 1673 245 1705 nibus
268 1671 416 1705 deorum
428 1699 437 1712 ,
455 1672 567 1717 inquit
582 1671 739 1716 Lipsius.
754 1673 822 1704 Re-

141 1725 253 1759 tulere
266 1725 323 1758 alii
340 1724 383 1758 ad
400 1725 561 1770 plausum
580 1737 651 1770 quo
670 1724 821 1770 impera-

140 1786 235 1811 tores
266 1777 378 1823 excipi
405 1790 480 1810 mos
505 1778 590 1810 olim
614 1777 690 1810 fuit.
714 1776 820 1818 Quod

140 1840 234 1864 certe
253 1831 378 1864 melius
391 1854 401 1870 ‚
426 1830 454 1863 si
476 1829 520 1863 ad
540 1830 608 1863 hoc
628 1830 747 1863 Nostri
766 1829 820 1862 di-

138 1883 277 1917 stichon
318 1882 571 1917 attenderimus
592 1894 600 1916 :
633 1900 646 1912 «
663 1882 820 1928 Quaeque

138 1945 264 1970 sonant
293 1937 398 1982 pleno
428 1948 601 1982 vocesque
624 1947 820 1982 manusque

138 1989 287 2030 theatro,
303 1990 423 2031 Quum
447 1989 598 2035 populus
617 1988 722 2022 subiti
744 1989 820 2022 Cae-

139 2042 222 2076 saris
248 2055 309 2075 ora
329 2040 436 2075 videt.
454 2058 467 2071 n

193 2107 228 2139 7.
255 2096 302 2127 Et
317 2095 419 2127 altera
434 2094 527 2128 dona.
550 2096 679 2127 Arcum
695 2095 819 2127 trinin-

137 2147 297 2193 phalem,
323 2155 357 2181 et
383 2147 552 2192 templum
575 2147 738 2180 Fortunae
766 2147 819 2179 in-

138 2199 270 2245 tellige,
297 2207 529 2245 praeterquam
555 2199 652 2245 quod
680 2200 728 2233 ihi
753 2213 818 2246 po-

138 2252 242 2297 pulus
250 2253 400 2298 benigne
412 2265 430 2286 a
440 2252 641 2285 Domitiano
653 2261 818 2298 exceptus

137 2305 217 2338 fuit.

193 2359 227 2391 8.
254 2357 329 2390 Stat
353 2370 441 2389 sacer
466 2365 498 2388 et
521 2357 646 2390 domitis
672 2358 818 2402 gentibus

138 2423 229 2443 arcus
239 2418 312 2442 ovat
320 2409 429 2444 codex
440 2410 636 2442 Pulmanni.
648 2409 722 2443 Stat
730 2424 819 2443 sacer

137 2471 168 2496 et
179 2464 304 2496 domitis
316 2462 462 2507 gentibus
475 2475 566 2494 arcus
584 2476 679 2495 ovans
693 2463 818 2496 Bever-

135 2515 232 2549 landi
266 2516 342 2549 MS.
375 2536 427 2541 -
458 2516 564 2549 Arcas
598 2528 704 2548 ovans.
738 2510 816 2561 Ᾰψὶς

138 2570 366 2614 τροπαιοφόρος
376 2593 385 2609 ,
401 2580 501 2601 arcus
515 2567 750 2613 triumphalis⁷
764 2582 818 2602 ar-

138 2629 236 2655 cuata
256 2630 378 2667 porta,
400 2621 456 2654 cui
476 2633 494 2654 e
515 2620 630 2666 lapide
652 2621 688 2654 in
709 2622 818 2655 altum

139 2682 318 2708 exstructae
330 2674 459 2720 pictam
475 2674 618 2707 inscribi
638 2674 819 2708 victoriam

883 1409 1028 1453 ejusque
1040 1408 1165 1442 seriem
1177 1409 1285 1443 moris
1298 1418 1382 1444 erat.
1394 1412 1446 1444 De
1458 1410 1560 1446 variis

881 1460 1033 1494 arcubus
1060 1461 1273 1504 Domitiani,
1303 1462 1384 1497 vide
1416 1464 1557 1499 Sueton.

880 1513 1013 1547 Domit.
1032 1525 1107 1560 cap.
1132 1514 1190 1548 13.

934 1579 969 1611 9.
984 1567 1025 1600 In
1042 1565 1123 1600 edd.
1139 1575 1223 1602 vett.
1237 1569 1402 1614 elephanta
1407 1571 1560 1615 frequen—

881 1626 937 1652 ter.
957 1619 1078 1653 Lectio
1096 1629 1215 1654 nostra
1233 1630 1284 1655 est
1303 1634 1345 1655 ex
1365 1624 1458 1669 conj.
1476 1624 1559 1658 Pul—

879 1673 1009 1705 manni.
1023 1694 1076 1698 —
1090 1673 1176 1705 Huic
1185 1676 1306 1718 gemini
1315 1688 1434 1710 currus.
1446 1676 1559 1723 Supra

881 1736 999 1758 arcum
1025 1725 1207 1759 collocatae
1234 1735 1333 1760 erant
1361 1727 1440 1762 duae
1471 1742 1560 1775 qua-

879 1776 1010 1823 (bigae,
1030 1787 1178 1824 propter
1199 1778 1376 1825 duplicem
1399 1794 1440 1815 ex
1459 1783 1560 1817 Dacis

879 1830 1063 1864 victoriam
1075 1857 1084 1872 ‚
1104 1831 1233 1877 quibus
1253 1833 1431 1879 elephanti
1445 1836 1559 1881 juncti

878 1891 993 1924 erant,
1012 1896 1099 1929 quos
1115 1897 1219 1918 aurea
1237 1886 1432 1921 Domitiani
1448 1897 1559 1923 statua

879 1937 1036 1982 regebat.

936 2002 950 2023 1
960 2002 993 2022 0.
1005 1990 1133 2023 Aureus
1147 1992 1223 2036 ipse,
1240 1999 1306 2026 etc.
1318 1991 1360 2025 Id
1374 2001 1441 2034 est,
1455 2007 1556 2028 aurea

878 2042 994 2087 effigie
1010 2042 1170 2077 redditus
1186 2041 1506 2090 (quemadmodum
1525 2056 1560 2082 et

879 2095 1054 2141 Virgilio,
1074 2096 1136 2129 ecl.
1160 2108 1213 2129 vn
1233 2109 1241 2130 :
1264 2115 1277 2127 «
1295 2097 1329 2130 Si
1349 2099 1462 2132 fetura
1480 2112 1557 2145 gre-

877 2159 957 2192 gem
970 2148 1187 2194 suppleverit
1198 2174 1207 2189 ‚
1219 2163 1330 2183 (zm-eus
1343 2160 1416 2185 esto
1432 2152 1554 2194 »En.);

877 2213 959 2233 nam
990 2214 1114 2235 aureus
1140 2210 1175 2235 et
1201 2211 1388 2248 argenteus
1419 2204 1455 2237 in
1484 2206 1555 2239 istis

877 2254 1027 2287 arcubus
1049 2254 1160 2288 stabat
1182 2256 1412 2290 Domitianus.
1431 2258 1556 2304 Neque

878 2307 971 2339 enim
987 2315 1114 2340 statuas
1136 2307 1202 2339 sibi
1220 2308 1286 2341 nisi
1307 2321 1427 2344 aureas
1447 2320 1481 2345 et
1500 2325 1554 2346 ar-

875 2367 1014 2404 genteas
1028 2360 1112 2404 poni
1128 2361 1289 2406 permisit
1302 2388 1309 2400 ,
1329 2373 1367 2395 ac
1387 2363 1555 2407 ponderis

876 2411 974 2445 certi.
1004 2411 1150 2445 Sueton.
1180 2414 1311 2446 Domit.
1335 2427 1408 2459 cap.
1434 2416 1477 2449 13
1492 2445 1501 2456 ,
1521 2428 1555 2452 et

876 2464 1051 2509 Xiphilin.
1072 2465 1107 2497 in
1126 2465 1287 2499 eumdem
1304 2466 1465 2513 imperat.

935 2529 992 2549 12.
1021 2518 1090 2550 Hos
1118 2518 1234 2552 aditus.
1260 2519 1330 2553 Has
1356 2530 1474 2566 portas
1499 2537 1553 2558 ar·-

878 2578 993 2603 cuatas
1026 2578 1060 2603 et
1094 2571 1332 2617 triumphales.
1358 2596 1409 2601 ——
1440 2576 1552 2610 Urbem

880 2623 1009 2663 Martis,
1028 2631 1094 2656 etc.
1110 2623 1255 2657 Romam
1268 2650 1277 2666 ‚
1296 2638 1312 2658 a
1333 2627 1457 2662 Martis
1471 2643 1553 2675 pro-

878 2675 977 2720 genie
998 2675 1186 2710 conditam.
