1978 3305
477 223 573 280 458

854 228 913 269 Μ.
942 227 1020 270 VA
1033 229 1083 271 L.
1123 228 1506 274 MARTIALIS

686 318 742 357 At
766 323 835 370 tu,
860 314 959 358 diva
981 315 1142 376 Paphi,
1163 317 1354 371 remitte,
1375 319 1532 361 nostris

683 383 872 427 Illaesum
893 384 1101 444 juvenem
1122 387 1293 430 remitte
1318 389 1442 430 votis.

685 455 755 497 Sic
781 455 935 498 Martis
960 455 1036 498 tibi
1066 457 1258 499 serviant
1283 456 1513 509 Kalendae,
1853 476 1880 498 15

679 525 737 567 Et
765 541 863 568 cum
897 525 1047 580 thure,
1073 542 1306 587 meroque,
1326 528 1587 588 victimaque

685 594 867 638 Libetur
892 595 970 639 tibi
998 596 1202 640 candidas
1232 597 1286 640 ad
1316 613 1412 642 aras

685 666 811 708 Secta
840 664 1028 726 plurima
1057 666 1223 728 quadra
1253 666 1307 711 de
1336 666 1549 728 placenta.

473 795 531 828 Sol
551 795 586 828 in
604 796 723 830 Leone
740 810 894 831 summos
911 799 1040 833 excitat
1057 799 1150 833 calo-

475 861 549 890 res3
570 848 632 882 lib.
648 849 714 891 IV,
734 851 841 896 epigr.
861 864 936 884 LVII
950 878 960 893 ‚
978 860 1012 885 et
1029 852 1090 886 lib.
1103 853 1150 893 V,

477 913 586 946 epigr.
610 915 705 936 Lxm.

533 953 589 987 13.
614 955 699 988 Diva
727 956 847 1000 Paphi.
868 957 991 990 Venus
1011 969 1149 1002 nempe.

477 1007 598 1040 Horat.
618 1025 630 1037 «
645 1008 676 1041 Ο
691 1009 813 1042 Venus
827 1010 945 1054 regina
961 1009 1067 1044 Cnidi
1086 1011 1152 1043 Pa-

478 1059 622 1105 phique!
641 1078 654 1090 n
678 1061 818 1106 Paphus
841 1063 922 1096 urbs
947 1071 999 1096 est
1021 1063 1152 1108 Cypri,

479 1112 538 1145 ubi
554 1113 733 1147 colebatur
744 1114 878 1148 Venus.
889 1116 976 1157 Quae
993 1128 1087 1149 nunc
1103 1128 1154 1148 se-

478 1165 605 1199 miruta
626 1174 769 1200 vocatur
790 1168 967 1213 Palepaso,
1003 1168 1101 1214 quasi
1131 1169 1150 1204 ἦ

478 1219 581 1250 πάλαι
604 1220 725 1264 Πάφος.
742 1220 808 1252 ED.

537 1282 550 1303 ῐ
561 1271 592 1305 5.
605 1271 659 1305 Sic
671 1272 788 1306 Martis
802 1273 868 1306 tibi.
883 1272 1051 1307 Kalendae
1065 1274 1155 1306 Mar-

1211 799 1266 833 tiae
1287 812 1305 832 a
1326 800 1465 834 feminis
1484 800 1751 833 celebrabantur
1770 799 1804 832 in
1818 800 1885 833 ho-

1210 865 1333 886 norem
1356 853 1525 894 Veneris,
1556 861 1595 886 ut
1618 853 1680 886 lib.
1703 853 1750 893 V,
1777 852 1886 898 epigr.

1210 905 1346 938 ultimo.

1270 970 1326 1003 ¹7·
1347 957 1511 991 Candidas
1527 959 1572 990 ad
1585 971 1668 991 aras.
1689 958 1763 991 Diis
1779 958 1888 990 mani-

1213 1011 1276 1043 bus
1294 1011 1429 1055 nigras,
1452 1011 1597 1056 Superis
1618 1023 1702 1044 vero
1724 1009 1889 1043 candidas

1213 1075 1286 1096 aras
1305 1063 1485 1108 erigebant
1507 1063 1650 1108 antiqui.

1270 1117 1326 1150 18.
1349 1116 1453 1150 Secta.
1476 1115 1609 1149 Frusta.
1642 1115 1769 1148 Libum
1785 1141 1796 1156 ‚
1830 1128 1890 1148 seu

1214 1169 1372 1214 placenta
1393 1169 1431 1202 in
1450 1169 1616 1214 plurimas
1633 1177 1750 1214 partes
1769 1167 1890 1201 divisa.

1216 1221 1300 1255 Vid.
1315 1222 1375 1255 lib.
1394 1222 1447 1254 III
1461 1247 1469 1262 ,
1487 1222 1598 1267 epigr.
1617 1233 1739 1255 Lxxvu
1751 1247 1760 1262 ‚
1777 1229 1811 1254 et
1831 1221 1890 1253 lib.

1218 1275 1284 1310 VI,
1304 1275 1411 1320 epigr.
1431 1287 1535 1308 Lxxv.

1081 1407 1288 1464 XCII.

840 1565 1126 1593 ADULA'IUR
1168 1565 1496 1595 noM1T1AN0.
1515 1546 1529 1561 ’“

553 1690 621 1733 Ao
647 1705 815 1733 coenam
845 1690 878 1733 si
901 1707 970 1734 me
994 1689 1165 1734 diversa
1190 1700 1368 1734 vocaret
1392 1691 1433 1733 in
1464 1700 1576 1734 astra

625 1761 738 1804 Hinc
769 1761 976 1804 invitator
1003 1762 1208 1815 Caesaris,
1235 1761 1336 1804 inde
1360 1761 1508 1813 Jovis;

557 1831 681 1874 Astra
709 1830 809 1875 licet
834 1833 1034 1892 propius,
1057 1830 1234 1875 Pallatia
1260 1830 1429 1892 longius
1456 1841 1621 1883 essent,

624 1903 850 1962 Responsa
880 1902 935 1946 ad
963 1919 1143 1963 superos
1175 1902 1266 1947 haec
1298 1902 1523 1946 referenda
1549 1902 1724 1954 darem3

553 1973 770 2030 Quaerite,
791 1973 863 2033 qui
890 1971 1009 2016 malit
1037 1973 1131 2016 fieri
1156 1974 1343 2017 conviva
1369 1974 1602 2027 Tonanti53
1879 1990 1892 2010 ὃ

625 2044 700 2087 Me
725 2059 846 2087 meus
869 2044 911 2087 in
933 2045 1057 2087 terris
1082 2044 1274 2105 Jupiter,
1296 2061 1422 2097 ecee,
1448 2053 1580 2087 tenet.

539 2174 553 2187 ”
577 2180 679 2212 Nulla
713 2187 763 2213 est
784 2179 929 2213 variatio
955 2179 1058 2223 hujus
1089 2179 1161 2225 epi·
1191 2175 1195 2178 ’

485 2233 708 2277 grammatis,
731 2240 791 2266 aut
818 2233 853 2265 in
876 2232 973 2266 libris
999 2241 1162 2278 typogra-

488 2285 599 2330 phicis
611 2313 620 2327 ‚
634 2295 692 2319 aut
704 2286 740 2319 in
752 2286 973 2319 membranis.
982 2286 1161 2318 —Miruin

489 2348 601 2371 tamen
623 2338 657 2372 id
678 2339 866 2372 lemmatis!
888 2340 931 2372 Et
953 2339 1007 2371 vel
1030 2351 1069 2372 ex
1098 2339 1164 2372 hoc

488 2390 794 2432 concludendum,
815 2405 884 2425 non
911 2405 982 2425 esse
1014 2404 1029 2424 a
1058 2405 1162 2426 manu

491 2445 608 2478 Nostri
632 2445 888 2491 inscriptiones.
904 2446 970 2479 En.

548 2511 577 2531 1.
607 2499 736 2531 Diversa
759 2501 790 2530 1¹11
816 2508 915 2532 (μί’-α.
943 2498 1016 2531 ΠΟ(-
1040 2506 1088 2531 ost
1103 2523 1111 2538 ‚
1139 2499 1165 2530 si

492 2563 543 2583 ino
576 2551 656 2584 hinc
697 2552 837 2597 Jupiter
874 2560 1011 2584 unu-iret
1043 2550 1083 2583 ad
1108 2564 1165 2583 >na

492 2612 578 2637 :istra
592 2630 600 2644 ,
617 2604 696 2637 inde
715 2605 933 2638 Domitiana<
951 2604 991 2637 ad
1012 2618 1071 2637 sna
1085 2630 1093 2644 ‚
1109 2617 1164 2637 svn

494 2656 534 2689 ad
572 2670 670 2690 sunni
715 2658 880 2691 Palatium
910 2652 1040 2703 (quum
1077 2658 1166 2690 enin·

1223 2181 1316 2212 Deus
1327 2179 1370 2212 sit
1383 2179 1494 2219 lib.V‚
1505 2179 1614 2224 epigr.
1632 2189 1712 2217 vm,
1729 2177 1900 2210 Palatium

1223 2234 1296 2277 ejus
1322 2232 1445 2265 melum
1470 2230 1607 2273 vocat),
1632 2239 1745 2265 tamen
1770 2229 1900 2263 adirem

1225 2285 1480 2318 Domitianum.

1280 2341 1312 2371 (ἱ.
1326 2339 1462 2383 Jupiter,
1478 2351 1558 2377 ecce,
1575 2345 1665 2369 leuet.
1679 2335 1902 2369 Domitianus

1226 2392 1297 2436 ipse
1322 2392 1480 2437 Jupiter,
1502 2391 1580 2423 loco
1608 2390 1724 2423 citato.
1751 2386 1903 2421 Videtur

1225 2445 1307 2478 huic
1340 2445 1449 2491 epigr.
1483 2444 1671 2490 pra-baisse
1703 2440 1903 2479 materiam,

1227 2498 1371 2543 epulum
1392 2496 1478 2530 illud
1503 2496 1714 2534 Domitiani,
1733 2492 1827 2539 qnod
1849 2506 1904 2525 ce-

1225 2552 1336 2584 lebrat
1352 2551 1516 2596 Papinius
1536 2550 1626 2582 libr.»
1648 2549 1761 2596 primo
1783 2546 1902 2592 Syka-

1229 2617 1328 2642 rnni:
1363 2613 1394 2635 et
1426 2603 1565 2637 cadebat
1597 2603 1629 2635 in
1660 2598 1806 2634 Kalend.
1842 2600 1904 2631 nv-

1230 2658 1359 2690 vvnibr.
1384 2658 1522 2689 Satnrn.
