1978 3305
367 238 950 284 EPIGRAMMATUM
988 238 1113 280 LIB.
1152 238 1205 281 V.

1421 253 1478 297 91

230 328 286 370 Et
310 326 445 370 levius
471 325 639 383 tabula,
660 342 789 387 quam
816 326 1050 380 Cicerone,
1074 340 1257 377 nocens;

160 396 278 454 Quid
309 395 497 457 gladium
528 397 705 441 demens
734 398 933 440 Romana
961 395 1133 455 stringis
1163 395 1205 437 in
1231 394 1334 437 ora?

231 469 326 510 Hoc
355 467 595 511 admisisset
618 484 699 511 nec
724 466 909 511 Catilina
936 465 1069 509 nefas.

163 538 326 597 Impius
357 537 534 581 infando
565 536 686 580 miles
712 536 1007 596 corrumpitur
1033 551 1163 590 auro;
1477 554 1490 575 ε,

233 609 290 650 Et
317 608 446 651 tantis
474 607 628 668 opibus
654 623 737 650 vox
763 616 878 650 tacet
900 622 987 649 una
1012 605 1102 650 tibi.

164 676 281 734 Quid
312 687 494 737 prosunt
523 692 654 720 sacrae
682 677 870 737 pretiosa
895 674 1062 719 silentia
1090 674 1277 735 linguae?

232 747 444 807 Incipient
471 763 621 791 omnes
645 763 726 807 pro
750 747 964 791 Cicerone
989 744 1117 805 loqui.

97 884 226 916 Phario.
241 882 417 928 AEgyptio.
435 882 568 916 Notant
577 890 695 916 autem
711 882 765 916 hi-

96 936 208 969 storiae
225 947 363 976 omnes,
375 934 565 980 pessimum
577 935 682 969 istum
695 936 765 968 Eu-

96 988 254 1021 nuchum
271 987 463 1022 Pothinum
475 1013 484 1031 ‚
501 988 562 1034 qui
577 1000 700 1033 magno
715 988 766 1021 illi

98 1041 263 1086 Pompeio
296 1040 490 1086 perniciem
523 1041 664 1074 molitus
697 1049 746 1074 est
759 1066 768 1081 ,

96 1095 202 1139 justas
229 1092 370 1127 tandem
400 1093 537 1127 sceleris
565 1094 617 1127 sui
650 1106 768 1139 poenas

98 1146 212 1180 luisse.
232 1145 325 1179 Vide
345 1145 407 1179 lib.
428 1147 502 1186 ΙΙΙ,
521 1147 631 1192 epigr.
652 1159 717 1180 ων
735 1154 770 1180 et

99 1211 170 1240 rit,
185 1197 281 1232 unde
294 1199 378 1232 huic
393 1198 459 1233 fax.
472 1220 524 1225 —-
535 1199 596 1232 Nil
604 1199 769 1244 objectare.

100 1251 197 1285 Nihil
215 1252 321 1285 habes
340 1250 437 1297 quod
456 1252 508 1285 illi
529 1253 729 1297 exprobres.

155 1317 188 1337 2.
206 1305 316 1337 Levius
334 1304 442 1336 tabula
455 1331 464 1345 ‚
479 1312 543 1338 etc.
561 1304 682 1338 Minus
698 1313 770 1338 tota

100 1357 378 1403 proscriptorum
389 1357 504 1391 tabula
512 1370 640 1391 nocens
649 1382 659 1399 ‚
667 1370 771 1403 quam

102 1423 171 1443 uuo
193 1410 377 1444 Cicerone.

156 1464 188 1496 3.
208 1463 352 1495 lfomana
371 1465 509 1507 stringis.
527 1463 699 1497 Ultimam
714 1477 773 1497 vo-

102 1516 209 1549 calem
243 1515 337 1548 vocis
369 1514 596 1560 praecedentis
629 1517 771 1550 brevem

102 1567 268 1614 produxit
280 1576 424 1614 propter
441 1567 528 1602 duas
545 1577 774 1603 consonantes

103 1622 277 1666 sequentis
296 1621 473 1655 dictionis.
496 1621 551 1655 Sic
576 1622 745 1667 Virgilius
765 1634 773 1655 :

109 1692 122 1703 ι(
141 1675 227 1707 Date
255 1674 322 1707 tela
335 1700 344 1715 ,
360 1673 515 1707 scandite
542 1687 670 1709 muros.
690 1693 703 1705 »
723 1696 775 1702 —

105 1728 247 1760 lfomana
263 1730 295 1759 in
313 1740 379 1760 ora.
401 1727 477 1760 Hoc
491 1736 541 1760 est
553 1753 562 1769 ‚
581 1728 618 1761 in
637 1728 776 1762 Cicero-

104 1791 195 1813 nem.
210 1778 315 1813 Unde
331 1779 392 1813 lib.
410 1780 481 1817 III,
498 1781 608 1825 epigr.
624 1794 691 1814 va
702 1807 711 1822 ,
731 1780 776 1814 de

105 1831 228 1865 codem
255 1832 424 1866 Cicerone
441 1844 449 1865 :
476 1850 489 1863 α
505 1833 582 1866 Hoc
603 1833 686 1874 tibi,
706 1835 776 1867 Ro-

106 1897 160 1917 ma
169 1911 178 1926 ‚
187 1893 291 1930 caput
301 1911 310 1926 ‚
321 1898 429 1931 quum
440 1886 632 1932 loquereris
640 1913 649 1928 ‚
665 1895 747 1920 erat.
758 1904 771 1916 n

160 1942 193 1977 4.
212 1938 279 1971 Nec
303 1938 444 1971 Catilina
460 1940 559 1982 nefus.
582 1939 619 1973 Si
637 1939 778 1973 revixis-

107 1998 158 2023 set
171 1990 233 2023 iste
245 2016 254 2031 ‚
272 1991 329 2024 cui
344 1999 458 2024 tamen
468 1994 578 2037 major
593 1990 666 2025 odii
676 2005 775 2026 causa

106 2042 284 2077 Ciceronis
297 2069 306 2085 ‚
323 2056 424 2088 quam
441 2044 516 2078 tibi.
537 2045 702 2088 Catilina,
721 2046 777 2080 Ci-

107 2108 234 2130 cerone
274 2096 495 2130 consulatum
529 2107 669 2143 gerente
695 2125 704 2141 ‚
740 2098 775 2131 in

108 2149 370 2194 Renipublicam
411 2151 608 2195 conjuravit
627 2165 636 2193 ;
670 2164 776 2196 quam

107 2202 381 2246 conjurationem
421 2203 585 2237 exstinxit
622 2205 741 2237 consul
766 2229 772 2240 ,

108 2255 328 2299 strangulatis
350 2255 384 2288 in
402 2268 540 2290 carcere
557 2257 777 2303 principibus

109 2307 266 2340 consciis.
303 2308 381 2352 Ipse
414 2309 563 2342 Catilina
595 2311 779 2343 commisso

109 2368 229 2393 contra
246 2368 383 2394 senatus
402 2363 517 2406 copias
535 2363 654 2407 praelio
672 2363 778 2397 inter·-

110 2413 217 2445 sectus
236 2421 296 2445 cst.
317 2413 383 2445 En.

166 2467 196 2498 5.
222 2467 336 2509 Impius
360 2467 499 2508 insimdo.
530 2467 688 2512 Popilius
704 2469 776 2501 Lm-

824 894 906 923 nas,
933 894 1117 927 percussor
1136 881 1316 916 Ciceronis
1334 905 1343 922 ,
1367 883 1428 926 qui
1455 881 1496 914 il-

825 935 901 968 lum
919 935 1040 980 capitis
1058 947 1157 968 reum
1175 934 1392 968 defenderat.

881 990 915 1021 6.
951 989 1063 1020 Tantis
1092 988 1210 1033 opibus.
1243 986 1389 1020 250000
1418 986 1498 1021 dra-

827 1040 940 1074 chmis
959 1040 1082 1074 Atticis
1106 1049 1294 1085 corruptus
1318 1048 1368 1073 est
1393 1040 1499 1086 Popi-

826 1093 910 1135 lius;
931 1093 1080 1139 Appian.
1110 1094 1171 1126 lib.
1194 1093 1259 1126 IV.
1283 1093 1397 1125 Tanto
1418 1105 1499 1138 ergo

827 1146 944 1192 pretio
963 1146 1076 1179 emisti
1097 1145 1274 1179 silentium
1286 1171 1295 1187 ,
1316 1145 1423 1179 recisa
1441 1147 1500 1180 Ci-

828 1199 964 1233 ceronis
986 1199 1116 1244 lingua.
1133 1219 1185 1225 -—
1212 1199 1284 1232 Una
1303 1211 1379 1231 vox.
1399 1199 1497 1232 Cice-

828 1252 943 1293 ronis,
962 1252 1022 1297 qui
1040 1262 1073 1286 te
1095 1251 1300 1297 Philippicis
1319 1258 1502 1296 tantopere

829 1305 1023 1350 exagitavit.
1040 1305 1107 1338 En.

883 1371 902 1403 7
911 1384 918 1391 .
936 1358 1026 1401 Quid
1029 1365 1172 1403 prosunt.
1184 1357 1293 1399 Quasi
1304 1356 1396 1391 dicat
1408 1381 1415 1394 ‚
1431 1357 1502 1390 fru-

829 1419 899 1444 stra
923 1410 1086 1445 laborasti
1115 1411 1151 1443 in
1175 1409 1326 1443 emendo
1346 1410 1415 1443 hoc
1434 1419 1504 1443 tam

830 1463 983 1509 pretioso
997 1463 1154 1505 silentio;
1169 1462 1263 1509 quod
1279 1471 1395 1496 tamen
1405 1461 1501 1496 haud

830 1515 993 1561 prodest,
1025 1529 1105 1550 nam
1130 1525 1169 1550 ut
1199 1516 1385 1561 sequitur:
1415 1516 1500 1549 Inci-

827 1572 916 1615 pient
937 1582 1039 1602 omnes
1056 1582 1116 1614 pro
1140 1569 1289 1602 Cicerone
1309 1569 1403 1614 loqui.

889 1624 921 1656 8.
944 1623 1098 1667 Incipient
1117 1635 1240 1663 omnes,
1273 1630 1339 1656 etc.
1367 1622 1499 1655 Omnes

830 1677 901 1721 jam
925 1675 961 1708 in
984 1673 1124 1708 crudele
1150 1676 1218 1709 hoc
1249 1683 1348 1708 tuum
1371 1674 1502 1708 facinus

833 1727 1060 1761 invehentur.
1079 1727 1135 1761 Sic
1149 1728 1210 1762 lib.
1232 1729 1268 1761 II
1280 1754 1289 1768 ,
1301 1728 1502 1773 epigramm.

835 1793 970 1814 Lxxxn.
991 1780 1148 1814 Raderus
1167 1779 1353 1827 legendum
1367 1788 1483 1814 censet
1497 1807 1504 1821 ⁷

835 1835 1004 1878 Incipiunt.
1028 1833 1232 1867 Tacendum
1262 1846 1334 1867 non
1358 1842 1408 1867 est
1434 1834 1504 1865 An-

835 1887 921 1920 tonii
941 1887 1125 1920 casanovae
1146 1887 1355 1932 epigramma
1377 1887 1413 1919 iu
1433 1888 1503 1918 An-

834 1940 969 1979 tonium
988 1939 1031 1972 ad
1049 1940 1281 1973 imitationem
1300 1939 1502 1985 epigramm.

834 1992 1002 2026 Martialis
1031 2005 1096 2025 va
1122 1993 1204 2026 libri
1231 1993 1306 2034 III,
1328 2000 1362 2025 et
1382 1992 1505 2036 hujus,

834 2046 1000 2091 scriptum
1026 2044 1071 2079 de
1092 2046 1140 2079 M.
1166 2046 1284 2083 Tullio
1316 2045 1504 2079 Cicerone:

840 2115 853 2128 α
875 2095 1050 2131 Proscrihi
1071 2099 1138 2132 nisi
1154 2099 1196 2132 ab
1218 2099 1285 2131 hoc
1308 2098 1452 2138 Cicero,
1472 2104 1507 2129 et

834 2151 899 2185 nisi
917 2151 1056 2197 percuti
1077 2152 1119 2185 ab
1141 2152 1201 2184 illo
1222 2152 1338 2184 Posset
1356 2162 1364 2183 :
1381 2162 1444 2195 par
1457 2149 1507 2182 fa-.

835 2204 935 2238 cinus
953 2204 1011 2237 hic
1029 2205 1147 2249 jubet,
1165 2205 1223 2237 ille
1244 2203 1336 2236 facit.
1357 2202 1505 2237 Carnifi-

836 2269 910 2290 cem
934 2257 1067 2290 invenit
1082 2265 1150 2290 tam
1164 2269 1294 2290 saevum
1313 2255 1486 2289 Antonius
1502 2267 1509 2287 :

838 2310 911 2355 ipse
940 2311 1009 2342 Vix
1038 2310 1105 2342 ulla
1140 2318 1253 2355 posset
1281 2309 1402 2343 saevior
1436 2320 1508 2342 esse

839 2375 956 2395 manu.
985 2363 1089 2395 Illum
1116 2375 1187 2395 non
1207 2362 1312 2395 vellet
1338 2374 1408 2395 sese
1437 2374 1506 2395 ser-

839 2428 932 2448 vasse
955 2423 1146 2459 patronus;
1182 2416 1283 2448 Illum
1314 2427 1384 2448 non
1409 2415 1509 2449 vellet

838 2481 872 2500 se
886 2469 1043 2511 genuisse
1063 2476 1171 2513 pater.
1189 2486 1202 2497 ι»
1226 2469 1340 2501 Rader.
