1978 3305
333 227 916 272 EPIGRAMMATUM
953 228 1078 271 LIB.
1102 228 1220 270 VII.

1382 226 1478 284 245

218 315 261 359 Si
282 323 427 359 tamen
450 324 493 359 et
516 314 715 360 Celerem
735 314 852 376 quod
871 313 998 375 legis,
1021 316 1181 370 Aucte,
1202 315 1337 375 juvat.

148 384 226 429 Ille
246 401 367 429 meas
391 395 562 446 gentes,
582 395 625 430 et
646 385 790 430 Celtas
811 386 921 429 rexit
941 385 1114 440 Iberos,

218 457 311 500 Nec
334 456 415 500 fuit
440 456 485 500 in
509 465 660 500 nostro
688 457 847 501 certior
874 455 982 499 orbe
1010 455 1130 499 fides.

149 525 294 586 Major
319 542 388 570 me
413 535 533 571 tanto
559 527 801 570 reverentia
827 525 1002 581 turbat;
1027 536 1070 570 et
1093 542 1218 569 aures

220 598 322 641 Non
348 596 585 653 auditoris,
609 596 766 657 judicis
793 612 885 640 esse
914 605 1035 656 puto.

81 735 162 761 sunt
177 728 362 770 Celtiberi,
375 729 555 763 notissima
575 741 656 774 gens
674 728 752 762 His-

81 780 204 826 paniae.

138 846 154 866 2
165 859 172 866 .
184 833 222 867 Si
242 841 343 866 tamen
356 861 365 874 ‚
390 843 455 869 etc.
473 834 549 868 Nisi
567 835 752 868 molestum

81 885 125 920 sit
136 886 250 920 Celeri
265 885 384 920 audire
400 887 601 933 hujusmodi
614 900 733 932 nugas.

136 942 168 978 4.
185 939 348 982 Necsuit‚
371 949 437 974 etc.
457 941 530 973 Nec
548 941 635 974 alius
655 941 751 986 quis-

81 1003 185 1036 quam
222 993 346 1038 majori
366 992 437 1026 fide
452 1019 461 1034 ,
481 1001 514 1026 et
543 994 752 1027 abstinentia

81 1043 334 1079 administravit
348 1054 501 1079 nostram
515 1046 750 1080 Celtiberiam.

81 1118 133 1123 -—
143 1098 182 1130 In
195 1106 300 1131 nostro
312 1098 395 1132 orbe.
406 1100 448 1132 In
462 1099 629 1145 Hispania
642 1100 752 1144 patria

80 1161 172 1189 mea,
190 1163 267 1196 quae
281 1151 368 1185 mari
386 1160 420 1184 et
435 1152 609 1197 Pyrenaeis
628 1153 754 1186 monti·

80 1202 146 1236 hus
162 1203 276 1236 clausa
288 1230 296 1245 ,
319 1205 418 1250 quasi
438 1205 532 1238 orbis
551 1205 637 1239 alter
652 1213 714 1238 est.

136 1256 169 1290 5..
186 1256 293 1300 Major
312 1270 358 1289 me
379 1261 460 1290 tanti
472 1257 551 1291 Ald.
566 1259 667 1292 Junt.
683 1259 753 1292 Co-

80 1307 141 1343 lin.
182 1308 319 1355 Gryph.
356 1309 532 1344 Calderin.
569 1311 751 1344 Pulmann.

811 729 925 762 Plant.
953 729 1097 761 Junian.
1117 729 1224 775 Lang.
1248 729 1374 774 Delph.
1399 728 1483 762 aliae.

811 781 922 826 Illajor
940 795 986 813 me
1002 785 1083 814 tanti
1096 781 1198 815 codd.
1216 782 1354 815 Thuan.
1375 781 1482 815 Palat.

812 842 846 867 et
868 834 1022 867 Florent.
1046 835 1156 879 Major·
1181 848 1226 867 me
1255 842 1344 866 tanta
1372 834 1487 867 codex

812 887 1012 920 Vaticanus.
1044 909 1094 913 —-
1109 887 1231 932 stlajor,
1255 895 1320 920 etc.
1338 888 1488 920 Terreor

811 941 879 974 viri
911 940 998 973 tanti
1033 942 1229 986 majestate,
1272 951 1337 973 nec
1371 940 1487 973 minus

811 1001 969 1026 sanctum
984 1002 1146 1038 exspecto
1155 992 1311 1039 judicem
1322 993 1487 1026 carminis

813 1046 905 1087 mei,
923 1058 1026 1092 quain
1045 1046 1130 1078 olim
1150 1046 1265 1092 gentis
1285 1058 1380 1079 meae.

867 1101 901 1132 6.
919 1099 994 1133 Non
1009 1099 1168 1132 auditores
1188 1097 1396 1132 Beverlandi
1412 1098 1485 1131 MS.

812 1151 945 1185 -Νοη
956 1153 1120 1184 auditoris.
1136 1152 1260 1197 Neque
1277 1152 1368 1184 enim
1389 1150 1488 1184 audi-

813 1214 923 1238 torem
957 1213 1118 1246 tantum‚
1141 1204 1201 1238 sed
1231 1213 1269 1238 ut
1295 1204 1486 1238 Celtibero-

812 1271 892 1290 rum
920 1257 1026 1299 olim,
1051 1258 1099 1292 sic
1126 1266 1160 1291 et
1189 1270 1283 1290 nunc
1309 1258 1489 1291 Musarum

812 1310 965 1356 judicem
985 1323 1110 1344 vereor
1127 1310 1298 1345 Celerem.

702 1441 868 1496 LIII.

593 1593 644 1620 IN
685 1571 961 1621 υῐκΙΒΒῐῖΜ.ι

156 1714 322 1754 ΟΜΜΑ
353 1711 502 1754 misisti
533 1712 640 1754 mihi
666 1711 991 1767 Saturnalibus,
1015 1712 1202 1762 Umber,

224 1782 433 1836 Munera,
463 1780 738 1826 contulerant
762 1798 856 1843 quae
878 1783 956 1826 tibi
980 1783 1170 1842 quinque
1194 1782 1285 1825 dies
1308 1800 1315 1824 :

153 1851 223 1894 Bis
249 1867 375 1894 senos
401 1851 614 1912 triplices,
643 1862 686 1896 et
715 1851 997 1914 dentiscalpia
1025 1862 1213 1913 septem;

224 1922 303 1965 His
334 1938 479 1965 comes
509 1925 691 1967 accessit
720 1924 927 1984 spongia,
955 1938 1138 1984 mappa,
1171 1922 1305 1976 calix3

156 1991 470 2053 Semodiusque
499 1992 608 2037 fabae
636 2010 737 2037 cum
762 1994 922 2039 vimine
944 1994 1222 2048 Picenarum,

137 2120 152 2134 ¹
180 2125 306 2158 Umbri
338 2138 482 2160 munera
517 2127 757 2163 Saturnalibus

87 2177 151 2211 sibi
169 2178 286 2215 missa,
304 2179 436 2213 ironice
452 2179 572 2213 elevat.

144 2243 174 2264 1.
189 2231 327 2272 Misisti,
351 2240 415 2266 etc.
440 2233 492 2265 De
517 2231 758 2267 Saturnalibus

87 2281 221 2317 dictum
238 2283 301 2318 lib.
319 2285 365 2325 V,
387 2285 497 2330 epigr.
511 2298 652 2320 Lxxxrv.

143 2348 175 2369 2.
198 2335 423 2376 Contrahi-ant,
440 2346 506 2371 etc.
522 2338 610 2379 Quae
627 2340 671 2372 ab
686 2339 760 2372 aliis

87 2388 151 2422 tibi
168 2388 270 2422 missa
283 2397 367 2422 sunt
382 2402 445 2435 per
458 2390 652 2424 Saturnalia
663 2418 672 2434 ‚
684 2404 761 2437 quae

88 2440 132 2475 ad
157 2442 189 2473 V
210 2440 284 2475 dies
301 2442 474 2487 protraxit
495 2444 661 2489 Caligula.
675 2443 759 2478 Vid.

87 2494 148 2528 lib.
169 2495 234 2535 IV,
255 2495 366 2540 epigr.
386 2507 479 2530 va1.

146 2547 180 2581 3.
196 2547 255 2580 Bis
285 2561 372 2581 senos
400 2549 549 2594 triplices.
579 2549 655 2582 Hoc
689 2558 739 2582 est
754 2575 762 2590 ‚

90 2597 281 2633 duodecim
296 2601 483 2646 pugillares
496 2613 504 2634 :
523 2600 690 2636 dicuntur
704 2614 763 2635 au-

93 2660 162 2686 tem
173 2652 326 2699 triplices
340 2667 358 2688 a
373 2654 485 2688 tribus
499 2655 592 2689 foliis
609 2667 618 2689 :
634 2655 764 2689 fiebant

818 2141 858 2162 ex
875 2128 984 2169 citro,
998 2128 1104 2161 ebore
1116 2153 1124 2167 ,
1145 2126 1289 2172 aliisque
1311 2126 1495 2171 generibus

818 2181 1066 2221 materiarum3
1107 2190 1147 2214 ut
1181 2179 1289 2213 hodie
1319 2192 1360 2212 ex
1385 2191 1496 2212 mem-

818 2234 944 2275 brana,
972 2232 1110 2278 lapide,
1142 2232 1267 2278 lignis,
1300 2232 1362 2265 lib.
1394 2232 1496 2273 XIV,

819 2287 929 2331 epigr.
954 2298 1017 2319 vu.
1038 2307 1089 2312 --
1104 2285 1333 2329 Dentiscalpt'a.
1357 2284 1497 2326 Quibus

821 2337 942 2372 dentes
974 2347 1181 2384 purgantur.
1209 2336 1302 2371 Vide
1332 2337 1392 2371 lib.
1422 2338 1498 2378 VI,

821 2391 1023 2437 epigramm.
1045 2403 1162 2432 Lxxiv,
1181 2398 1215 2424 et
1231 2390 1293 2424 lib.
1307 2391 1407 2432 XIV,
1424 2391 1499 2436 epi-

822 2457 969 2489 gramm.
988 2455 1075 2477 xxii.

878 2500 910 2536 4.
928 2495 1082 2541 Spongia.
1102 2495 1158 2529 Ad
1187 2495 1368 2541 tergendas
1400 2508 1498 2529 men-

822 2561 873 2583 sas
887 2575 897 2589 ‚
916 2549 976 2582 lib.
999 2549 1103 2589 XIV,
1125 2549 1234 2595 epigr.
1251 2561 1370 2583 exuv.

879 2603 912 2635 5.
935 2601 1167 2649 Semodiusque.
1189 2602 1269 2636 Lib.
1295 2603 1359 2638 IV,
1391 2601 1499 2647 epigr.

825 2667 906 2689 XLVI
916 2682 924 2697 ,
938 2667 986 2689 vs.
1002 2656 1221 2690 6.-V1'mine
1231 2655 1430 2688 Picenarum.
1442 2654 1501 2687 Fi-

1209 2718 1290 2771 16³
