1978 3305
381 206 482 270 678
947 212 1228 256 TABULA.

540 294 626 328 XC.
651 296 694 328 In
712 294 882 340 Ligellam
924 320 1572 333 .................
1603 300 1686 346 Pag.
1719 300 1790 335 563
1844 294 1850 302 ⁴

527 347 624 382 XCI.
651 349 703 381 De
725 348 875 382 Almone
924 375 1685 387 ....................
1719 354 1792 394 564

513 400 626 434 XCII.
651 400 707 434 Ad
722 401 876 435 Marium
893 428 1686 440 .....................
1717 405 1792 447 564

494 452 626 487 XCIII.
652 453 709 487 Ad
731 454 949 489 Clementem
967 482 1686 493 ...................
1719 459 1790 493 565

495 506 626 539 XCIV.
651 507 903 541 Munusculum
922 521 1111 554 pomorum
1127 535 1686 545 ...............
1719 510 1791 546 566

513 558 627 592 XCV.
652 559 708 594 Ad
725 559 861 594 Gallam
890 586 1685 598 .....................
1719 564 1790 610 567

494 611 627 644 XCVI.
653 612 709 646 Ad
732 613 877 646 Avitum
891 639 1686 651 .....................
1719 617 1789 662 567

475 664 625 698 XCVII.
652 666 704 699 De
722 666 836 699 Numa
850 692 1686 704 ......................
1719 668 1791 704 568

457 717 626 751 XCVIII.
650 719 694 752 In
709 719 877 752 Publium
895 746 1214 755 .........
1229 751 1233 753 .
1246 747 1686 756 ............
1719 721 1791 767 569

494 770 624 804 XCIX.
651 773 703 805 De
723 772 835 817 figura
858 772 1009 807 Socratis
1041 800 1687 809 .................
1719 774 1792 819 570

582 824 623 857 C.
650 826 692 858 In
715 825 996 860 commiscentem
1019 839 1138 861 versus
1159 827 1257 873 operi
1276 840 1338 862 suo
1368 853 1689 862 .........
1722 826 1794 872 570

565 876 625 910 CI.
650 878 703 910 De
725 877 925 923 Capitolino
973 905 1686 914 ...................
1719 881 1788 925 571

546 930 624 963 CII.
649 931 702 963 De
721 931 868 964 Phileno
920 955 1687 968 ....................
1719 932 1791 975 572

527 982 621 1016 CIII.
650 981 704 1016 Ad
726 983 923 1030 municipes
942 997 1021 1019 suos
1040 985 1264 1019 Bilbilitanos
1286 1007 1686 1019 ...........
1718 987 1789 1030 572

491 1034 622 1069 CXIV.
649 1035 702 1069 Ad
723 1036 853 1070 librum
885 1063 1685 1072 .....................
1721 1038 1792 1083 573

417 1246 466 1279 Μ.
488 1247 606 1282 VAL.
635 1248 961 1283 MARTIALIS
988 1249 1465 1284 EPIGRAMMATUM
1492 1251 1658 1285 LIBER
1687 1252 1754 1285 XI.

593 1353 621 1386 I.
649 1351 705 1386 Ad
725 1353 858 1386 librum
887 1378 1690 1389 .....................
1723 1355 1794 1401 576

577 1407 623 1439 [Ι.
648 1405 705 1439 Ad
727 1407 872 1440 lectores
897 1431 1691 1442 ....................
1721 1411 1793 1454 578

556 1459 622 1494 ΙΙΙ.
649 1460 701 1493 De
723 1459 792 1492 suis
811 1459 939 1493 libellis
967 1484 1687 1495 ...................
1721 1461 1792 1507 579

557 1512 622 1545 IV.
649 1512 813 1546 Precatur
831 1514 923 1546 Deos
940 1524 1005 1558 pro
1023 1512 1138 1546 Nerva
1156 1512 1309 1558 Trajano
1324 1538 1689 1548 ..........
1723 1514 1794 1549 580

577 1566 623 1599 V.
648 1566 691 1598 In
709 1565 852 1599 laudem
871 1566 995 1599 Nervae
1011 1566 1155 1611 Trajani
1205 1592 1688 1600 .............
1720 1566 1789 1602 581

558 1619 622 1651 VI.
650 1617 705 1651 Ad
724 1619 872 1653 Romam
922 1644 1687 1654 ....................
1720 1620 1792 1654 583

542 1671 623 1705 VII.
650 1670 705 1705 Ad
725 1672 883 1705 Paullam
936 1698 943 1705 .
976 1699 983 1705 .
1016 1699 1022 1703 .
1055 1697 1693 1707 .................
1720 1675 1793 1716 484

522 1725 622 1757 VIII.
650 1726 702 1758 De
720 1725 824 1759 basiis
841 1725 895 1759 sui
916 1725 1015 1771 pueri
1048 1750 1689 1760 .................
1721 1726 1793 1761 586

559 1778 623 1811 ΙΧ.
650 1779 702 1811 De
719 1786 829 1812 statua
844 1778 1013 1812 Memoris
1053 1804 1687 1813 .................
1720 1779 1793 1815 588

579 1832 621 1864 Χ.
650 1832 701 1864 De
716 1832 840 1864 Turno
893 1855 1689 1866 .....................
1721 1835 1792 1868 588

560 1885 621 1917 ΧΙ.
650 1883 706 1917 Ad
723 1897 875 1930 puerum
897 1897 997 1918 suum
1018 1910 1571 1919 ...............
1605 1912 1612 1918 ,
1642 1911 1651 1919 .
1682 1912 1689 1918 .
1724 1885 1792 1930 589

543 1938 622 1971 XII.
648 1938 690 1970 In
707 1937 846 1971 Zoilum
894 1963 1690 1972 ....................
1724 1938 1795 1983 590

523 1991 622 2024 XIII.
647 1991 876 2036 Epitaphium
899 1989 1034 2024 Paridis
1053 1990 1261 2025 Pantomimi
1285 2017 1690 2025 ...........
1723 1992 1795 2036 590

521 2044 622 2076 XIV.
648 2045 700 2077 De
720 2044 849 2077 colono
884 2070 1686 2078 .....................
1720 2045 1788 2089 591

541 2098 620 2130 XV.
649 2098 701 2130 De
719 2097 811 2130 libro
833 2109 896 2131 suo
936 2122 1691 2131 ....................
1723 2099 1789 2143 59ι

527 2151 621 2182 XVI.
649 2149 704 2183 Ad
723 2149 868 2183 lectores
898 2175 1690 2184 ....................
1721 2152 1790 2196 59²

503 2204 621 2237 XVII.
651 2202 707 2237 Ad
726 2203 896 2237 Sabinum
925 2228 1688 2237 ....................
1720 2204 1791 2249 593

486 2257 624 2290 XVIII.
649 2258 690 2290 In
711 2257 850 2301 Lupum
891 2282 1687 2291 .....................
1720 2256 1791 2301 594

525 2310 622 2343 XIX.
648 2310 689 2342 In
713 2309 850 2344 Gallam
889 2335 1686 2344 .....................
1719 2309 1791 2354 595

540 2365 622 2397 ΧΧ.
647 2362 702 2398 Ad
721 2363 887 2396 lectorem
905 2376 1045 2409 gravem
1076 2388 1686 2397 ................
1719 2363 1791 2407 596

522 2417 621 2450 XXI.
647 2417 689 2449 In
706 2415 854 2461 Lydiam
887 2441 1686 2451 .....................
1718 2416 1789 2461 597

502 2470 621 2503 XXII.
647 2469 687 2502 In
711 2468 927 2515 paediconem
948 2470 1221 2504 masturbantem
1281 2494 1686 2503 ...........
1719 2469 1791 2514 598

488 2523 620 2556 XXIII.
646 2523 687 2555 ln
709 2522 817 2556 Silam
850 2548 1686 2557 ......................
1719 2522 1791 2566 598

486 2576 620 2609 XXIV.
645 2574 702 2609 Ad
719 2576 906 2610 Labullum
925 2602 1685 2610 ....................
1717 2574 1791 2619 599

506 2630 618 2662 XXV.
646 2630 685 2661 In
707 2629 835 2663 Linum
852 2654 1691 2663 ......................
1722 2630 1792 2661 600

490 2682 619 2714 XXVI.
649 2681 701 2715 Ad
724 2683 978 2728 Telesphorum
998 2696 1144 2728 puerum
1171 2706 1688 2715 ..............
1719 2683 1790 2714 600
