1978 3305
476 238 571 281 280

846 239 907 281 M.
937 239 1079 281 VAL.
1118 237 1509 282 MARTIALIS

683 328 778 369 Hoc
808 341 878 368 me
907 324 1068 385 frigore
1096 325 1234 369 basiet
1263 341 1343 368 nec
1375 341 1504 380 uxor,

683 394 855 438 Blandis
879 393 967 438 filia
989 410 1070 439 nec
1093 395 1212 438 rudis
1233 393 1410 438 labellis.

682 464 766 509 Sed
790 474 838 509 tu
864 464 1054 520 dulcior,
1080 465 1426 526 elegantiorque,

683 535 819 594 Cujus
848 533 978 578 livida
1002 535 1180 580 naribus
1205 536 1369 579 caninis

682 604 915 665 Dependet
944 604 1127 666 glacies,
1156 607 1354 666 rigetque
1383 604 1542 659 barba,

681 674 870 731 Qualem
898 675 1125 720 forficibus
1152 676 1277 720 metit
1305 676 1469 736 supinis

680 746 852 790 Tonsor
872 746 1091 807 Cinyphio
1115 745 1227 791 Cilix
1253 746 1422 789 marito.

682 817 870 860 Centum
897 833 1128 860 occurrere
1149 815 1264 861 malo
1290 815 1571 875 cunnilingis;

681 887 738 929 Et
763 885 938 931 Gallum
967 888 1099 931 timeo
1125 888 1266 931 minus
1289 895 1520 930 recentem.

526 1031 560 1061 8.
578 1027 664 1060 Filia
677 1040 732 1060 nec
746 1026 837 1059 nudis
850 1025 1056 1063 Beverlandi
1069 1026 1143 1059 MS.

526 1093 546 1123 9
553 1106 560 1113 .
569 1080 635 1113 Sed
645 1088 678 1112 tu
687 1080 809 1112 dulcior
817 1079 1058 1124 elegantiorque.
1069 1079 1145 1112 Hoc

471 1145 575 1166 sensu
595 1144 603 1165 :
621 1141 654 1166 at
672 1133 732 1178 qui
750 1144 815 1166 nec
834 1131 953 1165 uxoris
967 1131 1059 1172 fero,
1081 1143 1146 1165 nec

472 1186 587 1219 filiolae
606 1186 743 1225 oscula,
769 1193 825 1218 tua
842 1184 1031 1230 accipiam,
1053 1197 1074 1217 o
1096 1185 1146 1217 fe-

472 1238 583 1279 mina,
597 1251 618 1271 o
631 1238 784 1284 puellula
797 1237 988 1282 elegantior
999 1237 1148 1270 homun-

471 1292 572 1328 cule?
589 1293 752 1336 εἰρωνικῶς
764 1317 774 1333 ,
790 1299 830 1324 ut
843 1298 895 1324 est
909 1290 1064 1324 obvium.
1077 1291 1145 1324 ΕΙ).

531 1357 546 1378 1
559 1359 569 1377 1
579 1371 586 1377 .
602 1344 766 1388 Dependet
773 1344 903 1387 glacies.
917 1343 993 1376 Hoc
1003 1351 1071 1385 est,
1084 1343 1147 1377 sti·

473 1397 524 1430 ria
540 1410 700 1438 mucosa:
716 1397 838 1443 gallice
849 1422 858 1437 ,
878 1398 995 1441 roupie.

530 1464 587 1484 12.
610 1451 744 1495 Qualem
760 1449 937 1495 forcipibus
958 1448 1040 1482 edd.
1062 1458 1145 1483 vett.

474 1504 607 1547 Qualem
621 1503 797 1549 forpicibus
818 1501 926 1536 codex
947 1503 1145 1536 Pulmanni.

470 1557 674 1590 Lectionem
696 1565 852 1590 nostram
873 1563 1017 1589 testatur
1036 1555 1146 1589 codex

471 1610 710 1643 Florentium.
733 1629 786 1635 --
814 1610 947 1654 Qualem
966 1607 1145 1653 forficibus.

470 1663 548 1696 Hoc
575 1671 643 1702 est,
671 1663 809 1708 qualem
836 1662 980 1695 barbam
1013 1661 1148 1695 habent

471 1716 561 1749 hirci
594 1715 764 1761 Cinyphii
793 1728 814 1749 a
845 1715 955 1748 cilice
986 1715 1146 1760 caprario

471 1770 576 1802 tonsi.
589 1791 642 1796 —
657 1769 687 1801 F
686 1768 831 1813 orficihus
846 1770 974 1813 supinis.
989 1767 1066 1802 Hoc
1077 1776 1145 1809 est,

472 1823 545 1856 acie
564 1830 676 1856 erecta
689 1847 699 1863 ,
717 1830 751 1854 et
773 1821 957 1854 manubrio
978 1819 1145 1854 deorsum

471 1874 647 1909 tendente.
666 1875 800 1921 Cinyps
811 1900 821 1915 ,
837 1874 953 1919 inquit
969 1874 1124 1907 Ortelius
1135 1899 1144 1912 ‚

471 1929 599 1961 fluvius
614 1936 665 1961 est
680 1928 815 1961 Africae.
829 1926 952 1960 Strabo
964 1927 1024 1959 lib.
1039 1927 1146 1960 XVII

468 1982 591 2015 scribit
605 1981 769 2026 Ciniphus,
785 1979 828 2013 ad
841 1991 944 2025 quem
960 1991 1081 2024 magna
1096 1988 1146 2013 est

470 2035 649 2068 hircorum
659 2034 769 2079 copia.
779 2054 829 2058 —
840 2032 945 2074 Quod
957 2040 1073 2066 autem
1090 2033 1145 2066 Ci-

469 2087 642 2133 nyphium
659 2095 693 2120 et
713 2086 855 2120 Cilicem
872 2086 1055 2119 sociaverit
1071 2086 1143 2118 No-

469 2150 553 2181 ster,
563 2140 734 2186 plurimus
744 2139 826 2172 viris
835 2137 947 2172 doctis
958 2147 990 2172 et
1002 2139 1036 2171 in
1053 2151 1143 2171 vano

468 2191 705 2234 iabou-Quid
717 2192 810 2225 enim
822 2217 831 2233 ,
844 2191 895 2224 illi
907 2192 1007 2225 aiunt
1017 2218 1026 2232 ‚
1042 2192 1143 2225 Cilici

467 2246 598 2280 tonsori
621 2258 699 2280 cum
727 2245 825 2278 hirco
847 2244 1050 2290 Cinyphio?
1070 2257 1140 2277 non

467 2300 575 2345 magis
592 2299 776 2333 verisimile
792 2306 842 2331 est
853 2297 1050 2343 Cinyphius
1063 2306 1141 2331 ton-

467 2365 561 2386 sores
579 2365 659 2385 suos
678 2365 696 2385 e
711 2351 832 2385 Cilicia
848 2351 988 2396 petiisse
1003 2363 1108 2396 quam
1123 2363 1142 2384 e

467 2405 798 2451 CinyphiisCilicas.
808 2421 821 2433 ι
830 2404 920 2437 Hinc
928 2404 1002 2437 aliis
1013 2404 1143 2449 placuit

468 2467 573 2491 tonsor
587 2458 742 2503 Cinyphio
759 2457 896 2503 Wolf&
910 2459 1023 2490 marito
1036 2451 1141 2500 (Clea-

466 2512 532 2557 (rbs
558 2511 630 2544 scil.
655 2524 718 2556 pro
743 2510 839 2544 omni
863 2523 904 2543 ου
926 2510 986 2555 qui
1008 2510 1141 2544 serrum

466 2572 607 2603 tractat,
641 2562 939 2608 quemadmodum
972 2571 1007 2596 et
1044 2562 1140 2608 apud

466 2617 591 2651 Catuli.
604 2616 648 2649 de
659 2629 756 2649 coma
768 2616 962 2655 Berenices.
979 2629 989 2649 ι
1002 2613 1051 2656 5);
1063 2616 1138 2649 aliis

464 2669 583 2704 incidit
614 2670 648 2702 in
673 2678 824 2702 mentem
847 2682 918 2702 csse·
940 2669 1137 2714 Cinyplwm

1203 1025 1289 1059 fluv.
1321 1025 1416 1070 apud
1441 1025 1580 1059 Cilicas.
1604 1024 1710 1067 Quod
1737 1024 1878 1070 quidem

1204 1078 1464 1124 aliquantulum
1487 1077 1678 1111 firmaverit
1697 1079 1879 1124 praeseutia

1202 1131 1312 1164 literae
1329 1145 1356 1178 y
1375 1143 1479 1177 quam
1501 1139 1534 1164 et
1551 1130 1683 1164 Italicis
1703 1138 1737 1164 et
1753 1131 1879 1165 Africis

1203 1183 1430 1218 idiomatibus
1460 1183 1547 1217 citra
1580 1195 1681 1216 usum
1711 1184 1880 1218 exstitisse

1204 1249 1326 1270 omnes
1346 1245 1488 1270 norunt.
1504 1238 1549 1269 At
1568 1237 1659 1270 forte
1677 1237 1879 1282 κακογραφία

1204 1289 1240 1322 in
1261 1288 1365 1324 codd.
1388 1298 1422 1323 et
1438 1288 1580 1322 aliunde
1604 1288 1648 1323 de
1660 1289 1823 1336 Cinyphe
1841 1290 1879 1323 in

1205 1343 1327 1376 Cilicia
1355 1341 1444 1379 nihil
1473 1342 1636 1376 occurrit.
1670 1341 1738 1375 Sed
1752 1367 1761 1381 ,
1792 1341 1879 1388 quid

1204 1396 1332 1430 mirum
1345 1422 1354 1437 ,
1377 1408 1522 1441 precor,
1547 1395 1584 1428 in
1603 1395 1738 1428 Italiam
1758 1395 1881 1429 utrius-

1205 1460 1273 1494 que
1293 1457 1377 1482 tunc
1393 1447 1517 1482 mundi
1535 1448 1731 1494 principem
1744 1474 1753 1490 ,
1772 1456 1806 1481 et
1819 1448 1878 1482 vix

1203 1500 1365 1534 credibili
1377 1501 1557 1547 opulentia
1570 1508 1693 1534 cuncta
1710 1500 1752 1534 ad
1765 1513 1801 1534 se
1814 1509 1880 1534 tra-

1204 1554 1345 1588 hentem
1355 1579 1363 1591 ,
1380 1554 1588 1588 confluxisse
1603 1552 1777 1599 quidquid
1790 1554 1880 1600 opti-

1204 1620 1270 1641 mae
1280 1616 1372 1641 notae
1382 1608 1418 1640 in
1428 1607 1618 1653 provinciis
1627 1633 1636 1648 ‚
1650 1619 1732 1652 ergo
1744 1615 1778 1640 et
1791 1607 1880 1640 Afri-

1205 1673 1259 1694 cas
1277 1659 1445 1706 pecudes,
1457 1669 1508 1701 et,
1519 1659 1673 1706 egregios
1689 1660 1860 1705 upiliones
1869 1687 1879 1699 ,

1205 1713 1356 1747 Cilicas?
1370 1714 1499 1747 Nonne
1517 1721 1551 1746 et
1568 1711 1651 1746 inde
1669 1711 1804 1758 aliquid
1820 1725 1878 1746 va-

1203 1767 1336 1800 rietatis
1354 1775 1388 1800 et
1404 1766 1521 1812 gratiae
1538 1765 1694 1799 exoritur
1705 1791 1714 1806 ,
1731 1764 1826 1811 qnod
1842 1766 1878 1799 in

1203 1832 1258 1853 res
1287 1819 1538 1853 diversissimas
1568 1819 1757 1864 legentium
1785 1818 1878 1853 oculi

1204 1872 1302 1917 quasi
1321 1872 1499 1906 ambulent
1517 1880 1552 1906 et
1571 1880 1824 1917 pervagentur,
1845 1880 1880 1905 et

1204 1926 1247 1959 ab
1257 1924 1449 1959 Occidente
1457 1925 1518 1971 qui
1529 1924 1689 1965 tondeat,
1702 1925 1744 1957 ab
1756 1924 1881 1958 Orien·

1204 1987 1237 2014 te
1263 1979 1324 2024 qui
1360 1977 1590 2019 tondeantur,
1621 1976 1783 2011 advolare
1811 1977 1877 2012 cir·

1203 2031 1435 2081 cumspiciant
1446 2031 1535 2064 ?En.

1261 2097 1273 2117 1
1285 2084 1317 2117 3.
1327 2083 1493 2130 C7·napltc'o
1503 2084 1604 2129 (bk-1·
1620 2086 1732 2116 marito
1749 2083 1783 2116 in
1802 2083 1878 2116 Flo-

1202 2136 1877 2177 rentinocodice.—Marito;scil.hirco‚

1202 2198 1299 2235 patre
1320 2198 1353 2223 et
1372 2190 1449 2223 viro
1466 2189 1579 2235 gregis
1597 2189 1779 2235 Cinyphii.
1793 2189 1859 2223 En.

1261 2256 1272 2276 i
1285 2244 1317 2276 5.
1341 2242 1470 2277 Gallum
1489 2245 1591 2275 timeo.
1609 2242 1796 2275 Turnebus
1815 2242 1875 2276 lib.

1202 2296 1318 2337 XXV,
1340 2308 1415 2342 cap.
1444 2300 1487 2336 aii
1505 2321 1513 2337 ,
1542 2295 1591 2329 sic
1614 2295 1761 2341 explicat
1783 2295 1876 2330 hunc

1201 2361 1363 2382 versum:
1391 2350 1502 2391 Puto,
1530 2348 1666 2394 inquit,
1688 2348 1875 2393 significari

1201 2403 1331 2435 malum
1346 2401 1490 2435 odorem
1503 2427 1511 2440 ,
1530 2413 1636 2447 quem
1651 2413 1798 2447 corpore
1813 2413 1876 2434 suo

1201 2455 1407 2489 emittebant
1420 2455 1511 2489 Galli
1528 2456 1673 2488 Romam
1688 2453 1876 2491 venientes,

1201 2517 1443 2554 recentesque,
1463 2521 1569 2554 quum
1590 2507 1875 2552 intemperantius

1200 2562 1356 2595 viverent
1369 2587 1378 2601 ,
1405 2570 1439 2595 et
1470 2562 1587 2594 labore
1618 2559 1752 2593 itineris
1780 2559 1875 2592 virus

1199 2613 1475 2660 intemperantiae
1500 2621 1675 2658 augerent.
1703 2613 1754 2645 An
1785 2613 1872 2645 forte

1199 2668 1339 2701 Gallum
1354 2666 1565 2701 sacerdotem
1583 2666 1731 2710 Cybeles
1749 2665 1872 2698 intelli-
