1978 3305
384 209 592 253 EPIGR
611 208 989 260 AMMATUM
1011 208 1139 251 LIB.
1179 210 1264 253 XI.

1435 209 1531 272 585,

770 359 879 414 XI.

547 517 614 545 AD
654 516 878 545 PUERUM
917 497 1108 546 snmus1

188 646 369 700 ToLLF„
395 659 527 705 puer,
555 641 734 696 calices,
759 642 976 704 tepidique
1003 653 1247 689 toreumata
1276 646 1383 702 Nili,

256 717 314 758 Et
342 714 446 757 mihi
474 729 624 758 secura
652 712 810 774 pocula
840 713 963 757 trade
987 730 1146 770 manu,

185 786 305 829 Trita
336 793 509 845 patrum
536 782 690 840 labris,
718 793 762 827 et
790 793 917 828 tonso
944 800 1054 845 pura
1083 785 1302 840 ministro;

256 854 471 915 Antiquus
497 854 657 898 mensis
683 854 937 899 restituatur
962 855 1118 899 honor.

183 925 244 968 Te
274 934 427 986 potare
456 925 582 969 decet
606 940 800 986 gemma,
825 926 899 986 qui
927 926 1132 970 Mentora
1156 926 1320 987 frangis

252 996 304 1038 In
335 995 548 1056 scaphum
580 995 785 1051 moechae,
809 995 1130 1057 Saffianapale,
1152 1006 1249 1041 tuae.

164 1127 250 1166 'Ad
261 1134 479 1178 pocillatorem
501 1146 588 1166 suum
610 1131 665 1166 ed.
686 1133 788 1166 Barb.

170 1198 199 1219 1.
229 1187 430 1219 Tor-cumam.
448 1185 530 1219 Vid.
563 1184 606 1219 ad
635 1185 696 1218 lib.
722 1186 789 1226 IV,

111 1238 222 1284 epigr.
240 1252 345 1272 xxxix
354 1265 362 1280 ,
375 1243 409 1280 4.
422 1239 527 1272 Poeta
538 1238 700 1283 intelligit
708 1250 788 1271 vasa

110 1291 329 1336 crystallina,
363 1304 440 1337 quae
464 1304 506 1325 ex
531 1294 684 1336 AEgypto
714 1291 786 1324 Ro-

110 1355 202 1378 mam
212 1345 624 1384 afferebantur.——Tolle‚
633 1356 725 1389 puer,
735 1357 786 1376 ca-

110 1398 193 1430 lices.
218 1399 352 1431 Amove
374 1396 567 1431 elaboratos
591 1396 713 1430 calices
737 1397 787 1430 vi·

110 1458 221 1492 treos‚
246 1462 288 1483 ex
315 1453 469 1496 *Egypto
487 1451 634 1483 Romam
652 1449 783 1483 allatos.

110 1502 254 1543 Noster,
274 1503 337 1536 lib.
354 1504 455 1545 XIV,
475 1503 678 1549 epigramm.
699 1514 783 1536 cxv:

113 1556 267 1601 «Aspicis
281 1556 459 1602 ingenium
476 1556 567 1589 Nili:
581 1556 710 1601 quibus
727 1554 787 1588 ad-

107 1607 192 1642 dere
212 1609 315 1654 plura
335 1610 429 1642 Dum
451 1609 566 1654 cupit,
585 1609 628 1642 ah
648 1608 784 1654 quoties

107 1660 264 1706 perdidit
283 1670 403 1695 auctor
421 1662 533 1707 opus!
552 1679 565 1691 »ι
583 1684 636 1688 —
659 1661 782 1707 Tepidi.

106 1714 197 1755 Quia
210 1727 356 1760 magnus
366 1741 375 1756 ‚
384 1722 417 1747 et
431 1727 537 1760 quem
549 1714 604 1747 vix
615 1714 784 1748 sustineas

108 1766 142 1799 in
171 1769 324 1813 AEgypto
349 1768 459 1802 calor.
490 1768 692 1808 Juvenalis,
712 1767 782 1801 Sat.

107 1819 159 1861 X,
183 1822 252 1861 148
273 1832 281 1853 :
306 1838 319 1850 u
339 1821 454 1854 Africa
471 1821 596 1853 Mauro
622 1832 782 1864 percussa

107 1871 264 1915 Oceano,
282 1873 436 1919 Niloque
448 1872 589 1907 admota
605 1873 748 1919 tepenti.
765 1890 778 1902 ιι

163 1938 195 1958 2.
216 1925 333 1959 Secura
350 1940 455 1959 manu.
475 1926 552 1960 Hoc
565 1934 634 1964 est,
657 1926 782 1972 pocula

105 1991 183 2023 quae
201 1991 220 2012 e
236 1978 400 2013 manibus
419 1980 513 2024 lapsa
530 1991 601 2012 non
619 1979 782 2024 frangan-

105 2040 186 2073 tur;
206 2032 259 2064 vel
289 2045 440 2077 quorum
463 2033 652 2066 fractorum
674 2044 781 2077 parva

105 2085 148 2117 sit
164 2085 310 2130 jactura.

159 2137 193 2170 3.
214 2138 304 2170 Trita
314 2145 452 2182 patrum.
471 2137 609 2179 Quibus
625 2137 678 2170 usi
700 2146 782 2171 sunt

102 2191 369 2235 majores—Et
379 2199 467 2223 tonso
475 2203 568 2235 pura.
584 2190 779 2223 Ministrata

104 2255 175 2275 non
207 2255 224 2276 a
254 2251 391 2276 comato
417 2251 450 2276 et
479 2242 656 2283 delicato,
676 2242 737 2276 sed
761 2256 779 2276 a

102 2294 184 2328 rudi
202 2303 307 2341 atque
324 2296 475 2340 simplici
496 2308 619 2340 puero.

905 1137 938 1174 4.
956 1134 1118 1180 Antiquus
1142 1135 1253 1167 honor.
1282 1135 1460 1168 Urnarum
1495 1146 1528 1168 er

848 1185 996 1220 calicum
1024 1186 1198 1220 fictilium.
1233 1188 1279 1221 Et
1316 1196 1527 1221 revocentur

847 1238 960 1283 prima
988 1239 1132 1282 saecula,
1159 1240 1355 1286 priscorum
1382 1242 1524 1274 saeculo-

846 1304 925 1324 rum
946 1293 1162 1337 parcimonia
1183 1300 1217 1326 et
1238 1293 1428 1339 frugalitas.

902 1344 936 1378 5.
953 1345 991 1378 In
1003 1346 1162 1390 scaphium
1176 1345 1257 1379 edd.
1269 1355 1355 1380 vett.
1369 1346 1523 1380 etMaitt.

845 1396 873 1429 F
875 1398 995 1431 arnab.
1013 1398 1114 1431 Barb.
1135 1398 1274 1432 Ibidem
1291 1399 1524 1444 Sardanapallc

842 1450 923 1484 Ald.
936 1451 1035 1485 Junt.
1051 1451 1167 1485 Colin.
1177 1453 1301 1496 —Qui
1309 1453 1468 1485 Mentora.
1482 1452 1522 1485 Id

843 1512 894 1537 est
910 1515 918 1536 ε
946 1504 1003 1536 Tu
1016 1531 1024 1545 ‚
1047 1516 1069 1537 o
1096 1503 1331 1550 Sardanapale
1349 1501 1362 1548 (
1377 1504 1521 1539 divitem

843 1563 878 1589 et
897 1556 1142 1590 effeminatum
1166 1558 1216 1591 sic
1241 1557 1422 1603 designat;
1442 1571 1522 1592 nam

842 1608 1097 1654 sardanapalus
1118 1623 1178 1643 rex
1194 1610 1260 1644 fuit
1278 1611 1470 1656 opulentus
1490 1620 1523 1645 et

842 1662 973 1702 mollis,
1004 1661 1048 1696 de
1081 1675 1151 1708 quo
1186 1662 1361 1697 Diodorus
1385 1663 1522 1698 Siculus

842 1715 905 1748 lib.
924 1715 1022 1748 VIII.
1042 1714 1077 1756 )‚
1107 1716 1167 1762 qui
1201 1717 1330 1762 frangis
1355 1734 1368 1746 a
1394 1717 1521 1750 Pocula

842 1767 1028 1801 Mentorea
1047 1768 1234 1802 nobilitata
1252 1782 1361 1802 manu
1375 1787 1406 1811 »‚
1426 1769 1522 1815 quod

843 1820 932 1854 dixit
960 1821 1019 1854 lib.
1055 1822 1124 1862 IX,
1150 1822 1259 1867 epigr.
1295 1835 1358 1863 Lx,
1392 1825 1458 1864 16,
1484 1832 1521 1856 ut

841 1886 969 1919 nempe
987 1875 1115 1907 matula
1129 1875 1342 1908 conficiatur
1356 1883 1422 1908 tuae
1439 1888 1522 1908 moe-

841 1926 915 1959 chae
929 1952 939 1967 ,
961 1925 1088 1972 dignus
1108 1940 1163 1968 es,
1183 1928 1244 1973 qui
1262 1928 1359 1961 bibas
1378 1928 1520 1973 impuro

842 1979 903 2012 illo
923 1981 1051 2024 poculo
1070 1981 1214 2025 genimis
1230 1989 1368 2013 ornato.
1385 1981 1455 2013 Alii
1471 1981 1519 2015 sic

840 2032 979 2077 legunt,
995 2034 1072 2065 «Te
1094 2043 1217 2079 potare
1236 2033 1336 2066 decet
1357 2045 1491 2077 gemma
1512 2062 1520 2071 ,

841 2086 902 2131 qui
931 2086 1093 2119 Mentora
1127 2086 1282 2131 frangis?
1305 2087 1347 2119 In
1377 2087 1519 2132 scaphio

842 2138 1005 2180 moechae,
1034 2137 1286 2184 Sardanapale,
1308 2148 1386 2173 tuae.
1411 2157 1424 2169 »
1444 2140 1520 2172 Hoc

841 2199 891 2224 est
903 2202 911 2223 ε
925 2191 1036 2236 Magis
1054 2191 1117 2224 tibi
1129 2192 1294 2224 convenit
1309 2193 1439 2225 matula
1450 2201 1518 2226 tuae

839 2243 1001 2285 moechae,
1016 2244 1053 2276 in
1067 2256 1134 2289 qua
1149 2245 1246 2277 bibas
1258 2271 1267 2284 ‚
1287 2257 1390 2289 quam
1409 2258 1517 2290 pocu-

840 2296 870 2329 la
893 2305 1061 2340 gemmata
1084 2308 1161 2341 quae
1183 2297 1322 2341 frangis.
