1978 3305
460 221 559 277 456

834 224 895 264 Μ.
927 223 1066 265 VAL.
1105 223 1486 266 MARTIALIS

668 311 794 353 Nunc
826 311 966 369 signat
994 325 1114 352 meus
1142 308 1328 352 annulus
1359 309 1567 370 lagenam.

460 436 556 467 enim
571 434 784 480 distinguere
799 437 988 481 poterimus
1000 463 1008 478 ‚
1026 449 1069 470 an
1084 450 1136 470 re-

460 500 540 520 vera
557 486 601 520 de
615 488 774 522 libertate
790 497 925 522 tantum
943 485 1135 535 agatur,—

460 541 506 572 lit
522 539 580 573 hic
599 552 703 574 nemo
727 554 798 574 non
819 542 981 575 meminit
998 542 1135 576 Archiae

460 592 727 626 celeberrimum
752 593 885 628 djctum
909 607 917 628 ε
947 597 1000 634 Εἰς
1029 596 1133 641 αὔριον

461 644 503 677 τὰ
517 643 699 686 σπουδαῖοι,
718 649 750 688 is!
767 650 936 681 crastinum
947 652 1039 682 seria.
1054 649 1135 683 Plu-

461 697 570 733 tarch.
602 699 795 746 Pelopidas.
825 701 1045 747 Quamquam
1077 703 1134 736 hic

1194 437 1335 470 remisse
1354 445 1388 469 et
1402 437 1636 482 negligenter;
1653 436 1779 470 Noster
1796 437 1864 470 cal-

1194 488 1372 522 lidissime.
1393 489 1462 522 Eu.

1248 555 1281 587 7.
1302 543 1395 576 Nunc
1415 544 1532 586 signat.
1552 541 1606 574 Ne
1628 540 1719 574 servi
1742 541 1866 574 vinum

1193 595 1366 629 hauriant.
1377 594 1499 628 Horat.
1510 595 1570 627 lib.
1583 595 1618 627 II
1629 619 1638 635 ,
1648 594 1748 639 epist.
1757 605 1787 626 11
1800 605 1864 634 ‚vs.

1199 664 1210 681 1
1221 649 1266 682 33
1281 660 1290 681 ε
1306 648 1446 682 «Posset
1464 647 1525 693 qui
1542 647 1723 692 ignoscere
1739 646 1847 679 servis
1858 671 1867 686 ‚

1194 705 1238 737 Et
1246 704 1345 748 signo
1355 702 1436 735 laeso
1448 713 1518 733 non
1526 699 1689 745 >insanire
1698 699 1838 744 lagenae.
1850 714 1863 727 ›-

981 840 1349 896 LXXXIX.

997 989 1063 1016 AD
1104 969 1339 1018 aornar*

535 1106 651 1148 DUM
679 1122 748 1148 me
770 1114 990 1166 captares,
1014 1107 1215 1151 mittebas
1239 1122 1421 1150 munera
1447 1107 1592 1161 uobis‘3

605 1175 839 1235 Postquam
866 1177 1038 1237 cepisti,
1069 1177 1144 1221 das
1174 1176 1303 1230 mihi,
1336 1176 1473 1231 Rufe,
1498 1175 1616 1219 nihil.

535 1246 599 1287 Ut
627 1255 805 1306 captum
833 1256 1002 1301 teneas,
1031 1258 1160 1308 capto
1184 1264 1359 1308 quoque
1384 1263 1565 1290 munera
1590 1249 1734 1299 mitte,

607 1316 675 1358 De
703 1331 836 1359 cavea
866 1317 1006 1378 fugiat
1031 1334 1085 1361 ne
1108 1317 1220 1361 male
1244 1327 1392 1378 pastus
1414 1333 1530 1378 aper.

519 1447 533 1461 ¹
548 1452 589 1485 In
611 1453 680 1486 hoc
701 1454 952 1499 epigrammate
974 1456 1062 1488 nihil
1084 1468 1143 1488 va-

468 1505 578 1546 riant,
597 1505 695 1550 quod
713 1507 837 1549 sciam,
855 1508 936 1541 libri
958 1517 1016 1542 aut
1034 1521 1142 1542 mem-

468 1558 596 1590 branae.

520 1631 571 1636 ——-
586 1611 781 1645 Amicitiam
797 1612 899 1646 donis
917 1622 1050 1658 partam
1062 1640 1070 1653 ‚
1084 1613 1144 1647 do-

469 1665 521 1696 nis
531 1663 689 1697 alendam
699 1673 733 1699 et
743 1666 1016 1700 conservandam
1030 1666 1142 1700 docet.

528 1727 558 1748 1.
586 1717 639 1749 Me
661 1727 825 1763 captares,
853 1727 917 1753 etc.
945 1720 1145 1754 Amicitiam

470 1781 580 1802 meam
594 1796 602 1810 ,
622 1771 677 1803 vel
698 1771 946 1806 haereditatem.

527 1822 558 1855 3.
585 1823 629 1855 Ut
648 1832 770 1868 captum
785 1852 793 1864 ,
814 1833 878 1858 etc.
899 1825 1030 1859 Eadem
1053 1827 1146 1860 enim

1204 1464 1275 1489 arte
1303 1464 1485 1488 servantur
1513 1468 1585 1495 res,
1610 1467 1678 1500 qua
1703 1454 1879 1500 acquisitae

1205 1510 1358 1542 suerunt.

1259 1567 1293 1602 4.
1322 1562 1372 1594 De
1393 1575 1496 1593 cavea.
1524 1561 1600 1593 Hoc
1629 1574 1646 1593 a
1668 1559 1773 1592 simili
1793 1558 1879 1592 dicit

1204 1615 1330 1656 Poeta;
1351 1622 1391 1647 ut
1404 1614 1497 1647 enim
1512 1614 1582 1646 sera
1595 1613 1750 1646 esuriens
1767 1612 1880 1657 fugit,

1204 1668 1252 1700 sic
1263 1679 1326 1713 ego
1339 1667 1548 1701 renuntiabo
1560 1675 1627 1699 tuae
1639 1665 1809 1699 amicitiae.
1820 1665 1880 1698 Est

1204 1728 1321 1754 autem
1343 1732 1444 1753 cavea
1467 1728 1604 1765 septum
1619 1746 1628 1761 ,
1651 1719 1687 1752 in
1712 1731 1781 1763 quo
1800 1718 1881 1751 ferae

1206 1772 1434 1806 includuntur
1463 1785 1470 1806 :
1496 1781 1545 1806 est
1571 1773 1673 1805 etiam
1697 1772 1793 1804 locus
1821 1771 1880 1803 ubi

1206 1827 1357 1872 populus
1373 1825 1495 1859 sedens
1513 1825 1613 1859 ludos
1629 1824 1814 1871 spectabat.

1117 1963 1248 2020 XC.

984 2115 1007 2140 A
1021 2114 1049 2141 1›
1088 2096 1379 2142 srrmſtrxmf

546 2234 674 2276 LEGE
699 2234 826 2276 nimis
851 2232 960 2276 dura
985 2234 1216 2276 convivam
1242 2233 1430 2277 scribere
1457 2250 1605 2277 versus

614 2305 768 2363 Cogis,
792 2302 924 2347 Stella
946 2320 954 2346 :
980 2302 1078 2348 licet
1105 2304 1292 2348 scribere
1318 2321 1476 2365 nempe
1501 2303 1649 2347 malos.

527 2420 539 2431 ⁶
552 2424 674 2467 Neque
685 2425 776 2456 enini
791 2437 836 2457 ex
849 2433 1006 2468 tempore
1016 2450 1024 2464 ,
1039 2437 1149 2469 neque

476 2478 564 2508 iuter
576 2477 700 2521 pocula
710 2477 914 2510 scribuntur
924 2477 1004 2509 boni
1019 2490 1029 2508 x
1039 2489 1148 2516 ersus,

477 2527 643 2573 Euripide
677 2538 710 2562 et
740 2530 889 2575 Virgilio
925 2529 1032 2574 digni.
1064 2530 1146 2562 Vid.

474 2582 553 2613 Aul.
574 2581 665 2615 Gell.
683 2583 741 2615 lil).
766 2583 1020 2623 XV1[;Valer.
1035 2584 1146 2616 Maxi-

476 2646 570 2675 mus,
593 2635 650 2667 lib.
670 2635 711 2667 X.

1271 2438 1278 2457 1
1294 2451 1300 2457 .
1316 2424 1468 2457 Convivas
1488 2425 1715 2457 l’ulmannus.
1734 2425 1863 2457 Caetera
1876 2449 1885 2461 ‚

1212 2478 1304 2510 nulla
1322 2477 1468 2510 variatio
1492 2478 1525 2509 in
1550 2477 1647 2510 libris
1667 2485 1821 2522 apparet.
1836 2497 1887 2501 —-

1210 2531 1287 2574 lpse
1313 2539 1449 2570 tamen,
1473 2542 1581 2575 quum
1610 2530 1714 2563 Stella
1735 2528 1890 2572 jussisset

1209 2580 1429 2626 αὐτοσχεδικσ
1437 2582 1464 2616 τὶ
1481 2595 1599 2615 versus
1614 2583 1781 2620 scribere,
1792 2593 1887 2614 com-

1210 2637 1322 2680 posuit
1344 2637 1408 2669 hoc
1431 2635 1616 2669 distichon.
