1978 3305
391 215 974 259 EPIGRAMMATUM
1012 217 1132 258 LIB.
1175 217 1226 258 V.

1449 217 1474 260 8
1487 214 1509 258 :³3

183 302 237 344 Et
268 301 523 361 castigatum
549 301 720 362 Libycae
750 317 921 346 ceroma
953 301 1179 362 palaestrae;

249 372 304 413 Et
331 371 473 430 gravis
498 373 538 413 in
566 370 710 415 Siculo
736 371 914 432 pulvere
944 372 1064 416 fusus
1088 373 1230 432 Eryx3

181 438 494 500 Sylvarumque
525 451 711 495 tremor,
736 443 863 485 tacita
890 444 960 502 qui
993 441 1142 485 fraude
1171 440 1333 485 solebat

249 511 422 554 Ducere
447 527 525 555 nec
551 520 690 555 rectas
713 513 855 555 Cacus
880 513 922 554 in
949 521 1072 555 antra
1097 512 1242 554 boves.

179 649 260 690 Καὶ
285 649 331 690 τὸ
357 647 620 706 παλαις-ρίτου
645 644 791 696 Λίῖυος
818 650 985 706 κϊ’ρωυα
1009 649 1220 701 κολασθὲν,

248 719 301 758 Χ’
327 721 358 758 ὡ
385 718 576 759 Σικελοῖσι
604 716 731 765 ταθεὶς
761 719 798 758 ἐν
825 711 1022 766 ςαδίοισιν
1051 706 1179 776 Ερυξ·

177 788 299 846 Amy-2
324 803 368 828 ΤΕ
396 804 474 828 ’ων
501 783 699 845 ξυλόχων,
726 804 809 836 Οςις
837 787 1015 846 κρυῶίαις
1043 788 1237 831 απάταισι

245 858 420 906 Κᾶκος
404 874 456 900 οτ·
443 856 690 916 ισθοπόρους
716 856 766 906 εἰς
793 859 909 907 σπέος
932 854 1032 899 εἷλκε
1061 859 1170 911 βόας.

105 995 145 1015 ro
175 994 258 1027 aper
284 984 464 1016 Maenalins
497 984 698 1017 interfectus
727 993 774 1017 est

105 1035 149 1068 ab
165 1035 324 1069 Hercule.
346 1035 438 1070 Vide
458 1035 536 1069 libr.
558 1036 774 1081 Spectaculo-

105 1100 185 1120 rum
205 1088 313 1133 epigr.
334 1101 445 1122 xxvn.

161 1141 193 1174 3.
224 1141 334 1185 Libyae
364 1154 484 1174 ceroma
511 1141 546 1174 in
576 1140 656 1174 edd.
690 1150 772 1175 vett.

104 1192 220 1226 Siculae
241 1207 361 1227 ceroma
378 1193 489 1228 codex
504 1194 706 1227 Vaticanus.
724 1214 774 1221 -—

105 1245 152 1278 Et
169 1249 355 1291 castigatum
375 1260 513 1286 ceroma,
535 1255 600 1280 etc.
623 1246 773 1291 Castiga-

103 1307 165 1330 tum
198 1312 318 1332 ceroma
340 1327 349 1340 ,
380 1307 431 1333 est
462 1298 690 1333 destrictum:
711 1300 771 1344 qui

103 1351 196 1384 enim
217 1352 439 1386 luctabantur
453 1378 462 1393 ,
480 1352 695 1397 stringebant
719 1352 772 1384 in-

102 1403 224 1438 vicem.
256 1405 449 1438 Manilius:
481 1423 494 1434 u
510 1406 551 1437 In
580 1405 690 1438 varias
715 1404 770 1438 de·

100 1456 275 1502 stringunt
300 1458 456 1491 membra
488 1458 699 1503 palaestras.»
729 1458 772 1491 Et

100 1509 226 1543 frustra
247 1509 384 1544 dubitat
403 1510 633 1552 Ramiresius,
652 1518 771 1543 utrum

100 1562 231 1608 stringo
266 1563 358 1597 lucta
388 1575 537 1608 corpus;
568 1575 611 1596 an
639 1564 770 1608 stringo

100 1616 265 1660 palaestrae
294 1616 436 1661 pulvere
467 1615 685 1649 intellexerit.
718 1617 771 1649 Ita

98 1667 301 1714 stringendo
329 1669 527 1713 castigabant
555 1681 674 1701 ceroma
693 1695 701 1708 ,
735 1667 770 1702 id

100 1728 150 1754 ost
170 1720 440 1767 destringebant.
458 1722 509 1754 Eo
531 1721 655 1766 Virgil.
674 1733 770 1755 exer-

99 1773 170 1807 ceri
193 1774 366 1819 palaestras
392 1773 501 1815 dicit,
529 1774 596 1806 oleo
624 1774 744 1807 labente
760 1800 769 1814 ‚

99 1826 167 1860 hoc
208 1835 286 1869 est,
314 1829 469 1872 castigato
498 1834 660 1860 ceromate.
694 1827 769 1861 Hoc

98 1879 192 1912 enim
220 1880 363 1926 proprie
385 1888 436 1914 est
464 1879 640 1923 castigare,
665 1880 769 1913 strin-

98 1944 178 1976 gere
192 1957 202 1973 .,
232 1933 363 1967 vincire
385 1944 392 1965 :
413 1945 484 1965 non
512 1932 588 1965 loro
615 1931 746 1966 eaedere
761 1959 769 1973 ‚

100 1993 158 2018 aut
172 1994 283 2027 cesto,
303 1993 343 2019 ut
363 1994 463 2031 putat
479 1985 533 2018 vir
552 1997 708 2018 summus
724 1984 768 2018 ad

99 2037 283 2081 Persium;
306 2037 366 2072 sed
395 2039 472 2072 loro
498 2037 647 2082 cingere.
664 2037 769 2079 Quod

82 2130 83 2133 Ἴ
98 2090 266 2125 Martialis
285 2093 440 2136 castigare
460 2103 580 2127 ceroma
602 2089 689 2124 dixit
706 2116 715 2132 ,
732 2090 767 2124 id

97 2143 179 2177 alibi
215 2144 403 2190 appellavit
434 2157 554 2176 ceroma
590 2150 685 2175 terere
702 2157 714 2182 ,·
734 2152 768 2176 et

96 2195 158 2229 lib.
171 2196 225 2229 III
237 2223 246 2240 ‚
261 2196 406 2242 perdere
415 2196 541 2230 oleum.
558 2195 652 2229 Vide
667 2196 767 2229 latius

99 2257 132 2282 et
147 2250 340 2283 accuratius
361 2262 399 2283 ea
417 2248 461 2282 de
483 2261 520 2283 re
542 2248 766 2282 disserentem

97 2301 140 2334 cl.
154 2301 219 2335 vir.
237 2302 459 2335 Gronovium
477 2301 513 2334 in
529 2301 590 2335 lib.
603 2302 655 2343 II,
672 2301 765 2347 Sylv.

98 2365 134 2386 vx
146 2380 155 2395 ,
176 2367 253 2399 pag.
279 2366 291 2387 1
303 2356 360 2395 46.
377 2376 429 2380 —
445 2355 493 2387 Et
511 2356 696 2398 casIIgalum
714 2356 767 2387 Li-

97 2406 195 2451 hycae.
224 2407 270 2440 Et
293 2407 404 2440 Antaei
432 2407 554 2452 Libyci
583 2407 766 2441 insolentia

96 2459 131 2492 in
142 2458 375 2504 provocandis
389 2459 431 2492 ad
446 2459 635 2504 palaestram
647 2460 764 2505 hospi·

97 2512 188 2546 tibus
205 2537 214 2554 ‚
232 2513 275 2546 ab
294 2513 444 2545 Hercule
463 2512 623 2556 castigata
642 2521 762 2546 morte.

102 2582 115 2593 κ
132 2564 341 2598 Incredibile
358 2574 428 2606 est,
449 2565 561 2609 inquit
581 2563 763 2605 Brodaeus,

98 2625 229 2651 tantum
257 2619 407 2663 potuisse
428 2618 654 2651 succumbere
682 2630 761 2660 por-

836 992 988 1025 tentum,
1002 987 1100 1030 cujus
1117 997 1244 1030 corpus
1261 986 1435 1030 sexaginta
1451 997 1509 1018 cu—

834 1037 989 1070 bitorum
1004 1037 1106 1070 fuisse
1123 1038 1229 1071 refert
1242 1038 1334 1071 Plut.
1347 1038 1380 1070 in
1393 1038 1481 1070 Sert.
1492 1056 1503 1065 n

833 1110 884 1115 —-
905 1089 1048 1123 Cet-omn.
1070 1089 1178 1131 Quod
1201 1090 1258 1123 hic
1281 1089 1426 1135 ponitur
1443 1103 1508 1135 pro

832 1143 908 1187 ipso
930 1144 1050 1175 Antaeo
1073 1151 1244 1176 ceromate
1262 1143 1421 1176 inuncto.
1447 1143 1508 1176 Ce⁶

834 1207 933 1228 roma
947 1207 1029 1239 ergo
1046 1194 1149 1228 flebat
1165 1208 1203 1228 ex
1224 1196 1302 1229 oleo
1317 1220 1327 1235 ‚
1340 1195 1486 1240 pulvere
1498 1221 1508 1235 ‚

831 1255 864 1280 et
877 1260 954 1281 cera
974 1248 1200 1281 commixtum
1217 1274 1224 1288 ,
1245 1260 1315 1293 quo
1332 1248 1507 1292 ungeban-

831 1308 890 1333 tur
919 1301 1065 1333 athletae.
1101 1322 1152 1326 —
1182 1301 1308 1346 Libycae
1335 1301 1505 1344 palm-tra».

830 1352 955 1398 Libyci
988 1353 1185 1386 certaminis
1202 1365 1210 1394 ;
1241 1365 1322 1386 nain
1357 1353 1506 1386 sumitur

830 1405 888 1438 hic
915 1418 979 1450 pro
1010 1406 1084 1449 ipsa
1113 1406 1204 1438 lucta
1233 1414 1267 1439 et
1292 1405 1505 1445 certamine,

830 1456 924 1503 quod
962 1458 998 1491 in
1037 1459 1148 1503 Libya
1182 1459 1407 1492 commissum
1443 1466 1503 1491 est.

830 1509 923 1544 Vide
944 1510 1003 1544 lib.
1025 1512 1078 1543 III
1093 1533 1102 1550 ‚
1121 1511 1233 1556 epigr.
1254 1523 1328 1544 Lvu
1343 1535 1353 1551 ‚
1370 1524 1418 1544 vs.
1440 1511 1498 1544 25.

884 1568 914 1603 4.
948 1563 1052 1596 Fusus
1090 1565 1196 1608 Eryx.
1232 1563 1379 1596 Veneris
1409 1563 1504 1596 filius

830 1624 996 1649 caestuum
1011 1616 1197 1650 certamine
1210 1616 1246 1649 in
1261 1615 1375 1650 Sicilia
1392 1616 1502 1649 victus

828 1677 879 1702 est
910 1669 953 1701 ab
977 1670 1148 1710 Hercule,
1176 1669 1234 1714 qui
1266 1670 1308 1702 ab
1336 1669 1501 1714 Hispania

827 1720 974 1755 redibat.
995 1722 1089 1766 Eryx
1111 1729 1182 1755 erat
1205 1721 1349 1754 immani
1371 1734 1495 1766 corpo·

828 1775 874 1807 ris
888 1774 978 1807 mole
997 1783 1030 1808 et
1048 1773 1254 1808 fortitudine
1270 1786 1277 1807 :
1294 1786 1502 1819 provocave-

827 1835 881 1860 rat
901 1825 1058 1860 Alcidem
1080 1826 1124 1860 ad
1143 1835 1329 1860 certamen.
1347 1827 1413 1860 En.

881 1882 914 1912 6.
941 1880 1061 1912 Ducere
1086 1893 1147 1912 non
1165 1888 1263 1912 rectas
1286 1878 1393 1913 codex
1419 1879 1497 1912 Flo-

825 1932 1003 1973 rentinus,
1029 1933 1201 1977 probante
1221 1932 1406 1965 Farnabio.
1427 1933 1498 1964 Du-

826 1998 892 2017 cere
911 1986 1066 2029 neglectas
1086 1985 1143 2019 alii
1158 1985 1296 2030 legunt3
1314 1992 1348 2018 at
1361 1984 1477 2017 malini
1490 2010 1498 2024 ,

826 2051 880 2070 nec
896 2045 995 2070 rectas
1007 2065 1015 2078 ,
1033 2050 1181 2078 aversas,
1193 2050 1256 2083 per
1270 2036 1413 2071 caudam
1431 2045 1501 2070 tra-

827 2091 1012 2135 ctas.Vii·g.
1029 2090 1219 2131 AEn.V111‚
1236 2103 1252 2122 2
1265 2102 1319 2122 10.
1331 2110 1382 2116 —-
1398 2089 1499 2122 Cacus

826 2143 978 2176 Vulcani
996 2142 1087 2176 filius
1107 2152 1199 2183 erat,
1223 2142 1364 2187 insignis
1385 2142 1441 2174 fur
1464 2150 1497 2174 et

825 2195 915 2229 latro
930 2219 939 2233 ‚
959 2208 1070 2241 eoque
1087 2195 1277 2228 viatoribus
1293 2194 1496 2234 timebatur,

826 2248 906 2295 quia
925 2248 1032 2281 boves
1058 2249 1093 2282 in
1117 2255 1254 2281 antrum
1279 2259 1380 2280 suurn
1400 2257 1498 2279 aver-

826 2314 880 2335 sos
906 2301 1084 2338 trahebat,
1113 2313 1155 2333 ne
1183 2299 1418 2345 quaerentibus
1449 2298 1497 2331 fa-

825 2362 919 2388 ctum
947 2351 1293 2398 deprehenderetur,
1309 2364 1419 2397 quum
1443 2363 1499 2384 ve-

825 2406 923 2451 stigia
956 2406 1045 2439 foras
1070 2404 1260 2445 ducerent,
1289 2417 1360 2437 non
1389 2404 1494 2437 intro.

825 2459 900 2492 Hoc
929 2457 1034 2491 modo
1063 2459 1167 2491 hoves
1197 2457 1339 2491 Herculi
1370 2469 1495 2501 rapue-

824 2520 894 2551 rat,
906 2523 923 2543 a
937 2524 1006 2556 quo
1020 2510 1254 2555 deprehensus
1264 2536 1273 2550 ‚
1287 2510 1323 2542 in
1332 2509 1496 2542 Aventini

825 2572 941 2597 monte
960 2563 1041 2596 intel
1053 2564 1160 2596 sectus
1174 2571 1234 2596 est.
1253 2563 1413 2607 Propert.
1432 2562 1496 2600 IV,

825 2617 879 2651 El.
895 2615 1480 2657 10;Ov.1.Fast.542;etLiv.1‚;-

1236 2678 1289 2726 «ὶῖ
