1978 3305
367 232 951 276 EPIGRAMMATUM
990 233 1116 274 LIB.
1136 232 1282 274 VIII.

1431 227 1523 290 367

191 324 317 364 Nunc
344 321 525 364 veniunt
551 321 702 364 subitis
731 319 891 363 lasciva
921 320 1182 362 numismata
1207 317 1390 371 nimbis;

261 392 391 434 Nunc
421 390 495 434 dat
525 401 739 452 spectatas
766 400 926 434 tessera
955 389 1073 449 larga
1096 389 1206 432 feras
1228 405 1236 430 ε

190 463 318 505 Nunc
340 460 521 522 implere
545 463 661 504 sinus
685 477 860 504 securos
881 459 1063 519 gaudet,
1084 469 1127 503 et
1149 459 1302 502 absens

258 532 446 574 Sortitur
472 531 698 585 dominos,
720 547 774 574 ne
801 530 1033 582 laceretur,
1059 530 1161 573 avis.

191 601 308 658 Quid
336 617 561 644 numerem
590 617 771 654 currus,
793 610 860 643 ter
887 600 1083 659 denaque
1111 600 1286 659 praemia
1317 600 1493 660 palmae,

261 673 372 728 Quae
400 671 503 714 dare
533 687 624 714 non
650 685 821 730 semper
849 669 1001 713 consul
1024 679 1207 728 uterque
1235 668 1371 713 solet?

191 743 348 784 Omnia
379 741 477 795 sed,
508 742 673 791 Caesar,
697 749 819 783 tanto
849 749 1110 800 superantur
1137 739 1329 793 honore,

261 811 392 868 Quod
415 820 706 871 spectatorem
730 820 772 853 te
794 819 868 853 tua
890 809 1036 853 laurus
1057 809 1203 852 habet.

120 947 277 992 plurimi.
302 969 352 974 -—
381 947 487 980 Multa
523 950 646 991 rapina.
675 946 716 980 Id
746 956 795 980 est

120 1001 227 1033 multa
245 1012 325 1045 quae
351 1000 543 1045 rapiantur.

173 1067 208 1097 9.
228 1053 324 1085 Nunc
343 1055 474 1085 'veniunt
491 1053 586 1085 subiti
604 1053 719 1084 lascis-a
737 1065 796 1084 ηιι-

120 1108 264 1137 mismata
286 1106 383 1139 nimbi
403 1118 443 1138 ex
466 1106 655 1138 veterrimo
677 1104 797 1139 codice

123 1159 291 1192 Vaticano
315 1159 396 1204 legit
418 1158 581 1191 Heinsius
604 1158 646 1191 ad
671 1157 795 1191 Claud.

122 1211 250 1256 Paneg.
268 1211 303 1244 in
316 1211 422 1244 Proh.
434 1219 466 1244 et
483 1211 718 1256 Olybr.Cons.
736 1212 796 1251 45,

121 1276 223 1309 quem
241 1263 334 1297 vide.
347 1264 500 1296 —Nunc
514 1266 655 1296 veniunt.
675 1265 703 1296 E
718 1264 796 1297 loco

120 1329 246 1362 nempe
265 1317 445 1362 superiore
463 1325 673 1363 sparguntur
691 1329 796 1349 num-

121 1370 170 1402 mi
196 1370 366 1411 sestertii,
389 1382 476 1415 quos
503 1370 648 1402 lascivos
674 1378 796 1410 vocat,

121 1421 216 1467 quod
236 1423 326 1456 forte
342 1423 514 1468 populum
531 1422 573 1455 ad
592 1435 627 1456 se
642 1423 797 1456 alliciant

121 1475 176 1507 vel
198 1484 358 1508 recreent
375 1501 384 1516 ‚
411 1476 466 1508 vel
488 1474 583 1521 quod
604 1488 667 1521 per
694 1476 796 1508 inane

123 1528 277 1560 volantes
290 1527 418 1561 ludere
431 1554 438 1568 ,
453 1529 611 1562 lascivire
625 1528 795 1573 quodam·

124 1579 229 1613 modo
260 1580 455 1614 videantur.
483 1602 535 1607 —
559 1582 610 1613 De
644 1582 796 1626 publicis

121 1633 366 1678 largitionibus
387 1633 480 1680 apud
504 1635 701 1674 Romanos,
716 1647 798 1667 con-

123 1686 186 1724 fer,
212 1686 239 1719 si
261 1686 378 1726 lubet,
406 1687 491 1719 Stat.
517 1686 599 1719 Silv.
623 1688 655 1727 l,
677 1687 793 1720 Carm.

123 1739 193 1779 VI,
219 1738 280 1771 ubi
301 1738 380 1772 vide
401 1747 512 1772 notas.
535 1738 706 1773 Editionis
733 1752 796 1772 no-

123 1792 298 1832 strae,vol.
314 1793 352 1832 I,
369 1805 444 1837 pag.
467 1795 531 1825 161
556 1800 589 1824 et
613 1793 777 1836 169.ED.

182 1856 238 1877 10.
264 1845 358 1877 Νιιηε
385 1845 444 1876 dat
470 1853 642 1889 spectatas,
665 1854 728 1878 etc.
756 1846 797 1878 In

124 1896 305 1942 sphaerulis
325 1909 385 1930 seu
410 1898 544 1930 tesseris
565 1898 705 1943 ligneis,
722 1911 797 1944 quae

122 1950 374 1995 spargebantur
401 1950 437 1982 in
463 1951 651 1995 populum,
674 1951 797 1984 inscri-

123 2010 183 2047 pta
214 2010 294 2035 sunt
325 2015 471 2036 munera
503 2003 607 2048 vulgo
638 2016 796 2042 cessura,

125 2055 177 2087 vel
206 2055 357 2088 visarum
394 2064 428 2088 et
459 2056 684 2101 praesentium
703 2082 712 2097 ‚
742 2058 797 2090 vel

124 2107 318 2141 absentium
333 2109 485 2141 ferarum
505 2109 700 2155 aviumque.
713 2110 798 2143 Tes-

124 2172 214 2193 seras
234 2173 315 2206 ergo
337 2170 371 2194 et
390 2161 577 2207 sphaerulas
596 2175 654 2195 seu
675 2163 797 2208 globu-

125 2212 175 2246 los
199 2214 350 2259 populus
376 2214 533 2260 rapiebat
560 2227 668 2260 quum
689 2217 797 2261 jacta-

124 2274 263 2307 rentur,
282 2274 315 2299 et
335 2265 431 2312 quod
451 2267 597 2312 quisque
616 2268 653 2300 in
672 2277 797 2302 tessera

123 2318 262 2364 signum
287 2319 462 2360 habebat,
486 2319 573 2353 illud
603 2321 797 2366 accipiebat

123 2371 167 2403 ab
189 2371 423 2416 Imperatore;
441 2381 479 2405 ut
501 2373 529 2405 si
553 2381 687 2406 tesserae
709 2383 796 2407 esset

122 2423 310 2469 inscriptus
331 2437 473 2465 cervus,
494 2437 622 2470 equus,
643 2425 768 2459 domus
785 2453 794 2466 ‚

122 2475 284 2514 domum,
305 2489 437 2522 equum
455 2478 510 2510 vel
527 2490 669 2511 cervum
689 2491 707 2512 a
723 2479 796 2512 Cae-

122 2541 195 2562 sare
217 2530 271 2562 vel
293 2530 494 2563 munerario
516 2531 718 2576 accipiebat.

915 959 972 979 11.
1003 947 1098 979 Nunc
1126 947 1259 991 implere.
1289 948 1366 981 Hoc
1395 958 1464 990 est,
1491 959 1530 983 ut

856 999 942 1032 mihi
964 998 1106 1032 videtur
1130 1011 1138 1032 ε
1161 1002 1250 1033 Aves
1273 1001 1449 1044 absentes,
1472 1016 1532 1036 seu

856 1052 893 1084 in
915 1064 1018 1085 arena
1039 1065 1111 1085 non
1134 1053 1297 1087 exhibitae
1319 1056 1452 1089 tesseris
1474 1056 1530 1088 in-

855 1105 992 1150 scriptae
1022 1104 1150 1139 dantur
1183 1107 1248 1145 iis,
1279 1108 1406 1152 quibus
1440 1109 1531 1142 forte

857 1158 1001 1203 contigit
1030 1167 1155 1192 tessera
1183 1172 1192 1193 :
1221 1167 1255 1192 at
1285 1173 1365 1193 vero
1393 1161 1421 1194 si
1453 1174 1531 1195 aves

855 1211 987 1244 emissae
1023 1211 1171 1245 fuissent
1187 1237 1197 1252 ,
1230 1225 1250 1245 a
1283 1212 1533 1259 diripientibus

855 1264 1011 1297 laceratae
1030 1265 1190 1298 fuissent.

913 1329 968 1351 12.
991 1317 1060 1350 Nec
1082 1319 1241 1350 laceratur
1263 1321 1328 1351 avis
1340 1333 1352 1358 ;
1378 1320 1414 1353 in
1448 1319 1528 1354 edd.

854 1377 939 1403 vett.
961 1369 1040 1402 Ald.
1061 1371 1160 1404 Junt.
1175 1371 1288 1404 Clino.
1308 1373 1444 1418 Gryph.
1465 1382 1529 1407 etc.

855 1435 892 1454 ne
911 1424 1066 1456 laceretur
1082 1427 1147 1456 avis
1166 1425 1202 1456 in
1220 1423 1340 1459 codice
1361 1426 1531 1460 Pulman-

855 1475 905 1509 ni.
916 1496 969 1502 —
980 1475 1122 1509 Sortitur
1135 1477 1285 1510 dominos.
1304 1479 1373 1519 Qui
1393 1480 1534 1525 symbo-

854 1529 927 1561 lum
947 1530 1077 1574 jactum
1099 1539 1326 1575 occuparunt.

913 1581 1182 1628 13.sEternaque
1205 1587 1338 1628 praemia
1361 1585 1395 1617 in
1422 1583 1527 1618 codd.

856 1635 937 1667 Vat.
959 1642 993 1667 et
1015 1635 1041 1667 F
1044 1635 1170 1668 lorent-
1194 1657 1245 1661 --
1269 1637 1360 1681 Quicl
1376 1650 1529 1670 numerem

856 1700 975 1720 currus.
992 1687 1203 1733 Aurigarum
1221 1689 1531 1723 factiones.—-Ter

856 1739 1012 1786 denaque,
1031 1748 1096 1773 etc.
1117 1742 1277 1786 Ingentia
1299 1743 1528 1776 victoriarum

856 1793 1007 1837 praemia.
1033 1793 1150 1826 Palma
1175 1795 1268 1827 enim
1296 1796 1413 1829 multis
1439 1808 1528 1841 prae-

856 1846 977 1878 mium.
1007 1845 1224 1880 Gladiatores
1263 1847 1411 1881 victores
1449 1862 1529 1882 cum

856 1899 968 1943 palma
988 1897 1240 1934 discurrebant.

914 1964 927 1984 1
938 1955 971 1992 4.
991 1951 1072 1996 Quae
1088 1952 1174 1985 dare.
1196 1952 1323 1986 Sensus
1338 1962 1388 1986 est
1403 1966 1411 1987 :
1428 1954 1530 1988 Plura

856 2004 1049 2037 victoribus
1084 2005 1226 2050 praemia
1263 2005 1360 2039 dedit
1398 2007 1503 2040 Stella
1523 2032 1532 2043 .

856 2069 963 2103 quam
980 2058 1082 2090 ambo
1097 2058 1265 2091 Consules
1276 2084 1284 2099 ‚
1302 2071 1409 2104 quum
1424 2060 1530 2093 simul

857 2109 969 2143 edunt
990 2109 1104 2144 ludos.

915 2175 929 2196 1
941 2164 973 2196 5.
990 2164 1095 2196 Tanto
1110 2172 1306 2208 superantur.
1324 2163 1438 2198 Stellae
1455 2163 1529 2197 ludi

857 2228 920 2261 per
941 2228 975 2248 se
997 2215 1139 2261 quidem
1162 2217 1334 2257 celebres,
1360 2225 1419 2250 tua
1442 2230 1530 2263 prae-

857 2269 984 2309 sentia,
1015 2281 1036 2301 ο
1064 2269 1283 2309 Domitiam,
1311 2270 1530 2304 celeberrimi

857 2321 939 2355 facti
959 2329 1052 2354 sunt.

915 2378 968 2408 16.
986 2375 1031 2407 Te
1047 2381 1101 2406 tua
1115 2374 1222 2406 laurus
1235 2382 1318 2406 amet
1327 2374 1440 2410 Codd.
1453 2376 1531 2409 Flo-

855 2435 945 2460 rent.
960 2435 994 2460 et
1004 2426 1333 2460 Pulmanni.—-Tua
1350 2428 1468 2462 laurus.
1487 2428 1528 2462 Itl

857 2488 907 2512 est
935 2492 1024 2524 quos
1051 2478 1154 2512 ludos
1185 2480 1231 2513 ob
1260 2480 1412 2514 lauream
1435 2490 1528 2515 tuam

859 2531 1082 2565 Sarmaticam
1100 2532 1239 2566 exhibet
1259 2533 1375 2567 Stella.
