1978 3305
413 236 510 290 (342

787 234 848 276 M.
871 234 1012 276 VAL.
1052 232 1442 275 MARTIALIS

553 321 769 366 Tondebit
790 336 950 381 pueros
970 318 1060 379 jam
1085 334 1199 362 nova
1223 328 1360 379 nupta
1387 328 1495 362 tuos.

484 392 698 437 Paedieare
721 389 852 434 semel
878 389 1038 450 cupido
1059 388 1180 432 dabit
1205 387 1275 431 illa
1295 394 1453 432 marito
1468 423 1478 441 ,

553 464 673 505 Dum
694 461 848 504 metuit
869 459 941 503 teli
965 458 1143 502 vulnera
1170 459 1311 519 prima
1334 459 1452 502 novi.

481 533 643 593 Saepius
667 531 751 574 hoc
777 530 871 574 fieri
898 530 1043 573 nutrix
1069 538 1294 588 materque
1314 528 1551 582 vetabunt,

552 604 608 645 Et
629 601 798 655 dicent,
821 602 969 653 Uxor,
996 615 1084 643 non
1110 615 1241 660 puer,
1264 599 1344 642 ista
1365 598 1443 641 tibi
1465 608 1539 642 est.

485 676 580 716 Heu
602 680 788 732 quantos
810 680 960 723 aestus,
984 679 1169 730 quantos
1192 669 1356 730 patiere
1379 667 1548 712 labores
1566 702 1577 722 ‚

553 743 596 786 Si
621 742 749 786 fuerit
773 757 942 785 cunnus
967 757 1034 784 res
1059 740 1289 800 peregrina
1311 736 1412 783 tibi!

483 815 601 873 Ergo
624 812 886 856 Suburranae
911 812 1097 854 tironem
1119 809 1244 854 trade
1265 810 1496 870 magistrae.

552 882 631 926 Illa
653 883 794 925 virum
822 881 950 925 faciet
972 898 979 923 :
1002 896 1090 924 non
1113 880 1222 923 bene
1246 880 1370 940 virgo
1392 879 1533 923 docet.

413 1001 480 1026 etc.
505 992 720 1025 Flammeum
750 997 824 1023 erat
849 989 1085 1022 velamentum

414 1048 546 1079 luteum
562 1056 623 1078 seu
643 1043 790 1076 rubrum
803 1068 813 1082 ‚
831 1054 900 1086 quo
917 1053 1009 1074 nova
1023 1053 1087 1073 nu-

415 1107 472 1144 pta
497 1098 677 1142 tegebatur
697 1094 845 1141 pudoris
871 1093 979 1139 gratia
996 1117 1006 1134 ‚
1033 1093 1086 1126 vel

415 1152 449 1184 iu
468 1149 694 1195 subjectionis
713 1147 923 1192 symbolum.

469 1208 501 1242 4.
519 1202 675 1235 Tondebit
683 1213 797 1246 pueros
810 1227 818 1240 ‚
831 1208 895 1233 etc.
909 1197 1088 1232 Tondebit

413 1255 594 1290 catamitos
623 1263 701 1287 tuos
730 1261 897 1298 tanquam
925 1252 1087 1285 emeritos

415 1318 447 1343 et
465 1308 635 1347 exolet05,
653 1314 839 1352 postquam
859 1317 1005 1339 uxorem
1025 1303 1087 1337 du-

416 1362 516 1395 xeris.
531 1361 607 1393 Lib.
620 1360 708 1400 XII,
721 1359 831 1404 epigr.
851 1370 956 1397 xvm,
966 1370 1015 1391 vs.
1032 1362 1089 1398 24.

419 1412 471 1442 -4
485 1413 634 1447 Caesarie
649 1425 733 1445 vero
749 1412 850 1457 longa
871 1419 905 1444 et
921 1411 993 1444 huc
1009 1410 1092 1444 illuc

413 1466 639 1500 volitantibus
646 1464 817 1498 cincinnis
826 1465 1001 1510 praecipue
1011 1476 1092 1497 cen·

414 1521 581 1553 sehantur
592 1519 693 1565 pueri
704 1543 713 1559 ‚
729 1517 757 1550 si
773 1517 834 1563 qui
852 1516 1005 1550 dominis
1022 1516 1092 1550 suis

414 1572 566 1613 domini;
586 1580 619 1605 at
641 1571 701 1604 ubi
721 1579 779 1603 aut
807 1578 930 1616 sponte
949 1582 1010 1603 sua
1032 1578 1092 1602 aut

415 1625 607 1671 forcipibus
622 1624 695 1657 haec
712 1622 918 1664 decidisset,
938 1625 1008 1668 jam
1025 1622 1092 1656 viri

416 1679 640 1724 putabantur.
664 1677 787 1710 Horat.
807 1676 869 1710 lib.
891 1676 954 1716 IV,
974 1674 1032 1708 od.
1050 1687 1091 1715 x,

415 1744 462 1764 VS.
484 1732 502 1764 3
519 1757 527 1770 ‚
551 1748 564 1760 «
579 1731 621 1763 Et
643 1742 720 1775 quae
745 1741 840 1762 nunc
862 1728 1018 1762 humeris
1038 1727 1092 1760 in-

1146 987 1297 1020 volitant
1315 985 1515 1020 deciderint
1530 997 1637 1020 comae
1649 998 1681 1027 -;
1692 994 1727 1019 et
1741 986 1823 1019 Juv.

1145 1048 1205 1073 sat.
1224 1040 1334 1081 VIII,
1355 1052 1403 1073 vs.
1430 1052 1496 1084 ¹²7
1519 1051 1527 1073 :
1550 1053 1563 1065 α
1578 1039 1614 1073 Si
1631 1038 1694 1072 tibi
1711 1047 1825 1072 sancta

1147 1092 1273 1126 cohors
1290 1093 1458 1125 comitum
1472 1116 1481 1133 ‚
1499 1092 1527 1125 si
1549 1103 1653 1124 nemo
1673 1092 1824 1125 tribuna!

1148 1144 1283 1178 Vendit
1302 1146 1545 1179 Acersecomes
1563 1162 1576 1174 »ν
1591 1158 1601 1186 ;

1147 1197 1314 1244 nymedes
1347 1194 1410 1238 (ex
1438 1212 1458 1230 a
1491 1197 1684 1243 privativo,
1715 1198 1824 1243 κείρειν

1152 1250 1316 1290 tondere,
1339 1260 1373 1284 et
1395 1252 1476 1296 κόμη
1498 1248 1684 1291 caesaries).
1705 1251 1772 1283 En.

1203 1317 1234 1349 7.
1268 1304 1440 1349 Negabunt
1464 1303 1541 1337 cod.
1568 1303 1604 1336 in
1630 1315 1738 1348 marg.
1766 1302 1822 1336 ed.

1152 1357 1228 1390 Par.
1248 1361 1405 1402 1617.-—
1424 1357 1542 1390 Nutrix
1555 1364 1721 1402 materque.
1741 1356 1828 1397 Quae

1151 1409 1282 1443 scilicet
1305 1422 1406 1443 mane
1428 1422 1446 1442 a
1466 1409 1582 1455 puella
1603 1417 1745 1454 petent,
1763 1409 1826 1441 Illa

1152 1475 1222 1496 nox
1249 1479 1263 1492 α
1282 1475 1360 1508 quae
1383 1463 1508 1503 fuerit,
1528 1462 1588 1508 qui
1604 1462 1807 1507 complexus
1821 1487 1828 1499 .

1152 1527 1229 1560 quae
1248 1513 1397 1561 gaudia?
1418 1533 1431 1545 a

1206 1580 1217 1601 1
1230 1581 1256 1601 1.
1267 1568 1475 1608 Saburram,
1485 1576 1549 1601 etc.
1562 1566 1678 1601 Trade
1689 1576 1722 1600 te
1734 1567 1829 1600 insti—

1153 1620 1325 1655 tuendum
1341 1621 1518 1655 meretrici
1530 1621 1680 1667 cuipiam
1701 1620 1831 1654 Subur-

1152 1685 1246 1707 ranae
1260 1700 1270 1716 ,
1290 1686 1366 1720 quae
1385 1674 1510 1707 melius
1532 1673 1674 1707 docebit
1696 1682 1730 1707 te
1751 1674 1828 1706 offi-

1153 1727 1247 1760 cium
1255 1726 1334 1766 viri,
1346 1739 1450 1773 quam
1461 1740 1551 1761 nova
1562 1735 1670 1773 nupta
1678 1734 1713 1760 et
1720 1725 1829 1760 rudis.

985 1856 1256 1913 LXXIX.

944 1989 1012 2016 Αι)
1051 1988 1263 2018 PAETUM.
1285 1967 1304 1985 ⁴²

489 2079 557 2120 An
586 2077 773 2136 primum
805 2073 972 2116 decima
1003 2072 1187 2134 lapidem
1220 2073 1337 2133 quod
1368 2074 1565 2116 venimus
1594 2073 1724 2124 hora,

563 2146 796 2206 Arguimur
825 2143 950 2187 lentae
982 2144 1162 2187 crimine
1193 2143 1388 2203 pigritiae.

491 2216 588 2260 Non
621 2225 684 2259 cst
716 2216 795 2258 ista
824 2215 930 2269 viae,
960 2230 1049 2258 non
1080 2223 1146 2258 est
1175 2229 1295 2269 mea,
1327 2214 1401 2257 sed
1430 2223 1502 2258 tua
1536 2212 1688 2275 culpa,

560 2286 716 2329 Misisti
746 2283 886 2328 mulas
915 2286 988 2345 qui
1019 2285 1150 2340 mihi,
1180 2286 1320 2339 Paete,
1352 2293 1459 2328 tuas.

473 2387 600 2424 'Poeta
617 2389 675 2422 hic
696 2388 781 2421 Paeti
806 2388 979 2422 mularum
1004 2387 1096 2422 ridet

421 2442 636 2484 tarditatem,
653 2441 738 2476 dum
754 2441 893 2474 simulat
906 2453 942 2475 se
957 2441 1095 2475 veniam

422 2509 490 2530 suae
511 2508 618 2529 morae
637 2494 827 2541 postulare.

481 2565 507 2582 1.
530 2550 596 2593 Qui
615 2548 689 2582 MS.
714 2547 749 2580 in
774 2559 880 2592 marg.
901 2546 956 2580 ed.
983 2547 1088 2580 Paris.

428 2604 535 2646 1617.
551 2623 599 2627 -
616 2602 674 2634 Ad
695 2602 828 2644 primum
859 2600 1005 2644 lapidem.
1036 2599 1091 2632 Ad

1157 2396 1253 2420 tuam
1273 2387 1391 2420 villam
1413 2387 1509 2421 mille
1525 2388 1683 2434 passibus
1700 2386 1830 2422 distan-

1156 2449 1225 2473 tem
1247 2441 1289 2474 ab
1300 2441 1398 2473 Urbe
1417 2441 1495 2474 veni
1514 2441 1601 2475 hora
1621 2440 1756 2475 decima
1770 2467 1780 2481 .
1796 2440 1831 2474 id

1156 2502 1206 2527 est
1219 2520 1228 2533 ,
1247 2492 1382 2527 duabus
1401 2493 1497 2527 horis
1519 2503 1597 2528 ante
1619 2503 1770 2528 noctem.

1208 2548 1240 2581 3.
1263 2546 1397 2591 Quidem
1416 2559 1481 2592 pro
1503 2550 1567 2580 via’
1588 2546 1671 2581 edd.
1694 2556 1776 2581 vett.

1209 2605 1240 2639 ἦ.
1252 2600 1359 2632 Mulas
1369 2601 1501 2633 masfa
1507 2599 1682 2634 rdissimas
1691 2612 1828 2645 nempe.

1623 1143 1659 1177 id
1680 1153 1731 1178 est
1756 1144 1825 1178 Ga-
1873 1180 1876 1182 ,
