1978 3305
370 203 956 249 EPIGRAMMATUM
994 205 1118 248 LIB.
1147 206 1232 249 VI.

1408 223 1499 270 129

238 295 305 336 Tu
335 302 458 353 potes
487 301 532 335 et
559 291 709 353 patriae
737 289 881 346 miles,
912 300 956 335 et
982 307 1074 336 esse
1101 292 1244 337 decus.

99 420 221 452 Antaeo
247 418 366 451 nocuit
397 417 579 451 temeraria
606 416 729 450 virtus.
753 433 767 446 2,

155 473 188 506 8.
215 471 265 503 Tu
275 478 365 515 potes
383 478 414 502 et
428 472 533 516 patris
552 469 638 502 miles
656 477 688 502 et
705 482 771 502 esse

98 524 187 556 ducis
203 522 315 556 codex
336 522 534 556 Pulmanni.
555 520 639 555 Vid.
658 522 771 555 Turn.

98 576 160 610 lib.
185 576 302 618 XXV,
321 588 396 622 cap.
420 588 479 621 27.
502 576 552 608 Tu
565 583 656 620 potes
671 583 704 608 et
713 587 773 620 pa-

100 631 171 662 trioe
200 629 286 661 miles
304 637 340 661 *et
360 642 423 661 esse
450 629 538 661 ducis
562 626 771 661 Beverlandi

97 682 175 715 MS.
199 682 250 714 Tu
265 690 354 727 potes
378 690 410 714 et
422 684 526 726 patris
545 681 632 713 miles
652 688 684 712 et
708 694 772 713 esse

98 735 190 768 decus
207 734 291 768 citat
308 734 450 768 Barbou.
470 738 518 767 At
536 732 771 766 Beverlandus

98 787 182 833 legit
195 812 204 826 ‚
226 796 258 820 et
273 800 337 820 esse
353 795 435 821 tuus.
453 787 672 832 Corruptum
697 798 770 820 esse

98 840 194 874 hunc
215 840 332 874 locum
359 841 406 874 ait
430 842 512 873 Ant.
542 839 581 872 de
604 840 718 886 Rooy;
737 847 772 872 et

831 417 922 462 conj.
946 418 995 450 Tu
1012 419 1130 462 poteris
1146 421 1263 463 patriae
1281 420 1367 453 miles
1389 429 1421 453 et
1437 434 1501 456 esse

831 482 917 502 secus
927 483 940 509 ;
957 470 981 502 i.
1001 482 1031 503 e.
1051 470 1164 512 aliter,
1182 471 1258 513 vel,
1280 473 1343 506 etsi
1360 486 1432 507 non
1451 482 1502 508 te-

831 523 1001 556 merarius
1023 531 1126 569 caput
1147 524 1313 570 periculis
1332 526 1503 572 objectes,

832 583 948 609 tamen
966 576 1115 621 patriam
1139 577 1240 611 fortis
1257 578 1356 613 miles
1381 579 1501 614 defen-

831 626 915 661 dere
940 629 1082 673 poteris.
1115 646 1163 650 —
1193 631 1225 663 T
1223 644 1243 663 ιι
1267 639 1367 676 potes.
1401 633 1504 667 Potes

830 680 951 726 patriae
979 693 1051 715 esse
1080 692 1286 717 ornamento
1300 709 1310 726 ‚
1346 693 1503 732 tempore

829 733 913 767 belli
931 742 964 767 et
981 734 1095 779 pacis;
1115 742 1150 768 et
1166 743 1225 768 tua
1242 737 1331 770 salus
1345 751 1418 772 non
1437 739 1504 772 mi-

829 798 953 820 norem
967 786 1017 820 illi
1036 787 1182 832 gloriam
1200 796 1235 822 et
1251 789 1436 825 utilitatem
1453 792 1504 826 af-

830 839 937 881 feret,
960 852 1066 885 quam
1082 853 1177 874 mors
1195 850 1264 874 tua.
1279 842 1346 876 En.

687 976 924 1031 XXVI.

634 1126 703 1153 DE
751 1125 980 1154 SOTADE.

312 1246 664 1288 PEmcmTATUR
691 1245 832 1305 capite
859 1245 1040 1290 Sotades
1067 1255 1228 1291 noster.

314 1316 456 1358 Reum
483 1314 645 1375 putatis
670 1330 762 1358 esse
785 1315 1020 1359 Sotadem?
1043 1333 1133 1360 non
1158 1327 1233 1362 est.

313 1386 518 1446 Arrigere
546 1384 658 1429 desit
682 1401 809 1446 posse
840 1385 1052 1430 Sotades:
1080 1386 1215 1449 lingit.

164 1538 195 1559 1.
222 1525 429 1558 Periclitatur
451 1525 563 1570 capite.
587 1524 628 1556 In
647 1522 781 1568 judicio

106 1578 158 1612 rei
175 1577 343 1612 dicuntur
359 1579 461 1622 capite
474 1577 662 1621 periclitari.
683 1577 782 1610 Sota-

107 1631 190 1665 dem
202 1631 333 1675 λείχῡνοι
344 1656 354 1672 ,
373 1629 494 1676 capitis
511 1629 565 1662 vel
589 1629 660 1662 oris
675 1630 782 1662 mini-

107 1684 213 1718 sterio
233 1684 322 1717 male
344 1696 469 1724 usum,
491 1684 592 1728 capite
606 1683 785 1726 periclitari

109 1738 170 1772 ait:
190 1738 254 1784 qui
271 1737 402 1783 patitur
412 1762 421 1777 ,
433 1749 485 1768 ore
498 1737 684 1780 morigerari
692 1748 706 1774 ,·
723 1735 784 1780 qui

108 1791 201 1836 agit,
223 1792 322 1836 capiti
343 1789 473 1823 illudere
497 1789 626 1822 rectius
651 1796 684 1822 et
712 1800 784 1821 am-

841 1524 945 1569 bigue
968 1523 1109 1558 dicitur.
1134 1546 1184 1551 —
1204 1527 1256 1559 De
1273 1526 1400 1562 Sotade
1417 1537 1520 1574 poeta

842 1575 998 1622 quodam
1013 1577 1148 1612 cinaedo
1163 1577 1297 1613 dictum
1311 1581 1374 1615 lib.
1385 1581 1439 1624 H,
1451 1582 1523 1628 epi-

842 1642 989 1675 gramm.
1008 1643 1149 1664 Lxxxw.

899 1682 934 1716 3.
953 1684 1108 1729 Arrigere
1127 1683 1204 1729 defit
1215 1698 1308 1730 posse
1326 1686 1460 1720 Sotades
1484 1689 1520 1722 in

843 1734 964 1769 codice
977 1736 1148 1770 Pulmann
1156 1739 1341 1783 .-Lingit
1350 1753 1362 1779 ;
1372 1740 1419 1773 ita
1427 1750 1522 1786 capue

844 1797 1043 1823 moventem
1059 1793 1160 1836 capite
1175 1791 1223 1825 ait
1237 1792 1438 1837 periclitari.
1452 1794 1518 1827 En.

682 1924 955 1980 XXVII.

601 2081 670 2108 AD
719 2060 1035 2109 NEPOTEM*

186 2213 263 2255 B1s
294 2210 436 2253 vicine
458 2209 608 2268 Nepos
631 2202 750 2264 (nam
778 2215 827 2249 tu
852 2222 1027 2266 quoque
1052 2209 1251 2267 proxima
1277 2207 1412 2254 Florae

187 2345 252 2394 Δὶς
275 2344 473 2404 σύγχορτε
493 2342 641 2391 Νέπως
663 2345 755 2400 ἡμῖν
777 2337 847 2394 (σὺ
868 2339 943 2400 γὰρ
966 2341 1107 2401 ἀγχόθι
1126 2342 1314 2402 Φλώρης,

173 2477 188 2490 *
208 2479 382 2524 Nepotem
398 2475 554 2509 vicinum
572 2475 735 2508 hortatur
753 2473 796 2507 ad

120 2532 289 2578 genialem
307 2531 426 2564 vitam.

181 2597 211 2618 1.
231 2585 288 2618 Bis
305 2585 419 2616 vicine.
437 2581 583 2627 Duplici
600 2578 706 2613 modo
726 2579 797 2612 Ne-

122 2646 242 2685 potem
251 2636 316 2671 sihi
328 2648 399 2670 esse
410 2635 566 2668 vicinum
580 2633 667 2667 djcit
675 2634 795 2666 Poeta:

303 2711 366 2752 II.

854 2474 971 2519 primo
994 2473 1137 2519 quidem
1164 2477 1303 2519 Romae,
1329 2478 1420 2514 circa
1440 2489 1528 2516 tem-

855 2526 956 2571 plum
975 2526 1087 2560 Florae
1099 2553 1109 2570 ‚
1126 2527 1170 2562 de
1188 2542 1257 2575 qua
1278 2530 1340 2565 lib.
1356 2531 1402 2574 V,
1416 2535 1526 2581 epigr.

856 2591 951 2613 xx111
962 2604 972 2620 ‚
990 2584 1028 2622 43
1044 2588 1121 2614 tum
1134 2581 1171 2615 in
1183 2582 1312 2617 Sabino
1325 2584 1530 2622 Ficeliarum

857 2632 992 2678 oppido
1008 2660 1017 2675 ‚
1034 2634 1082 2668 sic
1097 2633 1193 2669 dicto
1214 2636 1260 2669 ob
1276 2638 1470 2673 ubertatem
1489 2641 1530 2675 fl-

1329 2725 1359 2770 9
