1978 3305
418 229 517 275 Goo

795 231 856 272 M.
880 231 1022 274 VAL.
1061 231 1106 272 M
1122 231 1450 275 ARTIALIS

626 320 810 378 Propter
835 326 877 361 te
902 315 1043 378 perit?
1066 317 1175 373 hoc,
1200 317 1409 373 Labulle,
1433 333 1585 362 verum
1613 319 1704 363 est?

626 390 722 431 Hoc
747 387 974 448 quisquam
1001 386 1134 444 ferat,
1160 397 1209 431 ut
1234 388 1313 432 tibi
1338 398 1515 432 tuorum

630 459 694 501 Sit
718 457 858 517 major
886 474 1094 502 numerus
1124 458 1445 519 togatulorum‚

628 528 866 572 Librorum
892 529 1001 573 mihi
1019 529 1081 582 ‘sit
1104 529 1249 573 minor
1269 528 1500 573 meorum?

631 599 827 659 Triginta
851 615 990 660 prope
1009 599 1100 659 jam
1126 599 1282 644 diebus
1308 617 1395 644 una
1419 609 1483 644 est

631 669 771 713 Nobis
799 671 958 731 pagina
986 671 1057 714 vix
1083 679 1259 731 peracta
1283 687 1292 714 :
1322 671 1381 715 sic
1408 669 1481 722 fit,

632 739 782 796 Quum
814 756 987 785 coenare
1015 740 1134 785 domi
1163 751 1292 802 poeta
1318 758 1409 785 non
1432 740 1539 785 vult.

422 859 481 892 det
513 867 629 905 poeta.
651 881 704 886 ——-
727 860 853 907 Carpit.
880 861 1032 896 Vellicat
1064 869 1099 895 et

421 911 666 958 reprehendit,
675 926 742 958 pro
752 926 850 947 more
859 913 1095 948 aemulantiurn

420 965 595 998 artificum
619 974 654 999 et
680 966 936 1008 invidentium3
968 966 1097 1000 invidis

421 1026 538 1052 autem
562 1018 769 1065 displicere,
791 1020 966 1054 felicitatis
991 1032 1097 1065 argu-

420 1080 540 1105 mento
560 1081 621 1105 est.
643 1073 722 1105 Lib.
742 1074 808 1115 IV,
827 1073 938 1118 epigr.
957 1085 1099 1114 Lxxvu,

421 1133 454 1158 et
486 1125 546 1158 lib.
571 1126 644 1166 VI,
673 1125 783 1171 epigr.
805 1137 888 1167 LXI,
910 1138 959 1159 VS.
987 1129 1021 1165 4.
1044 1125 1101 1159 Sic

421 1177 568 1222 pulchra
589 1178 695 1212 nimis
720 1179 850 1212 mulier
872 1179 1013 1212 mulieri
1039 1191 1100 1224 pa-

422 1243 501 1263 rum
514 1231 639 1276 placet.
657 1232 830 1265 Caeterum
848 1232 942 1266 hunc
962 1244 1100 1266 sensum

420 1283 539 1329 culpat
552 1282 769 1319 Gronovius.

1213 873 1246 905 9.
1266 862 1342 895 Hoc
1361 874 1470 894 ‘verum
1485 865 1557 894 est?
1573 862 1627 894 An
1646 860 1815 895 credibile
1827 887 1835 902 ‚

1158 927 1202 948 an
1220 927 1360 960 aequum
1380 914 1458 948 est?
1474 914 1531 948 Sic
1552 914 1742 948 Horatius:
1759 916 1834 947 «An

1157 966 1405 1013 quodcumque
1416 968 1497 1001 facit
1507 968 1680 1001 Maecenas
1688 993 1697 1009 ‚
1709 976 1742 1000 te
1753 980 1836 1013 quo-

1159 1032 1227 1066 que
1245 1032 1369 1053 verum
1386 1029 1437 1053 est
1448 1046 1457 1062 ,
1474 1020 1590 1053 Tanto
1609 1019 1813 1054 dissimilem
1827 1047 1836 1061 ‚

1160 1081 1194 1106 et
1215 1081 1333 1114 tanto,
1353 1081 1416 1107 etc.
1436 1090 1449 1102 »

1220 1139 1272 1160 10.
1296 1126 1371 1159 Tibi
1386 1134 1507 1159 tuorum
1520 1154 1528 1166 ‚
1549 1134 1613 1159 etc.
1638 1126 1698 1159 Me
1717 1124 1838 1159 addito

1161 1179 1293 1213 caeteris
1314 1179 1382 1212 tuis
1395 1178 1594 1213 clientibus.

1221 1236 1278 1273 14.
1297 1232 1351 1266 Sic
1363 1231 1419 1277 fit.
1440 1233 1490 1265 Ut
1518 1231 1739 1278 negligantur
1767 1239 1837 1264 stu-

1164 1285 1241 1327 dia,
1261 1284 1346 1319 dum
1364 1294 1477 1319 tecum
1502 1297 1639 1319 coenare
1660 1284 1777 1330 cupio.

1032 1422 1233 1479 XXV.

989 1580 1042 1608 IN
1084 1580 1276 1610 LINUM.

492 1700 604 1742 ILLA
633 1698 750 1742 salax
781 1699 991 1755 nimium,
1017 1715 1097 1743 nec
1128 1701 1279 1761 paucis
1310 1710 1415 1745 nota
1446 1700 1623 1761 puellis,

561 1771 686 1813 Stare
714 1770 826 1813 Lino
852 1769 963 1814 desit
988 1769 1183 1814 mentula
1207 1788 1216 1813 z
1245 1770 1413 1832 lingua,
1442 1787 1561 1816 cave.

481 1910 489 1929 ι
503 1923 509 1930 .
525 1898 640 1936 baluz,-
653 1896 688 1930 id
705 1905 756 1930 est
771 1897 910 1939 lasciva,
925 1898 1099 1944 pruriens.

421 1950 585 1983 Horatius
603 1949 664 1984 lib.
683 1952 698 1983 Ι
712 1977 720 1993 ,
744 1959 807 1984 ‚sat
831 1963 860 1983 11
876 1964 883 1984 :
907 1968 921 1980 α
937 1951 1101 1984 caudam-

420 2015 490 2048 que
502 2003 684 2036 salacem.»
704 2004 840 2048 Nempe
853 2002 1027 2037 creditum
1041 2017 1101 2037 an·

421 2056 526 2101 tiquis
545 2057 613 2090 sale
635 2056 776 2092 excitari
797 2057 995 2091 libidinem.
1015 2058 1100 2091 Cre-

1161 1897 1315 1932 diderim
1346 1907 1461 1933 tamen
1490 1898 1655 1932 libentius
1684 1901 1719 1932 τὸ
1749 1900 1839 1931 salas

1161 1965 1234 1986 esse
1249 1964 1267 1985 a
1284 1952 1390 1986 salire.
1407 1953 1476 1985 En.

1218 2017 1250 2038 2.
1282 2007 1408 2051 Lingua
1427 2034 1434 2045 ,
1457 2019 1541 2039 cas-e.
1559 2004 1635 2038 Lib
1670 2005 1685 2037 I
1702 2031 1711 2046 ,
1731 2004 1840 2050 epigr.

1163 2070 1302 2091 Lxxvul
1317 2084 1326 2100 ‚
1349 2060 1389 2100 6,
1412 2066 1446 2091 et
1464 2058 1535 2092 hoc
1558 2057 1617 2091 lib.
1644 2069 1700 2090 mu
1721 2057 1820 2091 infra.

1014 2194 1251 2250 XXVL

725 2351 792 2378 Ar.»
830 2348 1231 2379 TELESPHORUM
1274 2350 1513 2380 euenum.
1530 2332 1544 2348 *

493 2467 533 2500 ⁴)
561 2462 665 2505 milii
691 2474 815 2523 grata
840 2463 988 2522 quies,
1015 2480 1041 2505 o
1068 2461 1252 2516 blanda,
1274 2460 1566 2523 Telesphore,
1596 2479 1696 2506 cura
1715 2498 1723 2510 ,

564 2534 718 2589 Qualis
750 2534 792 2577 in
825 2532 1027 2593 amplexu
1061 2550 1146 2577 nou
1183 2533 1263 2577 suit.
1292 2543 1392 2577 ante
1420 2530 1540 2577 nicol

478 2658 491 2671 ³
515 2662 676 2706 Thi-lusda.
701 2661 778 2695 cdd,
803 2663 899 2695 Junt.
922 2670 953 2695 ct
975 2662 1120 2695 Famam.

1225 2675 1250 2695 ι.
1276 2663 1496 2695 lfflumlasma.
1516 2664 1547 2693 0
1566 2675 1676 2700 atuor,
1689 2660 1839 2694 delicia·-
