1978 3305
408 216 508 277 670

511 304 644 339 XXXI.

494 357 645 391 XXXII.

474 410 644 443 XXXIII.

474 462 643 496 XXXIV.

492 515 643 549 XXXV.

473 567 642 601 XXXVI.

455 620 642 653 XXXVII.

435 673 642 707 XXXVIII.

476 726 642 760 XXXIX.

567 779 642 813 XL.

546 831 642 865 XLI.

528 884 641 918 XLII.

507 936 641 971 XLIII.

510 990 638 1023 XLIV.

527 1042 638 1075 XLV.

510 1095 638 1129 XLVI.

490 1147 638 1182 XLVII.

473 1201 638 1234 XLVIII.

509 1253 639 1288 XLIX.

595 1307 637 1339 L.

579 1360 639 1393 LI.

561 1412 637 1446 LII.

541 1465 639 1499 LIII.

542 1519 638 1552 LIV.

561 1573 639 1605 LV.

542 1625 637 1659 LVI.

523 1678 639 1712 LVII.

505 1731 638 1765 LVIII.

543 1784 637 1818 LIX.

562 1838 637 1871 LX.

544 1891 638 1924 LXI.

526 1943 637 1977 LXII.

508 1997 638 2030 LXIII.

506 2050 638 2083 LXIV.

526 2103 638 2136 LXV.

508 2156 638 2189 LXVI.

491 2208 638 2242 LXVII.

474 2261 639 2298 LXVIII.

511 2315 640 2348 LXIX.

530 2368 640 2402 LXX.

512 2421 640 2454 LXXI.

494 2474 640 2507 LXXII.

476 2527 641 2560 LXXIII.

476 2580 537 2612 LX
544 2580 627 2613 XIV
634 2607 641 2613 .

495 2633 556 2665 Lx
566 2634 589 2666 X
596 2633 639 2664 V.

478 2687 536 2720 LX
544 2687 638 2719 XVI.

968 215 1252 272 TABULA.

672 302 725 336 Ad
743 303 913 348 Regulum
949 326 1585 337 .................
1624 302 1702 349 Pag.
1735 305 1805 338 225

670 355 726 389 Ad
747 355 903 389 Atticum
952 377 1705 390 ....................
1737 361 1807 390 226

670 409 713 440 In
736 407 885 441 Cinnam
914 433 1704 444 .....................
1734 412 1805 444 228

669 459 724 493 Ad
743 460 907 494 Severum
919 486 928 502 ‚
948 460 992 494 de
1010 456 1166 496 Charino
1181 485 1699 495 ..............
1729 463 1801 496 228

669 512 723 546 Ad
744 514 927 547 Lecaniam
948 538 1704 548 ....................
1735 527 1805 558 229

669 565 726 598 Ad
748 565 888 599 Stellam
911 591 1704 601 .....................
1736 567 1807 600 230

669 617 724 651 Ad
746 619 960 661 Castricum‚
979 618 1023 653 de
1040 620 1134 654 theta
1181 643 1702 654 ..............
1735 620 1803 653 231

667 670 724 705 Ad
745 672 1002 718 Polyphemum
1030 697 1703 707 ..................
1735 671 1804 705 232

668 725 720 757 De
738 724 846 758 Caelio
870 749 1704 760 ......................
1734 724 1804 758 233

667 777 898 824 Epitaphium
915 777 1022 824 patris
1038 777 1176 812 Etrusci
1221 799 1700 811 .............
1731 776 1803 811 233

667 829 721 863 Ad
740 829 986 876 Sempronium
1001 831 1154 865 Tuccam
1179 855 1700 864 ..............
1732 829 1802 863 235

667 882 723 916 Ad
744 883 937 917 Castricum
980 906 1700 917 ...................
1732 883 1802 916 235

665 935 708 968 In
727 935 876 969 Cinnam
905 959 1697 969 .....................
1730 935 1802 968 236

666 989 718 1022 De
736 988 887 1034 imagine
908 988 1051 1021 Maximi
1071 987 1220 1021 Caesonii
1233 1013 1242 1029 ,
1260 985 1304 1020 ad
1323 987 1367 1029 Q.
1386 986 1555 1020 Ovidium
1572 1013 1579 1021 .
1610 1013 1619 1020 .
1650 1013 1657 1019 .
1687 1012 1696 1020 .
1729 987 1801 1021 236

665 1041 716 1074 De
737 1040 857 1074 eadem
900 1064 1696 1075 .....................
1731 1039 1800 1084 ²37

663 1092 719 1126 Ad
740 1093 898 1127 Priscum
908 1117 1698 1128 .....................
1731 1091 1802 1126 238

663 1145 718 1179 Ad
735 1146 911 1180 Licinium
927 1145 1051 1180 Suram
1098 1170 1700 1179 ................
1734 1145 1801 1189 239

663 1198 720 1232 Ad
740 1199 895 1232 Annium
941 1222 1698 1233 ....................
1730 1202 1799 1238 241

663 1250 720 1285 Ad
739 1252 905 1286 Severum
943 1275 1697 1287 ....................
1730 1255 1799 1291 242

664 1303 718 1338 Ad
735 1304 867 1338 fontem
883 1302 1067 1339 Ianthidos
1099 1328 1696 1338 ................
1729 1309 1799 1344 242

663 1357 717 1391 Ad
738 1357 914 1391 Urbicum
936 1380 1698 1392 ....................
1730 1356 1801 1396 243

662 1410 717 1444 Ad
738 1411 888 1444 Auctum
902 1433 1697 1446 .....................
1730 1412 1801 1449 244

663 1464 704 1497 In
724 1463 901 1498 Umbrum
916 1485 1700 1497 .....................
1731 1461 1801 1500 245

662 1517 704 1549 In
726 1516 954 1550 Nasidienum
984 1539 1698 1550 ...................
1730 1516 1802 1553 246

662 1570 704 1603 In
723 1569 909 1604 chrestum
940 1592 1698 1604 ....................
1731 1570 1800 1612 247

662 1621 717 1656 Ad
730 1622 910 1656 Rabirium
943 1644 1696 1656 ....................
1729 1632 1746 1652 2
1755 1620 1801 1659 48

663 1676 715 1709 De
733 1675 868 1710 Achilla
904 1697 1697 1709 .....................
1730 1676 1800 1716 249

662 1728 718 1762 Ad
739 1728 874 1762 Gallam
904 1750 1696 1769 .....................
1729 1728 1800 1770 ²49

663 1783 715 1815 De
734 1782 923 1815 Caeciliano
948 1803 1701 1815 ....................
1733 1778 1802 1811 250

663 1833 719 1867 Ad
741 1834 864 1868 Jovem
886 1833 1126 1880 Capitolinum
1169 1856 1696 1867 ..............
1729 1830 1801 1864 250

663 1886 719 1920 Ad
741 1887 909 1921 Caesarem
929 1887 1179 1922 Germanicum
1215 1908 1697 1919 .............
1729 1884 1797 1917 251

663 1941 705 1974 In
727 1940 894 1974 Amillum
911 1961 1698 1974 .....................
1731 1935 1798 1970 252

663 1995 715 2027 De
733 1993 819 2026 Silio
840 1994 961 2027 Italico
981 2015 1695 2027 ...................
1729 1989 1800 2023 253

663 2048 705 2080 In
730 2047 941 2081 Cinnamum
975 2067 1693 2080 ...................
1728 2042 1798 2076 255

664 2101 705 2133 In
724 2100 966 2146 Gargilianum
983 2121 1695 2137 ...................
1729 2095 1799 2128 256

663 2153 1509 2187 DeLabieno................·
1535 2173 1699 2183 .....
1731 2149 1800 2182 256

663 2207 705 2239 In
728 2206 909 2240 Philaenim
942 2227 1695 2239 ....................
1727 2200 1797 2245 257

666 2258 720 2293 Ad
742 2259 950 2293 Instantium
970 2259 1101 2292 Rufum
1141 2279 1696 2290 ...............
1729 2254 1799 2287 258

666 2314 717 2346 De
734 2313 932 2359 Theophila
951 2311 993 2345 ad
1012 2311 1160 2346 Canium
1176 2331 1696 2343 ..............
1728 2307 1798 2351 259

665 2366 706 2399 In
729 2366 911 2400 Philaenim
943 2385 1697 2399 ....................
1731 2361 1800 2392 260

666 2419 718 2453 De
740 2419 867 2452 familia
888 2419 1007 2452 Ficosa
1053 2437 1699 2451 ..................
1731 2415 1802 2446 260

666 2471 719 2505 Ad
742 2473 901 2506 Paullum
942 2491 1695 2505 ....................
1728 2467 1795 2498 261

667 2524 722 2558 Ad
744 2526 937 2559 Maximum
978 2545 1695 2557 ...................
1728 2517 1798 2550 263

666 2579 734 2611 Pro
758 2579 848 2613 Caro
870 2587 901 2612 et
925 2578 1087 2611 Norbana
1108 2584 1226 2609 votum
1260 2598 1700 2607 ............
1730 2569 1798 2603 263

666 2633 706 2665 In
726 2645 830 2665 anum
850 2631 1040 2664 deformem
1062 2651 1695 2663 .................
1729 2625 1797 2663 264

669 2684 719 2717 Ad
741 2685 983 2718 Philomusum
1021 2705 1655 2716 .................
1728 2678 1797 2709 265
