1978 3305
420 204 482 249 26

788 205 849 246 M.
871 205 1010 247 VAL.
1049 204 1442 246 MARTIALIS

487 293 604 335 Dum
632 300 674 334 te
702 307 828 351 posse
858 306 990 351 negas
1018 275 1098 333 nisi
1128 289 1241 343 lato,
1267 289 1434 345 Gellia,
1459 289 1584 333 clavo

556 360 733 405 Nubere
757 377 766 403 ε
798 361 1006 421 nupsisti,
1031 358 1194 414 Gellia,
1222 359 1422 403 cistifero.

471 476 505 509 3.
527 476 626 514 Lato,
652 474 778 514 Gellia,
800 474 898 506 clavo.
923 473 998 506 Hoc
1015 481 1087 514 est,

415 528 492 562 viro
512 527 676 561 senatorii
698 526 835 560 ordinis
848 552 857 567 ‚
887 527 984 571 cujus
1003 526 1087 559 insi-

416 593 482 626 gne
500 589 573 613 erat
585 581 672 612 latus
689 579 807 612 clavus
819 604 828 620 ,
842 591 946 624 quem
964 578 1011 612 sic
1027 578 1089 611 de-

418 633 539 666 scribit
557 631 706 665 Budaeus
726 631 762 664 in
786 631 953 665 Pandect.
973 631 1033 664 lib.
1048 632 1087 664 I:

421 703 434 715 «
450 687 502 718 Ex
520 684 622 718 dictis
641 693 803 729 apparet,
821 685 957 729 inquit,
978 685 1088 717 latum

415 739 553 772 clavum
593 736 752 770 tunicam
790 737 894 771 fuisse
931 750 1089 782 purpura

415 798 615 836 praetextam
626 816 635 831 ,
644 790 804 823 latiorem
813 790 931 823 tunica
944 790 1090 835 vulgari,

414 843 699 888 longioremque,
723 855 762 876 ac
782 841 985 877 discinctam
1000 869 1009 883 ,
1032 843 1089 877 cui

416 905 493 940 toga
514 909 618 942 super
639 894 873 937 induebatur,
891 904 929 929 ut
952 896 1088 929 tunicae.

416 949 603 982 Suetonius
627 949 662 982 in
684 950 771 994 Aug.
799 953 847 993 94
870 961 878 981 :
906 966 919 978 α
934 948 1090 982 Sumenti

415 1001 554 1034 virilem
574 1011 689 1047 togam
713 1002 832 1034 tunica
858 1002 918 1034 lati
942 1001 1029 1034 clavi
1049 1013 1091 1034 ex

417 1063 564 1100 utraque
590 1063 687 1100 parte
706 1063 820 1088 resuta
839 1053 882 1088 ad
904 1053 1011 1100 pedes
1030 1053 1091 1087 de-

417 1107 515 1141 cidit.
533 1126 545 1136 u
574 1129 627 1134 —
655 1108 766 1141 Clavo.
791 1107 908 1141 Variis
932 1107 1026 1140 enim
1049 1107 1091 1140 fi-

417 1161 531 1205 guris,
544 1173 613 1206 qua
626 1159 805 1201 rotundis,
820 1172 887 1205 qua
901 1159 1091 1206 quadratis,

417 1214 588 1246 Veterum
615 1214 752 1247 luxuria
777 1213 860 1246 lusit
880 1213 917 1246 in
939 1213 1092 1247 vestibus

424 1279 507 1299 auro
518 1279 719 1312 purpurave
733 1265 922 1300 illudendis
934 1278 941 1299 :
953 1278 1029 1311 quae
1042 1279 1092 1299 ro-

419 1318 536 1352 tundae
556 1329 654 1354 erant
677 1328 709 1352 et
730 1320 767 1353 in
789 1319 958 1352 circulum
978 1319 1092 1360 flexae,

414 1372 538 1416 plumas
568 1373 738 1406 vocabant
763 1372 903 1413 Latini,
929 1380 964 1405 et
989 1372 1091 1405 etiam

417 1426 540 1465 clavos,
571 1425 684 1460 Graeci
711 1425 801 1464 ἥλους
819 1450 828 1466 ,
857 1425 970 1470 capita
999 1425 1092 1458 enim

420 1478 597 1510 clavorum
625 1477 787 1512 rotunda.
807 1477 912 1511 Unde
934 1486 967 1511 et
992 1479 1091 1510 ἀσπι-

418 1527 547 1569 &emm
571 1531 688 1564 Graeci
711 1531 813 1564 etiam
831 1539 972 1572 vocant3
997 1529 1094 1563 dixe-

420 1592 503 1616 runt
528 1592 561 1616 et
582 1584 698 1617 oculos.
720 1584 812 1616 Hinc
835 1592 935 1616 vestes
951 1596 1092 1628 purpura

418 1637 541 1669 oculare
549 1635 643 1682 apud
652 1637 922 1670 Tertullianum.
935 1636 1093 1669 Plumatae

420 1702 500 1734 ergo
527 1697 649 1729 «vestes,
677 1699 711 1723 et
734 1690 935 1735 plumatiles‚
961 1697 995 1722 et
1015 1689 1091 1734 pln-

422 1750 506 1774 mata
526 1743 611 1788 Bab)
623 1744 743 1784 loma-a,
763 1755 841 1788 quae
859 1742 1017 1788 pluribus
1030 1755 1094 1775 no-

419 1795 461 1828 tis
476 1808 515 1828 ex
527 1808 611 1828 auro
624 1808 823 1842 purpurave
835 1822 844 1837 ‚
861 1808 922 1829 acu
942 1795 1095 1835 intextis,

419 1861 534 1893 sparsa
544 1857 643 1882 erant
658 1857 692 1882 et
703 1849 849 1882 variata:
864 1850 983 1894 σημεῖα.
999 1848 1096 1882 Grae-

420 1901 488 1941 cis,
508 1901 641 1935 Latinis
662 1911 745 1934 110!oe
761 1911 794 1935 et
811 1903 903 1945 signa
919 1928 928 1941 ‚
951 1901 1024 1934 haec
1042 1913 1097 1934 ve-

419 1954 526 1987 stium
544 1955 765 2000 ποικίλματα.;
785 1954 880 1987 unde
895 1955 1095 1999 χρυσόσημος

421 2007 526 2040 vestis
539 2032 547 2048 ‚
563 2016 596 2041 et
611 2009 849 2053 πορφυρόσημος
860 2034 868 2048 ,
884 2007 998 2041 aureis
1012 2019 1096 2052 pur-

422 2060 608 2106 pureisque
630 2061 723 2094 notis
746 2060 907 2106 insignita
923 2087 932 2102 ‚
956 2068 993 2093 ut
1012 2073 1097 2094 con-

422 2122 475 2146 tra
496 2114 639 2158 ἄσημος,
659 2127 738 2159 quae
757 2114 845 2146 nihil
869 2114 921 2146 vel
945 2113 1021 2146 auri
1042 2113 1096 2146 vel

422 2179 588 2211 purpurae
606 2167 780 2200 intextum
799 2167 953 2199 haberet.
977 2167 1099 2199 Plumae

422 2219 538 2264 itaque
555 2229 654 2252 erant
669 2229 760 2253 notae
776 2232 817 2253 ex
834 2232 919 2252 auro
940 2220 993 2252 vel
1012 2232 1094 2263 pur-

423 2284 507 2316 pura
529 2272 690 2305 rotundae
704 2298 714 2313 .,
735 2280 770 2306 et
793 2274 829 2305 in
849 2272 996 2306 modum
1018 2272 1096 2316 plu-

422 2337 556 2357 marum
575 2325 690 2365 factae,
712 2326 839 2371 quibus
861 2334 971 2358 vestes
988 2325 1095 2358 inter-

423 2377 628 2410 texebantur
674 2391 713 2411 ac
758 2379 996 2412 variabantur.
1041 2378 1096 2411 sic

421 2431 544 2461 clau-um
567 2432 657 2462 vestis
679 2430 880 2467 dicebatur,
901 2444 978 2476 quae
996 2432 1096 2464 unius

423 2483 542 2515 fornum
564 2483 676 2515 clavos
692 2509 700 2523 ,
728 2496 849 2516 aurcos
875 2493 933 2517 aut
962 2497 1090 2530 purpu—

425 2549 501 2568 reos
516 2561 524 2576 ‚
542 2536 613 2569 suis
637 2536 721 2569 locis
744 2537 891 2569 insertos
909 2546 941 2570 et
962 2537 1096 2570 insutos

424 2588 565 2621 liaberet
582 2600 589 2620 .·
607 2591 695 2633 picta
709 2616 717 2629 ,
739 2602 816 2634 quae
837 2588 982 2622 diversis
1001 2591 1094 2623 colo-

424 2641 521 2674 ribus
539 2642 665 2675 intexta
679 2651 766 2675 esset
779 2669 787 2684 ,
801 2655 838 2675 ac
855 2643 964 2675 varias
980 2655 1095 2675 rerum

424 2694 694 2740 animaliumque
708 2697 753 2729 sm
765 2708 833 2728 mas
848 2708 908 2728 acu
922 2708 1097 2740 expressas

1149 472 1360 507 ostenderet.
1395 473 1487 506 Clavi
1514 485 1597 507 vero
1626 482 1695 507 tam
1727 474 1823 507 aurei

1148 538 1254 572 quam
1264 526 1458 572 purpurei,
1472 526 1654 572 particulae
1672 534 1770 560 erant
1784 539 1825 560 ex

1149 591 1235 612 auro
1256 579 1312 612 vel
1328 591 1505 624 purpura,
1529 591 1624 612 nunc
1641 578 1822 618 rotundae,

1150 644 1244 665 nunc
1265 630 1444 678 quadratae
1455 657 1464 672 ‚
1483 644 1560 677 quae
1574 640 1741 677 tanquam
1757 644 1826 665 em-

1149 685 1300 718 blemata
1325 683 1485 730 quaedam
1514 684 1667 718 vestibus
1693 684 1826 718 insere-

1149 738 1278 771 bantur
1319 745 1421 783 atque
1455 737 1686 771 insuebantur
1701 761 1710 776 ,
1750 749 1828 782 quae

1150 790 1254 823 etiam
1276 803 1293 823 a
1313 798 1407 823 veste
1425 798 1586 835 poterant
1605 789 1777 836 separari,
1793 799 1829 823 et

1151 842 1234 876 inde
1273 843 1400 883 eximi,
1432 850 1470 875 ut
1498 843 1534 876 in
1566 843 1669 876 aliam
1697 849 1827 876 vestem

1152 896 1424 929 transferrentur
1435 921 1444 936 ,
1461 903 1495 928 et
1511 894 1555 929 de
1573 908 1666 929 novo
1685 906 1829 928 consue-

1153 957 1287 982 rentur.
1320 949 1470 981 Tunicam
1498 948 1615 994 itaque
1638 948 1828 980 laticlaviam

1152 1009 1211 1034 aut
1242 1001 1504 1045 angusticlaviam
1534 1013 1718 1041 vocamus,
1749 1012 1829 1045 quae

1153 1054 1313 1099 pluribus
1324 1053 1401 1086 latis
1415 1053 1519 1086 clavis
1534 1053 1732 1098 angustisve
1745 1061 1831 1086 esset

1153 1106 1325 1152 insignita.
1343 1106 1520 1147 Qualitate
1542 1106 1629 1139 clavi
1648 1105 1828 1139 discerne-

1154 1160 1281 1192 bantur
1307 1160 1440 1205 equites
1466 1172 1484 1191 a
1505 1160 1734 1192 senatoribus.
1756 1159 1830 1192 Tu-

1153 1212 1266 1246 nicam
1302 1212 1358 1246 isti
1386 1212 1579 1249 habebant,
1611 1213 1667 1245 cui
1694 1212 1829 1245 consuti

1153 1274 1251 1299 erant
1270 1264 1374 1298 multi
1386 1265 1524 1298 latiores
1540 1265 1628 1298 clavi
1645 1280 1653 1304 ;
1672 1265 1830 1310 equitum

1153 1331 1238 1351 vero
1262 1319 1379 1351 tunica
1399 1319 1514 1351 clavos
1541 1318 1756 1363 angustiores
1775 1317 1830 1350 in·

1154 1379 1248 1405 sutos
1275 1371 1423 1405 habebat
1445 1379 1452 1400 ἰ
1478 1371 1561 1404 hinc
1586 1371 1645 1405 illa
1671 1371 1831 1403 laticlavia

1155 1423 1336 1458 dicebatur
1351 1451 1360 1465 ‚
1388 1424 1457 1457 hoc
1485 1433 1534 1456 est
1551 1449 1560 1465 ‚
1590 1424 1801 1468 πλατύσημος
1823 1436 1832 1442 ·

1154 1478 1217 1510 ista
1238 1478 1466 1522 angusticlavia
1479 1502 1488 1518 ‚
1506 1477 1701 1522 στενόσημος
1719 1487 1726 1508 ῑ
1745 1476 1832 1520 4²2&-

1156 1544 1257 1575 σημον
1283 1531 1387 1563 etiam
1415 1538 1546 1563 veteres
1575 1529 1694 1575 glossae
1722 1529 1831 1562 inter-

1155 1591 1338 1628 pretantur
1351 1609 1359 1624 ,
1373 1583 1468 1628 quasi
1481 1594 1558 1627 quae
1577 1582 1681 1615 micas
1693 1589 1831 1615 tantum

1155 1648 1340 1681 purpurae,
1364 1648 1435 1668 non
1452 1635 1566 1668 clavos
1587 1635 1743 1668 haberet.
1763 1636 1831 1668 Ac-

1155 1687 1301 1722 cedebat
1315 1698 1350 1722 et
1362 1689 1418 1722 illa
1433 1687 1633 1721 differentia
1647 1713 1655 1729 ,
1672 1686 1768 1734 quod
1784 1699 1833 1721 se-

1155 1751 1308 1781 natores,
1332 1750 1366 1775 et
1391 1742 1517 1787 reliqui
1540 1753 1682 1782 omnes,
1701 1740 1831 1786 quibus

1155 1795 1215 1828 lati
1230 1795 1317 1828 clavi
1328 1796 1383 1840 jus
1400 1803 1490 1836 erat,
1506 1806 1578 1827 non
1588 1793 1832 1839 cingerentur,

1155 1847 1216 1881 sed
1237 1847 1442 1881 laticlaviam
1464 1847 1615 1880 tunicam
1633 1855 1761 1880 rectam
1775 1858 1834 1892 pe-

1156 1909 1252 1934 ctore
1262 1900 1507 1939 demitterent.
1524 1899 1678 1932 cinctura
1688 1899 1833 1932 minime

1155 1953 1310 1987 strictam
1327 1965 1335 1987 :
1355 1952 1437 1986 inde
1462 1952 1664 1998 accipienda
1681 1952 1739 1985 illa
1758 1951 1832 1985 Ho—

1156 2006 1235 2040 ratii
1253 2031 1262 2047 ,
1292 2024 1305 2036 u
1321 2007 1366 2039 Et
1390 2006 1497 2039 latum
1529 2004 1667 2039 demisit
1694 2013 1834 2051 pectore

1157 2060 1295 2093 clavum
1313 2077 1342 2092 ».
1360 2059 1507 2104 Equites
1527 2067 1640 2091 autem
1655 2070 1759 2103 super
1778 2066 1834 2091 tu·

1157 2113 1270 2145 nicam
1301 2112 1437 2157 angusti
1467 2112 1553 2144 clavi
1590 2111 1830 2156 cingebantur.

1158 2164 1241 2198 Vid.
1259 2165 1515 2206 Quintilianus,
1534 2164 1593 2196 lib.
1613 2165 1662 2197 XI
1675 2190 1684 2204 ‚
1700 2175 1774 2208 cap.
1799 2163 1832 2197 3.

1157 2219 1338 2252 Salmasius.
1370 2216 1469 2251 Idem
1495 2216 1538 2249 ad
1565 2216 1731 2264 Vopisci,
1754 2229 1832 2261 pag.

1158 2272 1227 2305 505
1247 2297 1255 2311 ‚
1293 2271 1376 2316 507,
1406 2269 1581 2303 existimat
1617 2271 1761 2314 πλοὺμια.
1797 2269 1834 2302 in

1157 2332 1248 2357 veste
1277 2336 1349 2357 esse
1379 2323 1492 2356 clavos
1524 2335 1646 2356 aureos
1675 2323 1834 2355 intextos.

1156 2377 1221 2411 Cui
1243 2389 1315 2410 non
1339 2376 1483 2409 omnino
1506 2376 1674 2409 assentior
1696 2387 1705 2408 ε
1725 2373 1833 2407 credo

1156 2430 1250 2464 enini
1278 2431 1422 2475 πλούμια
1447 2441 1519 2461 esse
1546 2441 1649 2462 omne
1675 2427 1711 2461 id
1738 2426 1833 2473 quod

1155 2483 1191 2516 in
1207 2482 1360 2516 vestibus
1379 2482 1549 2528 plumaria
1569 2490 1642 2514 arte
1660 2481 1833 2513 intextum

1156 2545 1245 2577 erat,
1263 2536 1336 2569 sive
1355 2543 1467 2568 essent
1488 2535 1611 2568 tabnlae
1623 2560 1632 2575 ,
1653 2534 1723 2567 sixe
1740 2533 1835 2566 orbi-

1157 2590 1227 2622 culi
1248 2589 1300 2622 vel
1326 2598 1422 2621 rotae.

1212 2647 1243 2682 4.
1279 2642 1494 2674 Pulmannus
1528 2640 1623 2672 malit
1663 2638 1831 2672 Celtibero.

1159 2693 1390 2728 Boves-{andus
1408 2693 1547 2737 conjicit
1564 2694 1739 2735 ‹ursuli-ra,
1759 2691 1783 2724 i.
1803 2703 1832 2724 c.
