1978 3305
384 213 899 257 EPIGRAMMATU
917 214 964 256 M
1003 214 1128 257 LIB.
1171 216 1223 256 X.

1408 211 1495 258 551

172 301 357 345 Inferius
386 299 598 361 numquid
627 300 766 361 potuit
794 299 1082 344 descendere?
1111 300 1222 344 fecit.

244 372 332 414 Dat
357 371 512 432 gratis,
545 369 658 414 ultro
686 370 758 414 dat
791 370 893 414 inihi
928 369 1080 414 Galla:
1100 387 1224 431 nego.

161 529 172 549 1
185 521 216 557 4.
232 517 302 549 Dat
315 519 431 561 gratis,
451 525 514 549 etc.
532 514 685 549 Subaudi
696 542 705 556 ,
725 516 777 548 sui
837 516 930 549 hisce
943 516 1083 561 quidem
1097 517 1314 562 temporibus
1327 517 1404 550 fuit.
1422 516 1501 550 Vid-

102 568 256 615 copiam:
288 581 364 614 quae
394 569 525 603 locutio
561 568 778 603 usitatissima
838 569 896 602 lib.
916 569 969 609 ΙΙ,
988 569 1096 614 epigr.
1116 569 1267 602 1‚v1.ED.

643 707 957 763 LXXVI.

566 864 571 871 ⁴
628 882 688 908 DE
735 881 945 909 MAEvlo.

966 860 980 877 ,γ

273 1021 398 1074 Hoc,
422 1021 635 1072 Fortuna,
664 1018 738 1062 tibi
765 1018 935 1063 videtur
964 1019 1164 1079 aequuni?

273 1090 392 1133 Civis
417 1107 504 1133 non
534 1090 740 1150 Syriaeve,
769 1089 1029 1145 Parthiaeve,

274 1161 366 1204 Nec
391 1159 444 1204 de
470 1160 742 1221 Cappadocis
764 1177 894 1221 eques
925 1161 1119 1214 catastis,

273 1230 353 1274 Sed
383 1230 437 1274 de
466 1230 591 1291 plebe
622 1232 748 1274 Remi
767 1267 778 1282 ,
808 1233 1045 1291 Num-deque
1076 1247 1230 1278 verna,

271 1301 522 1356 jucundus,
549 1301 734 1362 probus,
760 1304 989 1355 innocens,
1020 1302 1204 1355 amicus,

272 1372 442 1432 Lingua
466 1372 621 1416 doctus
652 1382 859 1432 utraque,
888 1373 1010 1431 cujus
1042 1389 1174 1416 unuin
1204 1381 1291 1421 est,

271 1441 356 1486 Sed
384 1458 590 1503 magnum
617 1443 766 1487 vitium
784 1478 794 1497 ,

827 1443 943 1502 quod
972 1453 1036 1486 est
1062 1452 1213 1503 poeta,

272 1511 395 1556 Pullo
425 1514 609 1557 Maevius
634 1513 749 1574 alget
774 1515 816 1557 in
845 1513 1016 1558 cucullo
1039 1531 1045 1555 :

273 1586 419 1628 Cocco
447 1583 581 1628 mulio
613 1583 748 1645 fulget
775 1586 996 1628 Incitatus.

152 1734 165 1747 '¹
183 1735 354 1777 Queritur
378 1744 498 1781 poetas
528 1736 673 1781 negligi,
694 1748 769 1768 mu-

98 1788 209 1822 liones
228 1788 434 1833 locupletari
455 1800 462 1821 :
486 1797 576 1821 artes
592 1789 686 1822 enim
705 1801 768 1821 no-

98 1840 183 1874 biles
209 1841 371 1887 jacebant
387 1854 397 1883 ;
433 1842 518 1874 viles
553 1842 768 1875 colebantur.

98 1894 152 1927 Cf.
175 1894 355 1927 Iuvenalis
377 1902 437 1928 sat.
458 1907 511 1927 vn
532 1921 541 1935 ,
563 1907 629 1940 qua
649 1907 769 1927 eorum

99 1955 226 1980 sortem
238 1946 343 1980 deflet
357 1947 415 1993 qui
429 1947 546 1981 literas
560 1949 692 1981 colunt.
702 1948 768 1981 En.

154 2014 185 2032 a.
208 1999 293 2033 Civis
309 2013 370 2033 non
386 2000 501 2045 Srrioe.
522 2001 598 2034 Hoc
613 2009 681 2042 est,
699 2013 769 2033 non

98 2065 136 2086 ex
155 2052 244 2098 Syro
257 2061 316 2086 aut
330 2053 459 2086 Partho
476 2053 587 2087 factus
601 2054 686 2087 civis
700 2055 769 2087 Ro-

98 2118 240 2147 manus,
263 2118 326 2139 nec
353 2118 392 2139 ex
417 2119 517 2139 servo
541 2106 771 2153 Cappadociae

99 2160 208 2193 factus
223 2171 330 2204 eques
353 2171 360 2191 τ
381 2158 426 2193 de
443 2168 569 2193 catasta
581 2186 589 2201 ,
611 2160 770 2193 machina

100 2223 226 2257 nempe
247 2212 306 2244 ubi
329 2220 587 2258 exponerentur
606 2214 692 2247 servi
712 2224 770 2245 ve-

99 2265 212 2304 nales,
231 2263 365 2297 dictum
384 2265 444 2298 lib.
468 2266 539 2307 lX,
558 2278 612 2311 ep.
637 2279 688 2299 Lx.

154 2321 187 2357 4.
215 2318 314 2350 Tenui
336 2330 401 2362 pro
423 2318 513 2350 Remi
536 2319 670 2352 Beverl.
695 2318 768 2352 MS.

99 2391 149 2397 -—
164 2370 230 2403 Sed
240 2370 279 2403 do
291 2370 392 2415 plebe.
408 2370 478 2404 Sed
492 2371 637 2405 Maevius
653 2379 752 2416 poeta
763 2397 771 2411 ‚

99 2423 187 2457 liber
201 2431 236 2457 et
250 2424 427 2456 Romanus
446 2438 452 2455 2
469 2436 573 2457 verna
592 2424 683 2458 enim
699 2436 770 2457 nou

100 2477 155 2509 hic
175 2476 323 2510 sumitur
339 2489 402 2521 pro
421 2489 520 2510 servo
534 2503 542 2516 ‚
561 2476 622 2511 sed
642 2490 705 2523 pro
729 2489 770 2510 eo

99 2529 156 2574 qui
174 2531 292 2563 Romae
306 2539 405 2563 natus
419 2538 480 2564 est.

155 2585 187 2615 5.
212 2584 362 2627 Utraque.
387 2584 504 2617 Graeca
529 2592 561 2616 et
583 2583 715 2617 Latina.

154 2636 186 2668 8.
204 2636 340 2671 Naevius.
357 2636 437 2670 Bev.
450 2659 500 2663 ---
512 2637 606 2670 Pullo
628 2636 771 2677 Mrcve'm,

831 1744 893 1768 etc.
905 1735 1053 1777 Querela
1062 1735 1135 1768 haec
1147 1743 1180 1768 et
1188 1734 1382 1780 indignatio
1392 1735 1501 1780 ipsius

829 1788 995 1821 Martialis
1019 1787 1180 1828 videtur,
1206 1786 1263 1821 sed
1290 1801 1352 1833 per
1378 1787 1498 1822 mode-

830 1842 929 1875 stiam
953 1841 1018 1874 sibi
1040 1840 1198 1875 adsciscit
1219 1853 1344 1874 nomen
1365 1841 1480 1874 Maevii
1493 1867 1503 1882 ,

830 1894 911 1927 mali
925 1894 1054 1928 scilicet
1069 1895 1338 1940 poetae.-—Non
1351 1894 1418 1927 hoc
1428 1907 1501 1928 cre-

830 1946 876 1980 do
895 1959 902 1980 :
918 1947 1035 1981 Maevii
1064 1947 1174 1981 vicem
1200 1946 1295 1980 dolet
1318 1955 1417 1992 poeta
1431 1974 1439 1988 ‚
1468 1956 1501 1980 et

830 2009 1011 2046 poetarum
1042 2000 1221 2040 omnium,
1249 2008 1283 2033 et
1315 2011 1436 2040 suam;
1467 2009 1501 2033 at

829 2066 899 2087 non
919 2066 1013 2086 suani
1036 2055 1100 2086 sub
1119 2065 1265 2100 persona
1287 2053 1415 2085 Maevii.
1432 2053 1499 2086 Et).

829 2127 880 2133 -—
901 2107 1006 2139 Pullo.
1031 2107 1151 2140 Pullus
1181 2106 1276 2139 color
1304 2117 1500 2151 pauperum

831 2159 995 2205 proprius
1011 2159 1086 2192 fuit.
1105 2159 1252 2192 cucullus
1264 2186 1271 2198 ,
1287 2170 1357 2204 quo
1373 2159 1501 2203 tegitur

831 2220 945 2257 caput.
965 2211 1081 2245 Hodie·r
1103 2224 1177 2256 cape
1198 2211 1302 2256 vulgo
1323 2220 1459 2245 vocant.

884 2278 917 2309 9.
946 2264 1063 2298 Croceo
1088 2278 1154 2310 pro
1185 2264 1285 2297 Cocco
1309 2271 1343 2298 et
1369 2268 1502 2297 vic-tatas

829 2329 895 2362 pro
916 2319 1068 2351 Incitatus
1087 2318 1121 2350 in
1142 2318 1277 2352 Beverl.
1290 2316 1367 2351 cod.
1384 2317 1504 2362 legun-

831 2379 899 2404 tur.
914 2371 1042 2404 Incitali
1051 2370 1191 2415 conjicit
1201 2370 1503 2404 semem—Cocco

832 2424 937 2461 mulio,
956 2433 1020 2457 etc.
1039 2424 1241 2470 Purpureus
1254 2422 1412 2469 splendet
1426 2435 1502 2469 aga-

832 2491 887 2517 so,
913 2476 957 2510 ad
985 2489 1161 2510 summum
1192 2477 1299 2509 mulio
1323 2477 1503 2511 Incitatus.

832 2530 944 2570 Quem
954 2539 1065 2564 tamen
1076 2539 1240 2575 tanquam
1248 2531 1400 2575 aurigam
1409 2530 1507 2564 Scor-

831 2596 876 2628 po
896 2584 1093 2628 conjungit.
1113 2584 1173 2616 lib.
1195 2583 1247 2623 Π,
1267 2596 1322 2628 ep.
1344 2595 1367 2616 1.
1390 2583 1507 2617 Potest

832 2636 931 2669 etiam
954 2637 1019 2681 legi
1033 2662 1040 2676 ‚
1061 2638 1160 2671 Coo-ro
1183 2637 1399 2677 muliofizlgret
1421 2637 1504 2669 ltu-i·-

1217 2706 1275 2751 555
1292 2700 1304 2726 '³
