1978 3305
411 219 1002 264 EPIGRAMMATUM
1039 220 1165 263 LIB.
1206 221 1258 262 V.

714 370 964 428 XXIX.

645 520 668 547 A
682 520 711 548 ι)
750 499 1042 548 GELLlAmx*

197 646 243 688 St
270 642 446 705 quando
470 643 664 704 leporem
691 643 825 686 mittis
851 643 984 696 mihi,
1007 641 1171 698 Gellia,
1195 642 1323 694 dieis,

268 717 501 758 Formosus
528 722 718 773 septem,
739 713 916 766 Marce,
945 712 1099 756 (liebus
1129 714 1225 756 eris.

196 785 237 828 Si
260 801 350 828 non
374 783 544 827 derides
561 818 570 834 ,
602 784 636 827 si
659 799 810 826 verum
826 818 837 836 ‚
862 782 938 826 lux
956 799 1057 839 ‚mea
1073 818 1084 838 ‚
1110 799 1283 835 narras,

265 854 405 898 Edisti
431 869 655 914 nunquam
670 889 682 909 ‚
704 852 866 907 Gellia,
887 863 935 896 tu
958 851 1167 914 leporem.

180 993 196 1006 ³
213 993 365 1039 Obliqua
380 993 469 1039 petit
479 992 629 1027 Gelliam
648 992 807 1037 maligni-

125 1055 212 1088 tate,
230 1055 266 1080 et
281 1047 417 1080 urbane
432 1046 548 1079 innuit
561 1045 802 1079 immedicabi-

124 1101 194 1134 lem
216 1101 290 1146 ejus
311 1098 582 1133 deformitatem.
602 1099 670 1131 En.

178 1175 231 1180 —
257 1154 298 1186 In
330 1153 399 1186 hoc
428 1153 677 1197 epigrammate
706 1150 803 1183 nulla

124 1214 177 1239 est
211 1206 375 1239 lectionis
407 1206 553 1238 varietas
567 1230 576 1245 ‚
610 1204 676 1237 nisi
706 1203 802 1248 quod

123 1259 223 1293 Junt.
243 1267 361 1292 nostra
377 1258 413 1291 in
433 1270 542 1302 marg.
561 1258 666 1291 habet
687 1269 736 1290 vs.
759 1261 779 1298 4
793 1283 803 1297 ,

127 1311 236 1346 Gellia
248 1338 258 1351 ‚
280 1319 344 1344 tute
357 1324 480 1356 parem.

178 1379 210 1398 2.
233 1364 405 1398 Formosus
421 1371 535 1409 septem
548 1391 557 1403 ,
577 1370 644 1397 etc.
661 1363 712 1395 Ex
728 1362 803 1408 opi-

124 1417 233 1451 nione
253 1418 376 1463 vulgi,
401 1418 458 1450 cui
485 1428 690 1462 persuasum
722 1416 801 1460 pul-

123 1470 228 1504 chros
254 1483 313 1504 eos
339 1470 377 1503 in
398 1469 473 1503 dies
499 1477 684 1515 sequentes
706 1469 802 1509 fore,

123 1523 184 1569 qui
219 1523 418 1569 leporinam
457 1521 610 1556 edissent
648 1534 799 1555 carnem.

124 1576 215 1609 Plin.
234 1577 298 1610 lib.
323 1577 505 1617 XXVIII,
527 1588 605 1621 cap.
631 1587 693 1619 79.
717 1575 801 1619 Ejus

123 1630 230 1663 verba
250 1641 258 1662 :
280 1647 294 1659 a
312 1628 461 1674 Sumpto
489 1629 524 1661 in
552 1628 640 1661 cibis
660 1629 798 1673 lepore,

122 1683 247 1728 vulgus
267 1682 412 1728 gratiam
441 1682 583 1726 corpori
609 1681 645 1714 in
669 1689 800 1726 septem

123 1735 198 1769 dies
207 1735 283 1768 fieri
297 1735 505 1775 arbitratur,
516 1734 642 1767 frivolo
656 1732 799 1779 quidem

121 1790 221 1833 joco,
240 1789 295 1821 cui
316 1797 431 1821 tamen
450 1787 564 1833 aliqua
581 1786 706 1820 debeat
721 1788 800 1820 sub-

123 1853 195 1875 esse
215 1853 316 1875 causa
329 1867 338 1885 ,
355 1841 391 1875 in
409 1849 504 1874 tanta
522 1840 744 1885 persuasione
760 1857 772 1868 r·
787 1853 797 1882 3

862 1003 1000 1025 causam
1027 992 1103 1037 ipse
1125 1004 1197 1025 non
1229 992 1342 1027 affert.
1374 994 1451 1026 Non
1479 994 1541 1027 ‹le-

860 1053 967 1085 sunt‚
998 1045 1114 1090 inquit
1146 1046 1335 1085 Erasmus,
1365 1047 1425 1092 qui
1453 1047 1541 1080 lianc

861 1098 958 1143 vulgi
973 1098 1178 1143 opinionem
1197 1098 1280 1132 inde
1296 1108 1407 1132 ortam
1428 1102 1540 1145 suspi—

859 1159 1003 1191 centur,
1030 1150 1127 1196 quod
1152 1151 1314 1185 homines
1350 1153 1467 1196 lepido»-
1505 1163 1538 1185 et

860 1204 1030 1237 sermonis
1057 1205 1189 1250 leporem
1222 1205 1329 1238 latine
1360 1205 1515 1240 dicamus
1532 1233 1539 1240 .

861 1265 964 1302 atque
994 1256 1082 1290 adeo
1109 1258 1209 1303 lepus
1239 1266 1272 1291 et
1299 1259 1400 1304 lepor
1422 1259 1539 1305 aliquo

859 1318 963 1354 pacto
982 1310 1075 1343 inter
1100 1323 1135 1344 se
1153 1311 1375 1345 conveniant.
1397 1313 1464 1346 En.
1487 1335 1539 1339 ——

859 1363 903 1396 Et
925 1362 1105 1407 Lamprid.
1127 1363 1163 1396 in
1184 1365 1281 1398 Alex.
1306 1365 1434 1398 Severo
1448 1392 1456 1405 ‚
1479 1378 1536 1398 cx-

858 1416 966 1461 plicat
985 1416 1063 1461 quis
1086 1417 1130 1449 sit
1154 1429 1237 1450 usus
1261 1418 1392 1463 leporis
1412 1419 1536 1451 mulie-

858 1469 967 1501 ribus.

915 1522 949 1555 3.
965 1522 1036 1554 Luae
1051 1535 1118 1554 mea
1133 1549 1140 1560 ‚
1157 1536 1281 1555 narras.
1298 1524 1432 1564 Amica,
1451 1523 1538 1557 deli-

859 1574 938 1616 ciae,
954 1575 1113 1608 suavium
1126 1588 1264 1618 meum,
1282 1577 1366 1621 φίλον
1381 1589 1441 1610 seu
1456 1579 1533 1622 ἱερὸν

859 1633 935 1672 φῶς.
956 1628 1059 1661 Hom.
1083 1629 1125 1661 Il.
1146 1629 1247 1670 XVI,
1271 1633 1418 1675 γλυκερὸν
1444 1632 1535 1674 :patag-

858 1681 1043 1726 Propertio
1059 1682 1232 1727 frequens.

913 1738 947 1774 4.
964 1734 1073 1767 Edisti
1091 1748 1248 1781 nunquam
1262 1762 1271 1776 ‚
1288 1743 1352 1769 etc.
1367 1737 1423 1769 Tu
1442 1737 1534 1769 enim

859 1799 1039 1832 nunquam
1068 1788 1218 1821 formosa
1249 1787 1407 1822 videris:
1436 1803 1533 1823 man-

861 1838 950 1873 duca
960 1840 1066 1885 igitur
1076 1842 1233 1886 leporem
1242 1854 1347 1887 quam
1360 1842 1534 1876 citissime.

728 1974 935 2032 XXX.

620 2125 684 2153 An
724 2106 1058 2153 VARRONEM*

191 2243 389 2297 VARRO,
415 2239 660 2302 Sophocleo
689 2256 779 2283 non
808 2240 1039 2285 inficiande
1065 2243 1305 2294 cothurno,

176 2376 190 2390 ⁴¹
208 2381 407 2413 Varronem
430 2379 684 2414 modestissime
712 2381 797 2414 hor·

123 2442 217 2467 tatur
250 2432 294 2466 ad
327 2433 515 2466 lectionem
547 2446 689 2466 suorum
723 2433 796 2479 epi-

121 2495 351 2532 grammatum
370 2486 407 2518 in
426 2486 679 2519 Saturnalibus.

179 2552 211 2573 1.
233 2540 352 2571 Varro.
379 2540 452 2572 Nec
470 2539 687 2584 Menippaeus
702 2565 710 2578 ‚
734 2552 795 2572 nec

122 2593 287 2626 Atacinus
317 2592 374 2626 hic
402 2593 538 2632 Varro;
572 2590 631 2625 sed
659 2593 796 2637 ignotus

123 2646 291 2690 posteris,
329 2653 431 2679 notus
462 2653 598 2678 tantum
633 2643 728 2679 domi
763 2654 797 2678 et

856 2381 925 2413 suis
938 2407 946 2421 ,
965 2381 1030 2414 nisi
1051 2381 1147 2427 quod
1165 2395 1182 2416 a
1202 2383 1362 2418 Martiale
1382 2386 1531 2421 illustra-

856 2441 929 2475 tus,
950 2434 1038 2467 vivit
1071 2434 1176 2469 hodie
1204 2437 1337 2476 aliena,
1372 2452 1444 2472 non
1472 2453 1532 2474 sua

856 2486 956 2519 Musa
972 2485 1160 2522 redivivus.
1175 2505 1227 2511 —
1238 2490 1421 2535 Sophocleo.
1439 2495 1531 2528 Laus

856 2540 1027 2573 Varronis
1041 2565 1051 2581 ‚
1072 2553 1178 2586 quem
1199 2545 1427 2578 excellentem
1445 2547 1532 2580 Tra-

855 2592 969 2636 gicum
999 2595 1171 2639 appellat;
1200 2609 1280 2630 nam
1305 2598 1467 2645 princeps
1494 2601 1529 2634 in

858 2659 898 2677 cn
920 2658 1046 2691 genere
1065 2647 1266 2693 Sophocles.
1285 2671 1336 2677 -—
1356 2652 1528 2686 comm-na.
