1978 3305
413 238 1003 283 EPIGRAMMATUM
1042 239 1166 280 LIB.
1206 238 1261 279 X.

1444 239 1534 296 49¹

345 329 642 388 Mirantesque
673 326 808 381 feras,
839 342 1051 386 avemque
1079 326 1215 386 regis,

344 399 537 459 Raptum
562 414 658 458 quae
681 397 855 457 Phryga
881 395 1057 457 pertulit
1081 395 1279 439 Tonanti.

344 467 438 512 Illic
460 483 596 529 parva
622 468 685 510 tui
705 467 860 511 domus
879 466 1064 510 Pedonis

345 537 508 582 Caelata
533 547 598 581 est
617 536 769 597 aquilae
792 538 960 580 minore
982 552 1137 596 penna.

346 607 431 651 Sed
462 624 516 651 ne
546 617 747 667 tempore
778 623 866 649 non
897 616 973 649 tuo
1003 605 1207 648 disertam

346 677 495 722 Pulses
517 677 639 721 ebria
655 677 859 736 januam,
878 675 1036 719 videto.

343 750 476 791 Totos
501 747 576 790 dat
600 747 762 791 tetricae
788 746 878 789 dies
900 746 1133 799 Minervae,

347 819 466 861 Dum
492 826 667 860 centum
696 816 841 860 studet
871 815 1047 859 auribus
1073 815 1265 858 virorum
1282 849 1291 862 ,

344 889 463 942 Hoc,
486 886 604 947 quod
625 885 781 930 saecula
803 887 1050 947 posterique
1071 886 1238 946 possint

350 958 522 1018 Arpinis
546 974 720 1018 quoque
746 973 1002 1018 comparare
1031 955 1207 999 chartis.

344 1029 469 1072 Seras
499 1029 634 1071 tutior
662 1028 743 1071 ibis
774 1027 829 1071 ad
860 1027 1058 1072 lucernas
1082 1043 1090 1069 :

350 1100 454 1141 Haec
482 1097 591 1142 hora
618 1108 682 1142 est
707 1107 804 1153 tua,
829 1115 962 1158 quum
992 1097 1096 1140 furit
1121 1098 1302 1156 Lyaeus‚

344 1170 496 1224 Quum
529 1177 683 1228 regnat
710 1184 834 1221 rosa,
860 1185 994 1228 quum
1026 1166 1205 1210 madent
1232 1164 1398 1227 capilli;

341 1239 466 1282 Tunc
490 1254 561 1282 me
583 1237 651 1281 vel
674 1238 799 1298 rigidi
823 1237 969 1299 legant
990 1239 1193 1282 Catones.

176 1361 209 1393 8.
218 1359 253 1393 A
256 1372 378 1406 venique
387 1359 651 1405 regisNidetur,
664 1360 710 1393 ait
721 1360 812 1393 Gro-

134 1411 259 1445 novius
273 1437 283 1453 ,
315 1412 491 1458 scripsisse
517 1413 687 1446 Martialis
712 1426 811 1445 avem-

134 1478 204 1510 que,
223 1467 292 1510 regi
305 1466 463 1511 Raptum,
489 1473 554 1499 etc.
569 1487 622 1492 --
641 1465 808 1499 Mirantes,

134 1517 227 1561 Lyra
253 1527 436 1551 canentem
457 1518 654 1564 Orpheum.
687 1518 810 1551 Horat.

133 1569 191 1603 od.
206 1571 262 1611 II,
275 1571 437 1611 x111‚33.
455 1570 572 1612 «Quid
587 1571 735 1611 mirum,
749 1571 811 1604 ubi

133 1622 201 1656 illis
232 1623 444 1657 carminibus
473 1632 616 1669 stupens
647 1623 810 1657 Demittit

133 1683 223 1708 atras
244 1676 360 1709 bellua
383 1676 555 1722 centiceps
577 1675 710 1709 Aures?
726 1694 738 1705 n
760 1695 811 1701 -ι

133 1729 304 1774 Αυειηᾳαε.
330 1729 494 1774 Aquilam
514 1742 592 1774 quae
608 1729 725 1774 rapuit
743 1729 812 1762 Ga-

133 1780 336 1827 nymedem,
346 1782 492 1827 Trojani
500 1795 559 1815 seu
570 1781 714 1826 Phrygii
723 1781 812 1827 regis

132 1832 347 1868 filium.Vid.
364 1835 464 1868 lib.V
476 1860 486 1875 ,
499 1847 556 1880 ep.
572 1847 626 1867 Lv.
638 1856 691 1860 ——-
702 1835 811 1879 Regin

133 1887 292 1920 Deorum
308 1898 436 1932 nempe
453 1895 488 1920 et
506 1887 602 1920 orbis
616 1887 784 1920 universi.

193 1951 250 1972 10.
270 1939 420 1973 Pedonis.
440 1940 576 1981 Poetae,
595 1939 640 1973 de
659 1952 730 1986 quo
749 1940 811 1973 lib.

134 1992 181 2032 V,
202 1993 311 2038 epigr.
331 2006 363 2027 v.
379 1993 498 2026 Alium
514 2002 629 2027 tamen
647 1992 813 2026 caussidi-

133 2057 213 2078 cum
221 2045 326 2078 fuisse
336 2054 470 2079 constat
479 2058 523 2079 ex
531 2047 659 2080 Juven.
672 2054 812 2087 sat.vn;

134 2110 237 2143 quem
256 2098 345 2132 forte
366 2098 538 2144 intelligit.
559 2099 681 2132 Malim
698 2107 812 2132 tamen

134 2149 177 2183 ad
198 2159 338 2196 poetam
353 2152 484 2185 referre
497 2177 506 2188 ,
519 2164 628 2198 quum
642 2151 734 2185 dicat
753 2154 811 2191 tui,

135 2202 201 2236 hoc
218 2212 291 2244 est,
310 2205 372 2249 qui
387 2213 421 2237 te
435 2205 520 2237 colit
532 2230 542 2244 ‚
555 2205 590 2238 in
604 2206 704 2250 cujus
722 2205 815 2238 scili-

134 2264 187 2288 cet
201 2255 326 2289 domus
341 2257 478 2302 fastigio
489 2258 604 2290 caelata
617 2265 689 2290 erat
699 2257 813 2303 aquila

135 2308 252 2341 minor
269 2321 376 2353 quam
393 2309 450 2342 illa
469 2322 547 2354 quae
570 2309 814 2356 Ganymedem

139 2361 267 2405 rapuit.

193 2425 205 2445 1
217 2426 248 2447 2.
272 2414 421 2459 Tempore
435 2427 496 2447 non
510 2423 575 2448 tuo.
593 2415 748 2460 Tempus
763 2415 810 2448 le-

133 2465 256 2512 gendis
269 2467 339 2499 suis
351 2467 508 2501 versibus
523 2467 735 2501 conveniens
751 2467 810 2501 de-

134 2518 229 2560 finit;
244 2518 314 2552 vid.
333 2532 427 2565 supr.
446 2520 507 2553 lib.
524 2521 709 2566 IV‚epigr.
728 2533 807 2553 vm.

193 2576 250 2611 ¹4·
270 2573 410 2606 Tetricae.
425 2573 533 2607 Vacat
546 2574 648 2606 rebus
664 2574 809 2606 forensi·

136 2624 221 2664 bus,
244 2638 260 2656 a
283 2625 409 2671 quibus
426 2626 494 2670 joci
516 2626 653 2660 absunt.

194 2690 206 2709 1
219 2679 251 2711 5.
265 2679 369 2710 Vacat
383 2677 485 2713 codd.
502 2679 615 2712 Puim.
629 2688 661 2713 et
679 2679 806 2712 Rem-sl.

870 1359 1058 1393 —Centum
1072 1359 1212 1391 auribus.
1230 1359 1282 1391 De
1297 1366 1441 1391 centum
1456 1358 1552 1391 viro-

869 1425 950 1445 rum
965 1410 1104 1457 judiciis
1121 1411 1264 1444 lih.V11
1277 1433 1287 1449 ‚
1309 1410 1419 1456 epigr.
1443 1423 1550 1444 Lxui.

928 1476 941 1498 1
952 1478 986 1509 7.
1001 1465 1135 1509 Arpinis
1150 1477 1283 1510 quoque,
1301 1471 1367 1496 etc.
1382 1463 1432 1496 M.
1443 1463 1552 1496 Tullii

870 1517 947 1551 Cic.
969 1517 1168 1562 Arpinatis,
1193 1529 1300 1562 quem
1325 1516 1393 1549 sibi
1410 1516 1552 1549 imitan-

870 1569 956 1603 dum
971 1570 1195 1617 proposuisse
1204 1569 1340 1602 Plinius
1353 1569 1555 1602 confitetur.

928 1636 984 1666 19.
1017 1624 1122 1666 Quum
1135 1649 1143 1662 ,
1180 1635 1244 1667 pro
1267 1635 1337 1667 quo
1367 1621 1440 1654 dum
1469 1621 1551 1655 edd.

871 1684 955 1709 vett.
976 1684 1009 1708 et
1029 1675 1155 1720 Delph.

927 1741 981 1761 20.
997 1729 1102 1771 Quum
1117 1736 1230 1772 regnat
1246 1741 1327 1760 rosa.
1337 1727 1437 1760 Rosis
1451 1739 1553 1760 coro-

870 1781 944 1814 nati
969 1788 1004 1814 et
1029 1780 1216 1826 unguentis
1240 1779 1418 1821 delibuti,
1446 1780 1551 1825 genio

874 1833 1104 1879 indulgebant
1123 1835 1290 1874 Veteres;
1308 1833 1391 1866 hinc
1418 1832 1553 1865 Horatii

873 1887 1054 1920 notissima
1073 1886 1146 1920 haec
1170 1886 1323 1920 carmina
1341 1899 1349 1919 :
1367 1885 1481 1918 «Huic
1501 1885 1552 1917 vi-

873 1952 916 1973 na
941 1947 976 1973 et
1000 1947 1178 1985 unguenta
1201 1947 1235 1972 et
1255 1939 1404 1972 nimium
1427 1939 1551 1971 breves

872 1993 991 2026 Flores
1016 2005 1160 2026 amoenae
1184 1993 1275 2025 ferre
1299 1992 1384 2037 jube
1403 2003 1489 2024 rosae
1505 2010 1517 2020 ··
1545 2005 1553 2030 ;

877 2063 890 2075 οι
913 2046 1110 2079 Coronatus
1145 2046 1297 2081 nitentes
1327 2044 1550 2077 Malobathro

873 2098 976 2144 Syrio
998 2099 1167 2143 capillos»
1187 2111 1196 2138 ;
1221 2116 1232 2127 ιι
1250 2098 1333 2130 Tibi
1360 2098 1440 2130 Non
1470 2105 1550 2130 aute

873 2164 972 2184 verso
989 2152 1066 2185 lene
1080 2163 1218 2184 merum
1236 2149 1323 2183 cado
1340 2151 1429 2183 Cum
1445 2149 1550 2188 flore,

871 2205 1062 2244 Maecenas,
1082 2217 1241 2238 rosarum
1254 2229 1263 2243 ‚
1280 2211 1313 2236 et
1333 2203 1454 2236 Pressa
1478 2202 1549 2234 tuis

872 2258 1016 2291 balanus
1027 2257 1177 2303 capillis,
1187 2266 1252 2290 etc.
1262 2274 1274 2284 ι»
1287 2257 1376 2289 Item
1390 2256 1475 2289 Juv.
1488 2263 1548 2288 sat.

873 2323 926 2349 tx,
948 2311 1017 2344 128
1037 2321 1045 2342 ε
1065 2325 1077 2336 «
1094 2311 1187 2342 Dum
1209 2317 1298 2342 serta
1312 2333 1322 2349 ‚
1342 2317 1519 2353 unguenta
1539 2331 1549 2345 ,

873 2362 1005 2408 puellas
1026 2362 1214 2396 Poscimus.
1234 2380 1247 2390 n
1266 2362 1356 2395 Ante
1374 2361 1439 2394 hos
1460 2362 1551 2393 Ana·

871 2427 975 2449 creon
987 2427 993 2447 2
1003 2408 1081 2460 Epa?
1093 2416 1181 2460 μέλει
1191 2417 1314 2459 μύροισι
1322 2413 1547 2459 Καταὲρέχειν

870 2468 990 2503 ὑπήνην
1008 2482 1014 2489 ·
1030 2461 1110 2512 Ἐμοὶ
1128 2469 1214 2512 μέλει
1233 2464 1354 2512 ῥόδοισι
1372 2467 1547 2500 Καταπέ-

871 2534 936 2564 φειν
955 2520 1104 2565 κ7.,;·ἡϊ(.ν.
1123 2520 1167 2553 Et
1187 2520 1234 2553 sic
1257 2520 1398 2553 centies.
1416 2520 1484 2553 En.

926 2585 984 2605 ππ.
1019 2574 1106 2606 Tum·
1131 2587 1176 2605 me
1201 2574 1272 2611 wel,
1298 2581 1362 2606 etc.
1387 2574 1545 2618 Namque

870 2626 933 2658 hac
954 2627 1040 2659 hora
1055 2652 1062 2664 ‚
1081 2627 1134 2658 vel
1155 2625 1258 2671 rigidi
1273 2628 1421 2660 Catones
1439 2624 1546 2670 tlepo-

870 2680 931 2712 sita
952 2679 1120 2724 gravitate
1143 2679 1255 2713 calent
1280 2691 1385 2712 mero.
