1978 3305
374 214 965 259 EPIGRAMMATUM
1003 215 1129 257 LIB.
1157 216 1241 258 VI.

1421 218 1505 271 νίιι

172 303 295 346 Acris
320 303 420 362 equi
441 301 610 346 soboles
634 317 794 362 magno
816 301 876 345 sic
896 298 1076 362 pulvere
1101 301 1284 362 gaudet3

241 373 312 419 Sic
333 371 494 416 vitulus
514 370 636 416 molli
658 370 804 432 praelia
827 371 971 416 fronte
995 373 1125 433 cupit.

173 444 257 499 Di,
282 452 450 487 servate
465 478 476 499 ‚
497 459 674 504 precor,
697 443 827 485 matri
850 458 927 486 sua
953 451 1053 486 vota
1069 477 1080 497 ‚
1102 443 1326 504 patrique3

243 513 405 557 Audiat
427 523 478 557 ut
499 523 652 557 natum
674 511 894 574 Regulus,
919 511 990 556 illa
1013 512 1134 557 duos.

173 631 394 707 Ripa-:5349
421 635 549 696 χαίρει
574 629 710 690 ςαδίῳ
733 635 848 695 γόνος
874 636 1000 677 ἵππου
1027 637 1142 691 ἐῆος,

243 709 298 756 Ες
322 723 367 749 τε
397 706 529 766 μάχην
553 708 675 766 ὀργᾷν
703 705 852 764 μόσχος
879 705 1009 764 ὅρουσ’
1037 703 1200 765 ἄκερως.

173 771 337 830 Παῖδα,
363 776 461 826 θεοὶ,
492 773 660 827 σώζοιτε
684 779 812 836 γονεῖ,
838 774 905 818 καὶ
931 775 1073 835 μητρί·
1099 777 1288 837 λέγοντος

242 846 387 907 Χαίροι
417 850 437 890 ὁ
464 847 534 907 μὲν
563 847 725 901 τέκνοι’,
752 850 775 894 ἡ
805 840 851 888 δὲ
877 847 1204 907 συναμφοτέρων.

102 980 192 1014 Julia
209 980 323 1025 templa
339 979 438 1013 malit
456 980 536 1013 Ant.
560 979 599 1012 de
611 979 715 1024 Rooy,
738 987 778 1013 ut

103 1032 197 1079 apud
217 1031 322 1066 Ovid.
341 1033 442 1066 Pont.
461 1033 526 1073 IV,
548 1034 567 1066 5
581 1059 590 1074 ‚
610 1045 668 1066 21.
689 1032 778 1066 Stat.

104 1086 198 1133 Sylv.
213 1086 231 1118 I
242 1111 252 1126 ‚
272 1098 305 1127 1,
321 1085 339 1118 3
350 1098 363 1118 1
374 1111 381 1117 .
397 1088 442 1119 At
457 1093 490 1119 et
505 1094 585 1118 tecta
599 1084 643 1118 de
656 1097 778 1131 super-

103 1139 157 1172 bis
175 1137 307 1172 aedibus
322 1137 392 1172 dici
408 1147 536 1172 notum
549 1147 610 1172 est.
626 1138 780 1172 Consule

103 1192 260 1225 Broukh.
285 1190 328 1225 ad
350 1192 483 1225 Tibull.
506 1192 580 1232 III,
604 1191 644 1232 3,
665 1190 697 1224 3.
727 1213 781 1217 —

103 1245 192 1278 Julia
207 1253 298 1277 tecta.
309 1245 403 1278 Julia
414 1244 559 1278 Basilica
571 1271 580 1286 ‚
593 1244 680 1277 Julii
694 1244 779 1278 Caes.

103 1298 272 1344 templum
289 1299 327 1331 in
344 1298 422 1331 foro
435 1323 444 1338 ‚
463 1297 499 1330 in
519 1310 590 1343 quo
608 1297 781 1342 cogeban-

104 1359 162 1384 tur
177 1351 217 1385 C.
232 1351 391 1384 virorum
407 1359 558 1396 quatuor
573 1350 721 1384 concilia
737 1349 782 1383 ad

104 1416 240 1438 caussas
268 1403 311 1437 de
337 1404 551 1438 testamentis
578 1402 780 1437 audiendas.

105 1456 198 1490 Vide
213 1456 301 1491 plin.
317 1457 378 1491 lib.
393 1458 438 1495 V,
457 1458 557 1503 epist.
572 1469 651 1498 xxr;
668 1465 702 1490 et
716 1457 778 1490 lib.

104 1510 158 1542 VI
169 1536 178 1551 ,
211 1510 310 1556 epist.
343 1523 478 1544 xxxur.
507 1509 601 1544 Vide
633 1518 667 1543 et
699 1511 781 1543 Jani

106 1563 279 1597 Parrhasii
306 1564 406 1609 epist.
440 1575 530 1597 Lvu.
560 1585 612 1589 »-
635 1564 779 1597 Placent.

105 1616 233 1662 Reguli
253 1616 329 1649 filio
348 1617 488 1663 placent
512 1617 664 1651 actiones
686 1615 782 1662 apud

105 1669 375 1711 Centumvir053
389 1670 489 1715 quasi
504 1678 537 1703 et
552 1670 625 1715 ipse
635 1671 708 1714 jam
724 1683 784 1703 cu-

105 1730 204 1768 peret
222 1722 379 1757 insistere
395 1723 539 1768 vestigia
555 1723 675 1768 patris.

159 1789 194 1820 7.
211 1777 307 1809 Acris
324 1778 395 1821 equi
412 1776 544 1817 soboles,
566 1784 630 1810 etc..
644 1775 782 1809 Alludit

836 977 882 1012 ad
900 979 1022 1013 Horat.
1037 980 1103 1020 IV,
1120 979 1189 1013 Od.
1212 984 1232 1020 4
1245 1005 1254 1022 ,
1275 992 1319 1024 29
1336 992 1343 1013 :
1366 997 1380 1009 a
1396 980 1517 1014 Fortes

837 1039 1000 1065 creantur
1022 1032 1186 1066 fortibus.
1207 1032 1270 1066 Est
1288 1032 1325 1066 in
1341 1027 1515 1077 juvenciS‚

838 1093 890 1118 est
912 1085 948 1118 in
967 1085 1068 1131 equis
1088 1094 1231 1131 patrum
1249 1086 1360 1119 virtus
1373 1111 1382 1127 ‚
1401 1094 1466 1120 etc.
1486 1104 1499 1116 »

894 1140 928 1172 8.
949 1138 1047 1171 Molli
1055 1139 1176 1181 fronte.
1191 1133 1318 1184 Ᾰκέρως
1330 1165 1339 1179 ,
1354 1139 1516 1173 nondum

839 1198 1018 1224 cornutus.
1038 1213 1091 1218 -—
1111 1191 1167 1225 Sic
1190 1191 1374 1226 Claudian.
1398 1191 1442 1226 de
1464 1194 1517 1226 IV

841 1244 986 1278 Consul.
1002 1244 1228 1279 Honor.‹=Sic
1246 1257 1374 1291 pascua
1390 1258 1518 1291 parvus

840 1296 1027 1333 Vindicat,
1051 1306 1086 1331 et
1104 1297 1257 1331 necdum
1274 1298 1422 1332 firmatis
1443 1311 1520 1333 cor·

839 1350 944 1384 nibus
964 1349 1094 1389 audax,
1114 1352 1136 1385 J
1139 1364 1193 1384 am
1211 1351 1301 1397 regit
1320 1361 1517 1386 armentum

840 1403 983 1437 vitulus.
1003 1422 1017 1433 ι»

894 1470 928 1501 9.
952 1458 1008 1497 Di,
1029 1466 1158 1490 servate.
1179 1457 1340 1491 Solennis
1360 1457 1519 1504 antiquo-

840 1522 919 1542 rum
941 1510 1030 1543 bene
1050 1509 1218 1555 precandi
1238 1511 1401 1544 formula.

909 1576 966 1596 10.
1005 1564 1139 1597 Natum.
1179 1564 1308 1597 Filium
1322 1590 1332 1605 ‚
1365 1572 1519 1610 paternae

842 1617 1050 1662 eloquentiae
1068 1617 1246 1651 aemulum.
1262 1639 1308 1643 —
1330 1618 1433 1651 Duos.
1448 1618 1521 1651 Ma-

841 1670 953 1703 ritum
975 1678 1009 1703 et
1032 1670 1163 1710 filium,
1190 1669 1378 1715 aliquando
1403 1683 1519 1705 causas

843 1731 1000 1768 agentem
1019 1722 1142 1757 audiat
1162 1732 1283 1758 mater.
1299 1724 1444 1757 Irritum
1460 1736 1520 1757 au-

843 1785 914 1809 tem
928 1776 996 1810 hoc
1016 1776 1177 1810 fecerunt
1198 1778 1314 1811 Parcae
1334 1785 1466 1811 votum.

652 1912 978 1969 XXXIX.

626 2067 683 2094 IN
735 2046 1006 2095 CINNAM.*

246 2188 404 2230 PATER
427 2201 480 2228 ex
504 2183 693 2228 Marulla
708 2219 719 2240 ‚
742 2184 910 2238 Cinna,
938 2182 1078 2227 factus
1102 2199 1146 2227 es
1169 2193 1336 2245 septem
1351 2220 1361 2240 ‚

245 2257 349 2300 Non
370 2255 609 2300 liberorum
634 2271 643 2298 ε
670 2270 859 2315 namque
885 2270 966 2298 nec
989 2264 1089 2299 tuus
1114 2256 1369 2316 quisquam,

160 2385 177 2400 '¹
192 2387 374 2421 Adulteria
394 2387 514 2421 uxoris
534 2387 713 2428 Marullae,
727 2388 782 2432 jo-

107 2440 220 2476 cando
245 2448 496 2475 commemorat
524 2440 671 2474 Cinnae:
702 2452 783 2473 nam

109 2496 223 2529 Cinna
245 2494 440 2528 habebatur
461 2501 561 2540 pater
586 2501 719 2538 septem
741 2492 783 2525 li-

108 2548 274 2582 berorum
293 2574 301 2589 ‚
335 2560 444 2593 quum
475 2546 610 2580 nullum
640 2558 784 2592 procre-

109 2609 196 2635 asset
217 2613 225 2634 :
256 2601 359 2634 simul
385 2599 504 2634 sordes
531 2598 785 2633 adulteriorum

109 2663 262 2695 accusat,
283 2653 381 2700 quod
398 2653 524 2687 mulier
543 2661 695 2686 sectetur
711 2664 786 2685 mo-

841 2386 970 2428 riones,
984 2387 1128 2432 pistores
1137 2412 1146 2427 ‚
1159 2399 1292 2429 servos,
1305 2389 1519 2434 palaestritaS.

901 2452 914 2472 1
926 2465 932 2471 .
946 2441 1046 2472 Pater·
1060 2453 1099 2472 ea:
1112 2440 1268 2473 M'arulla.
1287 2442 1436 2476 Marulla
1451 2456 1521 2477 ser-

842 2505 969 2525 vorum
995 2505 1113 2526 amore
1135 2492 1363 2537 debacchata,
1386 2508 1456 2529 non
1479 2498 1517 2530 li-

845 2546 945 2585 ber-os,
964 2545 1024 2580 sed
1039 2559 1156 2580 servos
1171 2547 1235 2580 tibi
1247 2548 1321 2581 sine
1337 2557 1371 2582 te
1386 2558 1517 2595 septem

845 2599 976 2644 genuit.
993 2599 1060 2633 En.

904 2666 936 2686 2.
956 2652 1031 2687 Non
1047 2653 1226 2687 libertorum
1241 2654 1319 2689 Ald.
1336 2656 1356 2689 J
1360 2664 1433 2689 unt.
1451 2656 1520 2689 Co-
