1978 3305
377 252 958 296 EPIGRAMMATUM
998 253 1118 295 LIB.
1158 255 1211 296 X.

1401 253 1495 300 513

301 339 472 383 Nimbis
492 339 612 383 ebria
633 336 943 382 Nicerotianis!

301 409 458 453 Vixisti
484 409 645 463 tribus,
671 427 697 452 o
725 408 908 464 Calene,
936 408 1091 454 lustris.

299 479 417 522 AEtas
446 479 538 523 haec
570 479 646 522 tibi
676 489 766 522 tota
795 489 1097 539 computatur,

300 550 357 592 Et
378 548 492 592 solos
517 565 720 593 numeras
743 549 832 592 dies
858 550 1011 592 mariti.

302 620 366 662 Ex
391 618 471 662 illis
494 619 571 662 tibi
597 620 630 662 si
656 619 730 662 diu
757 628 951 679 rogatam

300 691 462 732 Lucem
491 688 691 732 redderet
715 690 905 749 Atropos
936 688 1003 731 vel
1035 705 1189 743 unam,

299 757 476 808 Malles,
495 774 625 818 quam
650 758 812 818 Pyliam
839 768 992 818 quater
1018 768 1249 803 senectam.

145 872 178 905 8.
194 869 318 903 Nimbis
330 870 426 904 ebria.
439 871 516 904 Hoc
528 880 579 905 est
588 897 597 913 ,
620 870 762 905 madens

89 922 345 969 aspersionibus
364 922 518 957 odoratis
539 936 623 969 quas
644 924 762 957 confe-

88 983 181 1009 cerat
222 976 367 1010 Niceros
399 977 680 1022 unguentarius:
700 977 762 1010 lib.

89 1029 161 1069 VI,
183 1028 292 1074 epigr.
313 1041 367 1062 ιν.

143 1092 176 1124 9.
218 1082 339 1114 Vixisti
369 1082 467 1115 trihus
496 1083 613 1115 lustris.
634 1083 763 1127 Veram

89 1133 188 1178 egisti
203 1133 309 1167 vitam
329 1135 421 1168 solos
437 1135 541 1168 hosce
559 1134 761 1180 quindecim

88 1198 198 1220 annos
217 1187 344 1232 quibus
363 1187 458 1221 fuisti
478 1196 659 1221 uxoratus.

147 1251 205 1272 10.
223 1240 326 1272 AElas
340 1240 406 1273 lzoec
420 1249 498 1274 tota.
515 1241 572 1273 Tu
591 1240 764 1274 existimas

89 1290 154 1324 tria
181 1291 255 1324 haec
285 1292 391 1326 lustra
426 1293 621 1338 implevisse
655 1301 762 1325 totam

88 1352 180 1376 tuam
198 1352 347 1377 aetatem.

879 872 936 905 13.
961 872 1113 916 Atropos.
1145 872 1225 905 Una
1252 884 1270 905 e
1295 873 1433 915 Parcis,
1454 874 1498 908 de

822 936 889 970 qua
903 923 984 958 vide
995 937 1098 970 supra
1109 950 1118 966 ‚
1133 925 1243 970 epigr.
1260 937 1356 966 κων,
1366 938 1415 960 vs.
1439 929 1471 960 6.

880 990 894 1010 1
905 981 938 1017 4.
949 977 1079 1017 liſtram,
1094 990 1198 1023 quam,
1211 985 1277 1011 etc.
1286 979 1407 1011 Unum
1414 980 1502 1024 ejus-

822 1029 919 1063 modi
950 1028 1045 1063 diem
1077 1030 1142 1063 tibi
1170 1042 1188 1063 a
1217 1030 1294 1064 fatis
1318 1031 1498 1065 redditum

823 1083 1004 1128 praeferres
1024 1091 1174 1129 quatuor
1193 1084 1352 1117 aetatibus
1372 1084 1498 1118 Nesto-

823 1135 962 1177 reis‚id
988 1143 1054 1171 est,
1077 1144 1200 1180 quater
1220 1137 1413 1181 nonaginta
1438 1150 1500 1170 an-

823 1189 894 1229 nis,
910 1187 990 1221 vide
1004 1188 1066 1222 lib.
1083 1189 1152 1229 IX,
1166 1189 1275 1234 epigr.
1296 1202 1361 1222 xxx
1373 1215 1382 1231 ‚
1395 1202 1444 1223 vs.
1466 1202 1477 1223 1
1489 1216 1498 1231 ,

824 1249 903 1274 aetas
926 1241 1021 1273 enim
1045 1241 1197 1275 humana
1221 1242 1363 1287 triginta
1390 1255 1499 1276 anno-

823 1306 900 1326 rum
928 1302 979 1326 est
1004 1294 1250 1335 communiter,
1275 1302 1315 1327 ut
1332 1296 1402 1338 jam
1427 1295 1449 1327 l.
1473 1295 1497 1328 l.

823 1346 1031 1379 notavimus.

632 1480 956 1535 XXXIX.

581 1629 652 1665 ‚IN
696 1609 998 1657 LESBIAM.*

158 1747 374 1790 Consum.
403 1755 444 1790 te
473 1748 608 1790 Bruto
634 1745 739 1806 quid
758 1746 901 1806 juras,
928 1745 1108 1799 Lesbia,
1137 1745 1311 1790 natam?

230 1817 430 1860 Mentiris
456 1833 464 1859 :
493 1826 594 1860 nata
615 1833 684 1871 es,
710 1816 894 1871 Lesbia,
921 1832 1022 1876 rege
1043 1817 1204 1861 Numa.

158 1887 226 1931 Sic
252 1903 426 1947 quoque
455 1887 650 1930 mentiris
672 1903 681 1929 ε
708 1902 919 1946 namque,
942 1896 990 1930 ut
1015 1895 1089 1930 tua
1114 1884 1271 1930 saecula
1299 1897 1498 1938 narrant,

227 1957 348 2001 Ficta
373 1957 633 2001 Prometheo
655 1957 809 2000 diceris
834 1973 924 2000 esse
950 1955 1053 1999 luto.

143 2088 328 2126 *Lesbiam
352 2105 427 2138 quae
448 2105 483 2126 se
511 2105 618 2127 anum
639 2101 674 2126 et
703 2104 764 2126 an-

90 2157 210 2179 nosam
228 2146 414 2187 fatebatur,
434 2146 697 2179 annosissimam
711 2144 764 2178 di-

91 2198 148 2232 cit.
162 2199 243 2231 Non
251 2200 321 2243 jam
333 2199 448 2243 puella
466 2210 529 2243 ego
542 2224 552 2239 ‚
562 2199 619 2231 illa
633 2198 766 2240 aiebat;

92 2259 172 2284 nata
208 2263 283 2284 sum
313 2252 424 2284 Bruto
459 2251 612 2284 consule.
629 2252 741 2284 Immo
756 2277 765 2292 ‚

92 2303 272 2348 subjungit
293 2303 434 2344 Noster,
456 2315 536 2348 rege
550 2304 678 2336 Numa.
695 2304 764 2336 En.

150 2367 176 2389 ι.
199 2355 297 2400 Quod
309 2355 384 2389 MS.
402 2356 536 2388 Beverl.

149 2420 180 2440 2.
208 2408 353 2440 Mentiris
370 2434 377 2447 ,
414 2416 479 2442 etc.
512 2407 701 2453 Antiquior
733 2421 767 2441 es

93 2460 257 2494 omnibus
277 2460 683 2494 consulibua—Numa.
697 2461 765 2502 Qui

93 2513 160 2547 fuit
181 2512 354 2547 secundus
375 2514 613 2546 Romanorum
633 2525 692 2545 rex
707 2539 716 2552 ‚
736 2521 770 2545 et

94 2566 250 2611 regnavit
266 2579 336 2610 207
352 2579 463 2600 annos
478 2573 558 2599 ante
575 2565 771 2599 institutum

95 2619 215 2652 Romae
237 2631 254 2651 a
275 2619 382 2652 Junio
410 2620 517 2654 Bruto
542 2619 772 2652 consulatum.

167 2739 232 2780 II.

880 2093 914 2125 3.
940 2093 1100 2125 Narrant.
1121 2091 1191 2124 Alii
1215 2104 1325 2129 narras
1350 2099 1384 2124 et
1402 2094 1498 2126 noris.

825 2145 1001 2178 Schrevel.
1026 2145 1101 2177 Hoc
1130 2143 1212 2188 legit
1238 2144 1391 2183 Ba1·b0u;
1410 2144 1498 2177 illud

825 2197 966 2231 exhibet
985 2196 1065 2230 cod.
1080 2196 1214 2230 Beverl.
1228 2205 1263 2230 et
1279 2205 1407 2229 narrent
1422 2197 1496 2230 MS.

831 2251 901 2283 Tua
934 2251 1050 2283 saecula
1088 2257 1233 2282 narrant.
1254 2249 1329 2281 Tua
1369 2249 1497 2295 longae-

826 2303 911 2335 vitas
929 2310 1084 2336 testatur.
1103 2302 1171 2334 Eu.

882 2359 913 2394 4.
927 2355 1021 2388 Ficta
1038 2354 1239 2392 Prometheo,
1258 2362 1322 2386 etc.
1339 2353 1415 2387 Hoc
1431 2363 1480 2388 est
1497 2380 1505 2394 ,

826 2408 914 2440 Tam
927 2419 1053 2440 annosa
1072 2415 1106 2440 et
1116 2406 1227 2452 turpis
1236 2418 1271 2439 es
1282 2431 1291 2447 ,
1304 2414 1343 2438 ut
1352 2405 1500 2440 videaris

827 2460 907 2492 ficta
930 2460 1033 2493 fuisse
1050 2471 1091 2492 ex
1112 2460 1186 2492 luto
1208 2458 1429 2500 Promethei,
1455 2458 1500 2492 de

830 2525 899 2557 quo
920 2513 977 2546 lib.
1001 2512 1051 2544 IX
1072 2537 1080 2546 .
1102 2512 1212 2557 epigr.
1235 2523 1331 2545 vaI.
1352 2511 1440 2545 Huic
1460 2513 1504 2544 si-

832 2565 915 2598 mile
934 2573 984 2597 est
1004 2565 1110 2610 epigr.
1125 2576 1220 2597 van
1234 2590 1240 2602 ‚
1256 2564 1344 2597 infra
1357 2590 1366 2604 ,
1388 2572 1420 2598 et
1439 2564 1501 2597 lib.

834 2619 869 2657 1,
891 2618 998 2663 epigr.
1023 2629 1068 2650 (11.

1233 2734 1294 2779 33
