1978 3305
501 224 597 270 380

866 228 927 270 M.
962 227 1103 270 VAL.
1142 228 1531 272 MARTIALIS

1108 383 1289 438 VIII.

1031 540 1088 567 IN
1132 519 1374 568 AFRUM.*

568 659 748 701 chERE
778 658 831 702 de
862 658 1037 719 Libycis
1066 659 1215 703 reduci
1241 659 1318 703 tibi
1344 659 1569 719 gentibus,
1591 659 1716 714 Afer,

639 729 870 772 Continuis
894 728 1014 772 volui
1040 731 1230 790 quinque
1253 729 1405 773 diebus
1431 730 1534 772 Ave.

567 799 669 841 Non
693 808 841 853 vacat,
866 809 940 842 aut
963 801 1164 853 Dormit,
1190 800 1355 843 dictum
1379 800 1449 843 >bis
1474 809 1626 860 terque
1649 816 1835 844 reverso.

638 871 734 912 Jam
765 870 864 913 satis
889 879 954 914 est
979 886 988 912 ε
1021 887 1109 914 non
1136 871 1226 925 vis,
1248 869 1370 925 Afer,
1394 885 1550 914 avere:
1578 869 1699 914 Vale.

550 1003 564 1016 ³
582 1008 665 1041 Afer
691 1009 862 1054 superbus
876 1035 885 1050 ‚
905 1022 947 1042 ex
974 1009 1091 1043 Africa
1119 1022 1173 1043 re-

497 1059 567 1092 dux
584 1087 593 1101 ,
623 1074 694 1093 non
724 1060 931 1095 admittebat
953 1062 1097 1095 Poetam
1130 1062 1172 1096 ad

494 1113 739 1157 gratulandum
756 1115 997 1148 ventitantem.
1015 1115 1175 1160 Indigna·

498 1165 638 1199 bundas
662 1175 781 1211 poeta,
814 1168 868 1200 vel
891 1169 1009 1212 potius
1026 1169 1169 1213 jocans:

497 1218 533 1250 Si
553 1232 622 1251 non
643 1219 693 1252 vis
705 1245 714 1260 ,
733 1220 848 1265 inquit
860 1246 869 1262 ‚
886 1221 1035 1261 salvere,
1049 1222 1150 1254 Vale.

549 1293 601 1298 —
619 1272 684 1305 Hic
712 1273 808 1305 nulla
837 1273 996 1307 lectionis
1026 1275 1172 1308 varietas

498 1332 548 1356 est
570 1325 604 1356 in
623 1326 891 1370 exemplaribus.

557 1390 586 1410 1.
600 1378 725 1418 Dicere,
747 1379 931 1412 etc.Volui
944 1379 1008 1412 tibi
1027 1392 1068 1412 ex
1085 1379 1174 1412 Afri-

496 1442 534 1461 ca
558 1443 698 1463 reverso
726 1432 910 1475 gratulari,
927 1440 961 1465 et
985 1433 1173 1478 quinquies

497 1484 574 1515 veni
591 1484 801 1517 salutaturus
818 1496 826 1517 :
845 1484 905 1518 sed
925 1497 996 1517 non
1016 1485 1174 1517 admitte-

497 1536 568 1568 bar.
577 1559 629 1562 —
640 1537 777 1581 Libycis.
789 1537 911 1582 Libyae
920 1535 1069 1577 (Λιὲύης)
1086 1538 1173 1570 olim

1233 1022 1361 1043 nomen
1375 1010 1500 1043 Africae
1513 1022 1531 1043 a
1544 1009 1674 1044 Graecis
1688 1009 1907 1055 impositum.

1289 1067 1321 1102 4.
1345 1063 1420 1095 Non
1440 1065 1508 1102 vis,
1531 1071 1596 1096 etc.
1617 1062 1653 1095 Si
1672 1074 1746 1095 non
1765 1063 1815 1095 vis
1843 1063 1909 1096 sa!-

1233 1127 1314 1148 vere
1337 1123 1371 1148 et
1389 1115 1507 1147 vivere
1522 1141 1531 1156 ,
1553 1115 1610 1148 abi
1632 1115 1668 1147 in
1688 1115 1813 1147 malam
1834 1127 1908 1148 rem

1233 1177 1267 1201 et
1285 1179 1443 1201 morere:
1464 1180 1544 1201 nam
1560 1167 1666 1200 simul
1686 1167 1847 1200 amicitiae
1859 1179 1912 1201 so-

1230 1220 1351 1254 lutum
1367 1220 1479 1254 foedus
1501 1229 1621 1262 notat3
1639 1233 1709 1266 quo
1726 1228 1833 1265 pacto
1852 1232 1911 1253 eos

1231 1275 1347 1307 valere
1362 1274 1544 1319 jubemus,
1561 1286 1648 1318 quos
1670 1286 1687 1306 a
1711 1273 1814 1306 nohis
1837 1273 1910 1306 abi-

1232 1327 1362 1371 gimus,
1395 1334 1454 1360 aut
1493 1327 1609 1372 potius
1639 1339 1656 1358 a
1687 1325 1814 1371 quibus
1846 1337 1911 1358 nos

1233 1379 1454 1413 discedimus.
1478 1379 1534 1412 Sic
1562 1387 1596 1412 et
1620 1379 1753 1412 Graecis
1775 1378 1909 1422 χαίρειν.

1234 1433 1432 1472 Anacreon,
1443 1431 1512 1465 Od.
1525 1433 1540 1464 I
1549 1458 1557 1472 ‚
1566 1432 1630 1465 sub
1646 1432 1752 1464 finem
1763 1443 1771 1464 ε
1784 1432 1913 1476 Χαίρει-

1232 1499 1268 1519 τε
1287 1487 1394 1519 λοιπὸν
1416 1487 1492 1530 ’ἡμῖν
1515 1478 1732 1530 fipmagNide
1745 1491 1780 1517 et
1789 1484 1848 1517 lib.
1863 1483 1912 1525 V,

1234 1538 1344 1583 epigr.
1360 1550 1450 1571 xvu.
1468 1539 1560 1571 ΗΑΒ.

1151 1675 1263 1731 ΙΧ.

950 1833 1022 1860 AD
1060 1832 1271 1861 DOMITl
1290 1832 1463 1861 ANUM.

568 1957 838 2008 TANQUAM
869 1971 1005 2016 parva
1033 1955 1145 1999 foret
1175 1972 1300 1999 sexus
1328 1955 1485 2015 injuria
1513 1955 1651 1998 nostri

639 2025 877 2070 Foedandos
905 2024 1074 2086 populo
1106 2027 1375 2086 prostituisse
1405 2041 1572 2077 mares;

568 2099 662 2140 Jam
695 2113 817 2140 cunae
844 2096 1012 2140 lenonis
1038 2107 1161 2140 erant
1178 2132 1188 2150 ‚
1220 2106 1267 2139 ut
1292 2096 1346 2139 ab
1372 2096 1506 2139 ubere
1536 2105 1690 2156 raptus

638 2167 822 2211 Sordida
847 2168 994 2228 vagitu
1022 2177 1220 2227 posceret
1246 2183 1329 2210 aera
1355 2182 1475 2227 puer.

569 2239 809 2281 humatum
835 2237 998 2281 dabant
1026 2237 1222 2281 infandas
1248 2252 1434 2298 corpora
1467 2251 1628 2297 poenas.

558 2395 588 2415 1.
614 2383 776 2428 Tanquam
806 2396 918 2427 pat-va.
954 2382 1070 2428 Hujus
1101 2383 1173 2428 epi-

500 2435 698 2480 grammatis
726 2435 818 2469 idem
852 2444 902 2468 est
929 2444 1174 2481 argumentum

502 2501 539 2519 ac
557 2489 666 2533 epigr.
683 2501 753 2529 vn,
770 2501 887 2534 supra.

557 2543 588 2573 3.
609 2541 681 2572 Jam
704 2555 809 2581 cume,
834 2550 900 2575 etr.
924 2542 1036 2586 Supra
1065 2541 1173 2585 epigr.

501 2594 596 2626 citat.
609 2607 657 2625 vs.
670 2595 857 2627 (i.--C11ra›
875 2607 938 2640 pro
956 2608 1043 2627 ctmw
1063 2594 1097 2627 in
1118 2606 1175 2627 co-

501 2645 577 2679 clim*
607 2647 808 2686 ΡιιΙιιιειιιιιίς
843 2657 875 2680 et
906 2649 953 2681 sic
990 2647 1173 2691 legendnm

1235 2382 1355 2415 statuit
1365 2380 1551 2421 Gruterus,
1562 2392 1601 2412 ex
1610 2378 1730 2411 codice
1742 2378 1910 2411 Palatino.

1291 2440 1323 2474 l..
1343 2433 1493 2467 Sordida.
1521 2435 1571 2464 Αιι
1596 2430 1688 2477 quod
1710 2443 1774 2471 aes,
1802 2430 1829 2463 si
1856 2443 1911 2463 ar-

1234 2496 1340 2532 gemo
1368 2486 1585 2528 contuleris,
1619 2483 1833 2517 sordidum?
1865 2495 1906 2515 an

1235 2539 1330 2585 qnod
1373 2540 1534 2571 infamem
1573 2545 1743 2583 «lusesium
1780 2536 1912 2569 artibus

1236 2593 1289 2626 his
1303 2592 1475 2625 obtinenti
1488 2592 1572 2624 ferat
1583 2591 1596 2623 Ρ
1609 2591 1682 2622 Hoc
1694 2587 1828 2621 melius.
1844 2589 1910 2620 En.

1293 2648 1323 2679 5.
1348 2647 1516 2678 [mmmmm
1532 2655 1672 2687 corpora.
1693 2641 1898 2675 Infantiuni.
