1978 3305
449 229 546 286 304

819 231 880 273 Μ.
903 231 1044 273 VAL.
1084 231 1477 274 MARTIALIS

657 319 690 361 A
722 317 906 378 pistore,
933 318 1114 378 Cipere‚
1140 333 1230 361 non
1256 316 1445 373 recedis,

653 389 710 430 Et
731 402 888 447 panem
920 386 1047 441 facis,
1077 396 1121 431 et
1151 387 1256 431 facis
1282 386 1480 431 farinam.

502 509 536 542 5.
563 509 612 541 Et
628 508 715 550 sacis
742 509 885 552 rapinam
911 505 1014 540 codd.
1038 507 1118 541 Vat.

447 569 481 595 et
501 561 655 594 Florem.
678 581 730 586 --
753 560 802 592 Et
822 572 935 604 panem
954 560 1051 603 facis.
1079 558 1121 593 Id

447 622 513 654 est,
525 612 703 658 decoquis.
716 612 851 646 Herald.
866 611 933 645 Sed
945 612 992 646 ita
1004 612 1120 646 locum

447 667 596 712 explicat
614 665 801 698 Domitius.
822 665 948 698 Facere
971 677 1097 712 panem
1110 690 1119 704 .

447 720 563 764 inquit
581 744 590 760 ‚
616 726 651 751 et
679 718 790 752 facere
814 717 962 752 farinam
990 717 1121 752 dicitur

447 772 568 818 pistor,
584 771 644 817 qui
662 771 769 817 pinsit
788 771 852 813 far,
871 779 905 804 et
922 771 1043 817 coquit
1059 784 1120 818 pa·

446 837 527 858 nem
542 832 575 858 et
587 824 744 858 farinam.
756 824 883 858 Facere
899 824 981 857 item
993 836 1120 870 panem

446 886 481 911 et
497 877 643 911 farinam
659 875 804 918 dicitur,
819 876 878 922 qui
894 877 1118 918 liberalitate,

447 938 507 964 aut
522 929 765 976 prodigalitate
779 942 842 963 sua
857 930 932 963 aliis
946 942 1073 975 panem
1087 938 1122 964 et

446 983 594 1017 farinam
615 982 876 1016 subministrat:
891 994 1000 1028 quum
1014 982 1120 1027 igitur

447 1037 598 1082 Ciperus
612 1048 707 1069 nunc
723 1035 851 1069 multos
867 1043 985 1081 pascat
999 1034 1120 1081 prodi·

445 1089 583 1135 galitate
607 1101 687 1129 sua,
713 1100 811 1134 aeque
835 1089 946 1134 pistor
968 1087 1120 1129 videtur,

445 1154 484 1176 ac
504 1142 589 1176 olim
611 1149 703 1182 erat,
720 1154 828 1186 quum
847 1153 973 1186 panem
989 1149 1024 1174 et
1039 1141 1122 1174 fari-

446 1208 525 1229 nam
561 1195 698 1228 faceret.
732 1195 760 1227 F
761 1193 925 1227 arnabius
956 1206 1041 1227 vero
1072 1193 1121 1227 sic

445 1248 592 1294 explicat
609 1259 617 1280 :
634 1248 676 1280 In
693 1247 861 1292 pistrino,
878 1246 1026 1280 farinam
1044 1247 1121 1292 pin·

445 1302 542 1334 sebas
556 1325 564 1337 ,
589 1299 719 1334 deinde
741 1312 867 1346 panem
890 1299 1119 1341 conficiebas,

445 1365 464 1386 e
481 1355 578 1398 cujus
593 1353 707 1399 pretio
723 1365 843 1386 rursus
859 1351 1007 1385 farinam
1023 1364 1119 1386 com·

1180 507 1326 552 parasti,
1355 515 1457 553 atque
1493 505 1579 540 adeo
1614 507 1652 541 in
1679 507 1854 542 circulum

1181 560 1340 593 laborans
1352 585 1361 601 ,
1378 559 1426 592 sic
1440 559 1580 593 vivebas
1593 559 1631 593 in
1643 558 1757 594 diem:
1773 573 1853 593 nam

1180 613 1326 659 quaeris,
1352 611 1484 645 deinde
1511 612 1708 654 consumis,
1735 626 1854 646 rursus

1179 665 1370 706 mutuaris,
1395 672 1459 698 etc.
1488 665 1590 698 Solus
1615 664 1755 699 videtur
1775 665 1854 699 atti-

1180 718 1268 764 gisse
1280 730 1419 752 sensum
1441 718 1466 751 d
1472 717 1621 752 'Orle'ans
1628 743 1638 759 ,
1658 718 1855 763 intelligens

1179 771 1311 805 scilicet
1329 770 1464 817 aliquid
1485 783 1557 804 esse
1576 771 1743 805 contrarii
1764 771 1856 804 inter

1174 824 1384 870 panemfizcis
1405 831 1440 857 et
1451 824 1705 867 flzcissariuam,
1728 836 1854 870 quem-

1179 875 1371 911 admodum
1396 876 1488 911 inter
1512 876 1556 910 τὰ
1577 890 1649 922 opes
1676 889 1855 922 comparare

1179 938 1214 963 et
1251 930 1367 964 statim
1397 930 1569 973 effundere.
1595 930 1692 963 Facis
1721 942 1854 974 panem,

1179 982 1296 1028 iuquit
1320 990 1432 1023 vates,
1454 981 1543 1016 dum
1566 994 1684 1016 causas
1711 982 1800 1028 agis,
1821 990 1856 1015 et

1179 1034 1326 1069 ducenta
1340 1034 1465 1081 quaeris
1475 1059 1486 1074 ,
1501 1047 1577 1080 quae
1591 1034 1655 1068 tibi
1674 1043 1796 1068 contra
1810 1035 1858 1068 le-

1179 1100 1256 1134 gem
1275 1087 1450 1127 Cinciam,
1472 1088 1553 1121 licet
1574 1087 1768 1128 immerito,
1787 1087 1857 1121 sol-

1178 1148 1336 1182 vuntur3
1359 1148 1394 1174 et
1404 1141 1492 1183 sacis
1503 1141 1649 1183 sar-lnam
1664 1139 1750 1173 dum
1772 1152 1857 1174 con-

1179 1194 1288 1227 sumis
1316 1192 1414 1240 quod
1435 1193 1525 1227 male
1546 1192 1744 1239 quaesivisti.
1768 1193 1856 1226 Nam

1179 1247 1289 1280 farina
1312 1244 1398 1280 dum
1419 1255 1575 1280 saccatur
1596 1245 1721 1279 defluit
1741 1253 1775 1279 et
1793 1258 1858 1291 per

1179 1299 1350 1333 foramina
1376 1300 1526 1333 labitur:
1560 1299 1608 1332 ita
1640 1297 1737 1344 quod
1768 1299 1858 1332 male

1179 1352 1359 1397 quaesivit,
1374 1350 1582 1398 deperditur
1599 1360 1633 1385 et
1652 1351 1837 1385 evanescit.

1042 1508 1260 1563 XVII.

947 1663 1020 1691 An
1064 1642 1339 1693 SEXTUM.*

513 1775 601 1818 EGI
619 1807 630 1827 ‚
656 1773 807 1824 Sexte,
830 1781 973 1826 tuam,
999 1780 1153 1832 pactus
1179 1770 1267 1815 duo
1293 1769 1449 1824 millia,
1473 1786 1663 1814 causam.

582 1842 738 1886 Misisti
763 1859 966 1886 nummos
994 1851 1103 1903 quot
1128 1840 1263 1886 mihi?
1287 1840 1404 1886 mille
1425 1858 1434 1884 ε
1459 1840 1565 1902 quid
1593 1839 1685 1884 est?

495 1966 695 2004 'causidici
706 1966 893 2001 dicterium
903 1993 913 2008 ‚
924 1967 983 2012 qui
995 1993 1003 2009 ,
1014 1979 1122 2013 quum

443 2023 510 2058 sibi
519 2049 529 2065 ‚
540 2021 621 2068 quia
634 2033 770 2055 causam
783 2019 1005 2066 perdiderat,
1016 2029 1123 2066 pactae

444 2075 604 2124 pecuniae
622 2073 811 2108 dimidium
822 2073 1039 2107 offerebatur
1050 2073 1125 2114 ‚ab-

445 2130 522 2163 nuit
541 2136 575 2162 et
590 2127 741 2173 duplum
757 2127 805 2160 ait
824 2127 890 2160 sibi
911 2125 1053 2167 deheri3
1072 2134 1124 2160 to-

445 2192 519 2216 tum
536 2181 666 2215 scilicet
679 2180 724 2213 ob
741 2180 898 2214 laborem
909 2188 943 2213 et
956 2191 1098 2225 operam
1114 2205 1122 2219 ,

448 2245 482 2270 et
500 2235 545 2269 ob
561 2235 727 2267 ruborem
746 2231 892 2278 perditae
908 2245 1029 2266 causae.

499 2302 515 2321 ἰ
525 2314 531 2319 .
541 2288 660 2320 ,llisisti
674 2282 782 2319 numos
795 2287 879 2332 quod
888 2285 996 2319 codex
1006 2285 1119 2318 Pulm.

447 2343 536 2375 Mille
552 2340 671 2386 quidem
691 2338 899 2373 Beverlandi
922 2338 995 2372 MS.
1016 2339 1122 2371 Forte

444 2395 522 2442 quid
531 2394 565 2427 id
571 2399 588 2425 ,ι’
605 2393 796 2439 praesertim
811 2405 919 2438 quum
931 2401 964 2426 et
976 2403 1123 2437 sequens

446 2460 562 2481 versus
600 2447 743 2480 finiatur
776 2458 862 2479 voce
888 2454 944 2478 est.
974 2446 1026 2478 Ita
1053 2445 1123 2477 ele-

446 2509 564 2546 ganter
583 2498 764 2533 interdum
785 2501 821 2532 τὸ
844 2499 879 2532 id
897 2499 1122 2544 subjungitur

446 2560 489 2587 τὼ
502 2553 593 2599 quid,
605 2553 658 2585 vel
673 2552 833 2599 quicquid.
844 2553 960 2597 Supra
974 2552 1034 2584 lib.
1051 2551 1101 2583 lll
1112 2576 1121 2591 ‚

444 2608 552 2652 epigr.
579 2618 605 2638 1.
637 2623 650 2633 ·‹
671 2605 745 2639 Hoc
773 2606 836 2638 tibi
852 2632 861 2647 ,
886 2603 1063 2650 quidquid
1084 2603 1119 2637 id

444 2670 491 2694 est
505 2687 512 2699 ,
524 2658 722 2703 longinquis
733 2658 839 2692 mittit
852 2659 894 2691 ab
908 2658 987 2691 oris.
999 2676 1011 2687 ι
1020 2657 1119 2702 Virg.

1185 1968 1264 2000 AEn.
1281 1968 1337 2008 ΙΙ,
1361 1970 1406 2011 49
1420 1978 1428 2000 :
1442 1965 1649 2013 «Quidquid
1669 1965 1704 2000 id
1725 1974 1793 2007 est,
1816 1966 1858 2000 ti-

1183 2032 1261 2053 meo
1286 2020 1425 2053 Danaos
1440 2045 1448 2060 ‚
1471 2028 1506 2053 et
1534 2018 1626 2053 dona
1650 2020 1811 2053 ferentem
1842 2037 1854 2046 -

1184 2071 1290 2106 Ovid.
1305 2072 1411 2105 Trist.
1434 2072 1498 2113 IV,
1514 2085 1551 2111 x,
1572 2084 1611 2116 7:
1631 2071 1692 2106 nsi
1713 2071 1795 2118 quid
1823 2071 1856 2104 id

1183 2133 1254 2166 est,
1276 2137 1387 2171 usque
1407 2137 1425 2157 a
1446 2125 1586 2170 proavis
1606 2135 1705 2159 vetus
1724 2123 1858 2158 ordinis=

1182 2178 1293 2211 heres.
1314 2195 1327 2207 υ
1356 2182 1470 2223 Atque
1491 2177 1614 2211 eodem
1643 2177 1750 2211 modo
1769 2177 1858 2211 infra

1182 2231 1292 2277 epigr.
1317 2242 1426 2271 mcxl,
1448 2231 1568 2264 malim
1593 2243 1600 2264 ε
1633 2247 1646 2261 ι
1663 2224 1768 2264 Libra
1795 2230 1858 2264 fuit

1182 2285 1308 2330 quinto
1325 2284 1516 2330 Septitiaua
1535 2296 1542 2316 :
1562 2282 1648 2330 quid
1669 2283 1703 2317 id
1719 2283 1733 2316 ?
1750 2284 1862 2328 -Qm'd

1182 2342 1254 2370 est?
1277 2337 1324 2370 ibi
1347 2337 1432 2383 legit
1455 2337 1650 2371 Scriverius
1666 2363 1674 2377 ‚
1696 2349 1762 2383 pro
1783 2337 1859 2370 vul-

1181 2399 1260 2437 gato
1283 2389 1448 2436 quidem;
1470 2389 1567 2436 quod
1588 2391 1696 2423 miror
1718 2389 1858 2423 defendi

1183 2456 1198 2476 a
1224 2443 1407 2478 Gronovio
1431 2456 1438 2477 :
1461 2443 1557 2490 quod
1585 2443 1613 2476 si
1648 2443 1739 2476 enim
1776 2443 1858 2475 sub·

1182 2496 1303 2530 audias
1315 2523 1324 2540 ‚
1338 2509 1416 2543 quae
1435 2495 1657 2542 intelligenda
1677 2495 1858 2540 reliquisse

1183 2551 1323 2584 poetam
1337 2550 1457 2584 statuit
1472 2550 1525 2583 vir
1539 2561 1698 2595 magnus,
1711 2549 1858 2594 abrupta

1181 2604 1287 2637 nimis
1312 2603 1424 2637 oratio
1445 2601 1575 2637 deinde
1598 2600 1751 2636 videtur.
1774 2603 1856 2635 Ant.

1181 2657 1219 2689 dc
1235 2657 1334 2690 Boot.
