1978 3305
327 224 915 267 EPIGRAMMATUM
953 224 1077 267 LIB.
1106 226 1225 268 VII.

1381 228 1476 282 243

216 309 367 354 Gloria
395 311 639 371 conspicuae
668 309 956 371 deliciumque
986 310 1168 366 domus,

147 381 296 437 Quum
326 390 400 424 tua
426 390 492 424 tot
520 382 654 426 niveis
680 391 859 426 ornetur
888 382 981 442 ripa
1011 383 1242 437 ministris,

215 452 273 493 Et
304 451 587 512 Ganymedeo
613 451 755 497 luceat
778 451 896 495 unda
918 452 1080 507 choro;

146 520 264 577 Quid
293 520 397 565 facit
417 520 588 566 Alcides
614 521 733 583 sylva
759 532 951 567 sacratus
976 523 1019 566 in
1046 523 1152 567 ista?

215 592 324 634 Tam
350 592 493 636 vicina
515 593 593 637 tibi
616 609 695 637 cur
717 602 836 636 tenet
855 602 979 636 antra
1001 592 1153 638 Deus?

146 660 371 722 Numquid
395 663 702 723 Nympharum
732 672 859 707 notos
888 663 1093 707 observat
1123 680 1317 716 amores,

212 734 319 775 Tam
344 731 468 776 multi
494 734 656 794 pariter
684 750 739 778 ne
766 735 992 795 rapiantur
1015 733 1168 794 Hylae?

76 875 194 904 xrvn,
227 872 260 896 et
290 864 501 910 epigramma
529 878 596 906 xv,
632 878 748 911 supra.

130 921 161 956 4,
181 915 384 963 6αιῃήπεάεο
397 944 405 957 ,
434 925 498 951 etc.
520 918 642 952 Pueris
662 917 749 952 deli-

74 969 178 1009 catis,
206 969 314 1003 instar
333 969 550 1016 Ganymedis
562 998 571 1014 ‚
595 984 749 1017 quorum

74 1022 194 1055 niveos
211 1022 326 1056 vultus
345 1024 535 1069 repercutit
554 1023 662 1058 unda.
679 1025 748 1058 ΕΙ).

74 1076 262 1108 —Luceat
290 1076 374 1108 unda
405 1078 493 1110 thoro
521 1076 631 1111 codex
667 1077 750 1111 Pul-

76 1128 208 1161 manni.
244 1127 313 1161 Sed
349 1130 438 1162 thoro
450 1157 457 1170 ,
494 1130 565 1164 sive
601 1139 687 1170 toro,
717 1138 751 1164 et

75 1181 168 1213 choro
180 1181 237 1214 vix
255 1180 422 1228 distingui
435 1191 581 1228 possunt
597 1183 634 1216 in
650 1182 749 1216 codi-

807 865 1014 900 cibus.Vide
1026 879 1090 899 nos
1104 865 1147 899 ad
1157 866 1292 901 Tibull.
1310 869 1363 910 II,
1376 881 1389 901 1
1400 894 1408 909 ‚
1423 872 1482 904 88,

863 932 896 964 7.
914 919 1028 953 Notos.
1046 920 1139 953 Bene
1154 928 1242 953 notos
1255 933 1365 966 quum
1384 931 1483 968 rapto

809 971 875 1005 sibi
903 972 993 1017 Hyla
1008 998 1017 1014 ,
1040 972 1210 1007 Hercules
1232 974 1327 1007 norit
1346 975 1484 1019 quantis

810 1025 986 1059 amoribus
1003 1024 1146 1059 ardeant
1158 1026 1332 1072 Nymphae
1344 1039 1422 1072 erga
1431 1029 1486 1073 ju-

809 1090 913 1111 venes
929 1079 1098 1124 egregios.
1123 1079 1290 1119 Observat,
1307 1087 1346 1112 ut
1356 1080 1485 1113 Graecis

809 1133 865 1176 ὁρᾷ
877 1139 910 1165 et
920 1131 1071 1176 φυλάττει
1081 1157 1090 1173 ,
1104 1131 1152 1165 id.
1165 1145 1224 1178 qu.
1240 1132 1396 1178 invigilat
1408 1159 1417 1173 ‚
1431 1146 1486 1166 ca-

808 1193 884 1225 vet,
907 1196 952 1217 ne
972 1184 1022 1217 illi
1041 1185 1171 1230 pariter
1190 1185 1382 1231 rapiantur.
1402 1187 1468 1219 En.

729 1318 830 1374 LI.

585 1473 650 1501 An
689 1454 980 1502 nnmerum*

148 1599 369 1641 MERCARI
396 1605 566 1640 nostras
595 1598 629 1640 si
655 1605 696 1639 te
725 1597 868 1656 piget,
890 1596 1080 1653 Urbice‚
1107 1615 1269 1659 nugas,

218 1670 275 1711 Et
304 1667 463 1711 lasciva
493 1677 638 1710 tamen
668 1667 861 1710 carmina
892 1684 1018 1711 nosse
1048 1667 1174 1724 libet3

148 1739 405 1799 Pompeium
436 1753 603 1799 quaeras
635 1733 697 1795 (et
721 1739 835 1781 nosti
862 1737 1062 1796 forsitan)
1085 1740 1300 1796 Auctum3

219 1808 387 1853 Ultoris
413 1810 553 1869 prima
579 1809 732 1853 Martis
758 1808 801 1851 in
828 1808 917 1852 aede
945 1809 1078 1853 sedet.

148 1883 252 1924 Jure
282 1879 484 1935 madens,
509 1880 716 1940 varioque
747 1889 859 1940 togae
885 1878 1057 1924 limatus
1086 1881 1129 1924 in
1159 1898 1264 1937 usu,

134 2016 147 2029 ¹¹
164 2019 375 2065 Pompeium
402 2020 553 2052 Auetum
579 2019 730 2052 celebrat
747 2044 756 2061 ‚

81 2073 142 2119 qui
169 2073 287 2106 Poetae
320 2084 461 2112 versus,
495 2081 533 2105 ut
556 2084 662 2105 suum
692 2084 757 2104 no·

81 2139 187 2166 men,
211 2126 374 2165 tenebat,
403 2133 610 2171 poteratque
634 2137 757 2158 caren-

82 2179 173 2212 tibus
190 2178 283 2212 libro
295 2204 304 2220 ‚
331 2178 403 2223 ipse
428 2178 517 2211 liber
545 2190 616 2211 esse
634 2189 642 2211 t
660 2178 757 2211 hunc

83 2240 122 2264 ut
139 2230 239 2264 adeat
253 2257 263 2272 ‚
279 2238 399 2263 monet
418 2231 606 2270 Urbicum,
623 2231 652 2264 si
674 2231 759 2264 velit

83 2285 278 2329 inemptum
300 2282 477 2327 possidere
497 2283 704 2317 Martialem.

140 2350 171 2369 2.
191 2336 375 2380 Pompeium
396 2350 515 2382 quaeres
533 2335 643 2370 codex
659 2337 759 2370 Vati-

83 2401 202 2423 canus.
219 2390 402 2434 Pompeinm
422 2392 534 2435 quoeris
550 2388 658 2422 codex
681 2389 760 2422 Flo-

81 2442 253 2476 rentinus.
266 2461 318 2467 —-
334 2442 515 2487 Pompeium
533 2455 675 2488 quoeras,
695 2450 759 2475 etc.

82 2495 195 2529 Adeas
224 2494 435 2539 Pompeium
463 2496 634 2535 Annium,
658 2507 760 2540 quem

83 2557 117 2581 et
135 2557 211 2582 tute
232 2548 378 2581 fortasse
397 2548 500 2581 nosti.
564 2545 566 2547 ¹

139 2606 173 2641 4.
202 2601 322 2634 Ultoris
355 2603 470 2646 prima.
508 2600 622 2641 Quam
660 2600 762 2633 Marti

86 2654 178 2688 bello
199 2654 419 2699 Philippensi
450 2666 513 2698 pro
544 2654 677 2686 ultione
706 2666 765 2698 pa-

816 2027 915 2051 terna
944 2028 1104 2065 suscepto
1133 2029 1278 2053 voverat
1303 2023 1488 2067 Augustus.

816 2071 910 2104 Suet.
928 2071 964 2104 in
976 2073 1152 2117 Augusto,
1173 2086 1249 2119 cap.
1270 2086 1314 2117 29
1332 2088 1340 2115 ;
1362 2076 1488 2109 Juven.

817 2124 886 2158 Sat.
903 2137 938 2157 1v
949 2138 959 2166 ;
971 2133 1004 2158 et
1014 2125 1095 2162 Dio,
1107 2126 1170 2158 lib.
1184 2127 1339 2160 LIV.—
1349 2129 1489 2161 Primam

819 2178 912 2210 oedem
931 2186 1031 2211 vocat
1052 2177 1186 2211 aditum
1206 2180 1338 2225 templi.
1356 2181 1421 2213 En.

873 2230 906 2264 5.
922 2231 1064 2263 Lanatus
1083 2232 1119 2264 in
1144 2230 1264 2265 codice
1292 2233 1464 2267 Vaticano
1485 2261 1493 2276 ‚

818 2291 963 2329 propter
989 2283 1255 2317 similitudinem
1279 2286 1491 2330 syllabarum

820 2339 860 2368 im
892 2344 925 2369 et
957 2349 998 2368 un
1030 2337 1064 2368 in
1099 2337 1322 2371 membranis.
1345 2341 1424 2373 Ant.
1454 2342 1492 2374 de.

820 2390 911 2435 Rooy·
928 2390 1018 2434 conj.
1038 2389 1078 2421 ab
1095 2403 1162 2422 usa.
1181 2389 1273 2423 Vide
1294 2391 1426 2438 Micyll.
1448 2394 1492 2427 ad

822 2441 925 2474 Ovid.
956 2442 1060 2475 Trist.
1097 2443 1160 2483 IV,
1198 2454 1257 2484 10,
1293 2447 1350 2479 16.
1394 2445 1492 2480 Idem

823 2493 927 2527 ovid.
949 2495 1024 2528 Art.
1045 2496 1122 2528 Am.
1143 2495 1214 2536 ΙΙΙ,
1236 2508 1277 2539 91
1297 2509 1305 2529 :
1331 2515 1343 2527 «
1363 2499 1492 2533 Conte-

823 2547 913 2580 ritur
937 2547 1088 2589 serrum,
1107 2548 1217 2581 silices
1237 2557 1426 2585 tenuantur
1452 2555 1493 2586 ab

825 2613 900 2633 usu.
924 2618 936 2629 ο»
956 2621 1007 2627 ——-
1023 2601 1099 2633 Jure
1119 2601 1256 2635 madens.
1275 2604 1343 2637 Alii
1367 2605 1495 2639 intelli-

826 2662 913 2697 gunt
925 2679 933 2693 ‚
951 2655 1052 2698 coqui
1074 2655 1181 2687 instar
1198 2657 1335 2699 jusculo
1353 2668 1493 2692 unctum

1199 2727 1281 2770 16²
