1978 3305
360 226 942 273 EPIGRAMMATUM
978 226 1242 270 LIB.V11.

1400 226 1493 290 237

238 317 379 360 Ausus
400 332 444 360 es
458 351 469 371 ‚
489 326 532 359 et
552 316 747 377 profugi,
768 331 855 358 non
877 323 949 357 tua
963 349 976 369 ‚
1001 313 1090 357 fata
1113 316 1244 375 sequi.

166 386 357 446 AEquora
382 403 459 446 per
480 386 632 447 Scyllae
653 401 838 446 magnus
863 401 1009 429 comes
1032 384 1191 428 exsulis
1216 387 1311 438 isti,

237 457 325 513 Qui
345 457 477 500 modo
499 455 701 501 nolueras
722 454 909 500 consulis
930 456 991 499 ire
1014 471 1172 500 comes.

164 525 207 569 Si
232 527 402 570 victura
427 529 533 571 meis
559 526 822 571 mandantur
844 526 1021 570 nomina
1047 525 1233 581 chartis,

235 598 292 639 Et
317 597 380 641 fas
403 607 467 641 est
490 598 626 642 cineri
647 614 716 640 me
737 612 960 657 superesse
981 612 1103 649 meo,

163 666 323 711 Audiet
343 667 428 712 hoc
453 684 664 728 praesens,
684 676 953 727 venturaque
979 666 1129 719 turba,
1155 666 1284 711 fuisse

235 736 301 780 Illi
335 747 402 793 te,
424 739 598 782 Senecae
628 737 745 798 quod
775 737 858 781 fuit
882 735 956 793 ille
976 753 1069 781 suo,

91 884 190 909 cutus
201 889 235 909 es
245 902 254 917 ‚
272 889 334 923 per
348 890 442 911 mare
453 877 607 911 Siculum
618 903 627 919 ,
639 878 675 911 in
689 891 770 924 pro-

91 928 241 962 vinciam
253 956 262 971 ,
279 931 336 963 cui
347 930 452 964 modo
464 931 651 977 praefuerat
664 942 672 964 :
687 944 768 977 pro-

90 982 225 1016 consuli
246 991 278 1016 te
294 983 457 1017 comitem
477 985 643 1029 negabas;
659 985 768 1017 exsuli

91 1043 124 1067 te
143 1035 328 1070 offerebas.
345 1037 414 1070 En.

146 1091 178 1127 4.
192 1089 301 1122 Ausus
311 1097 342 1121 et
353 1102 414 1122 ηοιι
423 1091 556 1135 profugi
569 1088 679 1123 codex
691 1090 718 1123 F
720 1090 770 1123 lo-

88 1140 250 1174 rentinus
273 1153 353 1175 :non
373 1150 426 1175 tua
439 1144 533 1186 sacta
551 1145 637 1189 sequi
652 1143 688 1176 in
708 1156 766 1176 eo·

89 1190 170 1225 dem
186 1193 318 1228 codice.

154 1245 187 1279 5.
222 1247 372 1293 AEquora
396 1261 455 1293 per
483 1248 612 1295 Squloe.
649 1248 765 1295 Scylla

88 1299 255 1343 scopulus
276 1309 327 1334 est
348 1300 385 1333 in
405 1301 493 1334 mari
511 1302 644 1336 Siculo.

143 1353 176 1385 6.
197 1352 342 1386 Consulis
356 1355 400 1386 ire
413 1367 522 1388 comes.
536 1356 578 1387 In
593 1355 746 1388 Africam
756 1381 764 1395 ‚

87 1416 192 1448 quam
218 1406 324 1451 paulo
353 1415 432 1441 ante
461 1407 766 1441 administraverat

87 1457 280 1493 Caesonius.

140 1522 174 1553 7.
193 1511 231 1544 Si
245 1513 383 1553 victura,
403 1521 467 1547 etc.
486 1513 522 1547 Si
539 1514 645 1547 vitale
661 1514 767 1547 fuerit

825 877 894 910 hoc
907 889 1046 910 carmen
1058 889 1175 910 meum
1186 902 1196 916 ,
1209 877 1318 911 scient
1330 877 1411 912 inde
1421 892 1506 924 prae-

827 938 940 964 sentes
957 939 991 963 et
1005 930 1158 975 posteri,
1178 930 1348 964 Ovidium
1367 931 1403 964 id
1420 945 1504 977 prae-

827 983 955 1017 stitisse
987 983 1144 1017 Caesonio
1157 1009 1166 1025 ‚
1199 983 1295 1029 quod
1328 985 1504 1018 Caesonius

826 1037 926 1082 prius
951 1037 1086 1069 Annaeo
1104 1036 1246 1070 Senecae
1259 1062 1269 1078 ‚
1291 1037 1504 1083 philosopho

827 1090 931 1135 hujus
954 1089 1017 1122 aevi
1039 1089 1230 1123 clarissimo
1257 1103 1276 1124 a
1299 1089 1446 1124 Claudio
1468 1091 1501 1124 in

828 1142 1009 1175 Corsicam
1029 1142 1193 1187 relegato,

881 1208 914 1239 9.
931 1195 1053 1228 Audiess
1074 1196 1141 1227 hoec
1152 1209 1291 1241 praesens
1308 1195 1389 1229 Ald.
1404 1197 1424 1229 J
1428 1205 1501 1230 unt.

827 1248 942 1282 Colin.
960 1248 1097 1294 Gryph.
1114 1249 1199 1282 aliae.
1214 1249 1335 1282 Audiet
1351 1250 1407 1282 hoc
1417 1263 1503 1295 proe-

825 1314 894 1333 sens
911 1300 1021 1335 codex
1037 1302 1241 1335 Pulmanni.

883 1366 939 1388 10.
959 1354 1084 1387 Senecae
1103 1355 1190 1400 quod
1200 1357 1280 1398 fuit.
1298 1355 1389 1389 Hinc
1403 1355 1500 1388 colli-

825 1420 905 1452 gere
932 1415 1003 1449 est,
1031 1408 1229 1441 Caesonium
1257 1408 1293 1441 in
1322 1408 1500 1442 Corsicam

825 1460 989 1494 comitem
1013 1460 1097 1493 olim
1121 1473 1196 1495 sese
1223 1460 1421 1506 adjunxisse
1447 1461 1504 1493 Se-

825 1526 918 1547 necae
937 1513 1121 1547 exsulanti.

694 1661 887 1717 XLV.

622 1820 686 1848 DE
726 1799 957 1848 EADEM*

294 1951 542 1994 FAanm
566 1950 741 1993 Senecae
767 1957 921 2010 potens
947 1949 1138 2005 amicus,

294 2022 409 2064 Caro
432 2020 657 2079 proximus
672 2055 683 2075 ‚
712 2029 788 2064 aut
816 2020 936 2081 prior
957 2020 1119 2064 Sereno
1133 2056 1145 2075 ‚

290 2092 373 2135 Hic
398 2101 462 2134 est
483 2091 701 2135 Maximus
727 2089 798 2134 ille
813 2125 824 2146 ‚
843 2106 972 2151 quem
1000 2090 1213 2152 frequenti

136 2229 149 2243 '¹
166 2235 226 2268 Ad
246 2235 384 2268 eumdem
404 2236 530 2269 lemma
550 2244 600 2269 est
618 2235 653 2268 in
678 2234 758 2270 Ald.

82 2287 199 2320 Colin.
218 2287 357 2333 Gryph.
376 2297 442 2322 etc.

134 2362 185 2366 —-
205 2339 326 2373 Ovidii
350 2340 476 2383 fidem,
497 2349 532 2375 et
553 2341 758 2375 charitatem

80 2393 117 2425 in
154 2393 375 2435 Caesonium,
405 2395 587 2440 anteponit
618 2393 758 2440 Pyladis

79 2445 198 2480 officio
219 2446 378 2480 Orestem
399 2447 609 2481 comitantis.

136 2511 167 2533 1.
186 2500 355 2540 Facundi,
381 2508 446 2533 etc.
467 2499 632 2545 Ejusdem
653 2512 756 2545 argu·

78 2553 187 2586 menti
203 2564 284 2586 cum
300 2552 510 2599 praecedenti
528 2553 636 2600 epigr.
654 2565 756 2586 versu

78 2605 217 2640 ultimo.
237 2628 288 2632 —
307 2605 433 2639 Senecae
454 2609 616 2651 protimus
639 2609 756 2638 amims

78 2658 285 2691 Beverlandi
299 2659 372 2691 MS.

875 2248 908 2268 2.
933 2234 1031 2268 Claro
1048 2237 1213 2280 proximus
1234 2235 1270 2268 in
1290 2235 1424 2271 eodem.
1445 2260 1495 2264 -—

821 2288 906 2321 Caro
932 2290 1109 2333 prosimus.
1142 2289 1182 2321 In
1218 2301 1334 2323 amore
1367 2303 1495 2337 nempe

819 2353 897 2386 erga
919 2340 1095 2374 Senecam.
1117 2340 1227 2374 Carus
1251 2350 1363 2375 autem
1387 2352 1420 2377 et
1437 2345 1495 2378 Se-

818 2406 923 2427 renus
936 2419 944 2433 ,
964 2402 997 2426 et
1017 2394 1074 2427 hic
1094 2393 1269 2427 Maximus
1290 2395 1468 2431 Caesonius
1485 2424 1492 2437 ‚

819 2446 959 2480 Senecae
991 2446 1191 2480 amicissimi
1226 2448 1378 2482 fuerunt.
1400 2450 1492 2484 Vide

817 2499 955 2533 Senecae
974 2499 1085 2544 Epist.
1106 2512 1264 2534 Lxxxvn.
1287 2521 1339 2527 —-
1357 2503 1492 2544 Quidni

817 2565 891 2585 curo
909 2564 974 2598 pro
990 2553 1117 2592 dilecto,
1136 2556 1356 2587 amatissimo?
1373 2556 1438 2589 Eo.

872 2604 904 2638 3.
929 2606 1028 2650 Quem
1037 2606 1210 2652 fivquenti.
1227 2606 1283 2640 Ad
1299 2620 1403 2653 quem
1423 2610 1494 2644 Cae-

817 2658 953 2691 soninm
981 2659 1083 2692 toties
1110 2659 1246 2705 scripsit
1276 2660 1421 2695 Seneca.
