1978 3305
362 216 951 260 EPIGRAMMATUM
990 217 1114 259 LIB.
1153 218 1241 259 XI.

1407 217 1505 264 625

241 306 296 347 Et
327 302 433 346 nihil
460 319 510 346 ex
533 301 619 345 ulla
645 302 827 363 perdere
853 302 949 346 luce
975 300 1117 346 voles!

173 373 318 417 Rebus
349 375 390 416 in
422 373 614 434 angustis
640 372 763 417 facile
795 382 859 417 est
884 383 1165 416 contemnere
1193 374 1343 418 vitam.

242 445 428 487 Fortiter
452 443 522 486 ille
550 443 677 499 facit,
703 445 775 503 qui
806 445 937 487 miser
968 460 1060 487 esse
1089 453 1244 504 potest.

104 567 212 600 Paris.
227 569 308 611 1617
327 579 435 612 marg.
446 587 486 591 —
504 567 535 598 T
533 579 568 598 er
586 567 691 597 ‘vivere
712 566 779 598 Ne-

107 622 198 652 storis
217 633 326 652 annos.
339 620 390 652 De
406 619 553 651 Nestore
570 618 695 663 saepius
708 619 779 663 jam

103 671 271 705 diximus.
286 693 336 697 ——-
351 672 383 705 O
396 685 489 717 quam
506 680 539 703 tu
556 674 668 716 cupies.
681 671 781 704 Tunc

103 725 363 758 acerbissimum
395 724 462 756 erit
486 723 647 768 linquere
678 722 780 768 quid·

103 776 189 823 quid
207 779 244 810 in
265 776 398 810 deliciis
415 785 448 809 et
462 777 576 821 pretio
602 776 679 809 fuit.
708 776 781 809 Nec

104 831 170 863 nisi
192 830 282 863 inter
304 830 499 874 voluptates
521 829 583 861 has
600 829 728 861 amoris
748 838 782 862 et

104 895 230 916 mensae
242 910 250 923 ‚
267 882 514 927 ingemiscebat
528 881 779 922 Horatius,lib.

105 937 139 968 Π
151 961 160 976 ,
177 935 236 968 od.
261 948 321 968 nv
336 961 344 975 ‚
367 948 415 968 vs.
442 948 459 967 2
471 947 483 967 1
498 961 507 975 ,
528 935 603 967 haec
631 946 780 968 canens:

110 1007 122 1016 -
150 987 359 1033 Linquenda
394 988 495 1021 tellus
527 995 561 1019 et
595 986 720 1021 doinus
750 996 783 1020 et

104 1041 243 1086 placens
262 1041 373 1081 Uxor,
389 1049 454 1073 etc.
466 1059 477 1069 »ι
488 1067 494 1072 .
507 1040 572 1073 Et).

898 578 912 598 1
922 569 955 599 6.
977 566 1044 610 Qui
1057 569 1149 599 miser
1159 581 1222 600 esse
1231 576 1345 611 potest.
1363 568 1440 602 Hoc
1453 577 1515 609 est,

841 618 903 663 qui
917 631 988 651 non
1004 631 1094 663 aegre
1113 620 1180 652 fert
1194 629 1446 665 paupertatem.
1464 644 1513 647 —

841 672 911 703 Aut
929 671 1031 704 latius
1049 680 1190 717 sumpto
1210 685 1311 706 sensu
1331 686 1338 706 :
1357 675 1400 707 Et
1415 675 1443 707 is
1465 683 1515 707 est

842 723 943 756 fortis
957 724 1016 768 qui
1032 724 1138 757 vitam
1150 751 1159 766 ,
1171 737 1278 770 quum
1289 727 1409 760 beatus
1421 736 1455 760 et
1468 736 1519 761 est

842 784 875 808 et
907 776 1045 809 futurus
1072 785 1139 818 est,
1161 777 1309 823 linquit,
1341 787 1375 812 et
1404 780 1431 813 is
1459 782 1519 826 qui

841 841 949 874 quum
968 829 1135 862 miserum
1155 842 1227 863 sese
1252 839 1287 863 et
1312 844 1383 865 esse
1403 842 1437 866 et
1458 833 1518 866 diu

843 882 918 914 fore
951 882 1115 927 intelligit
1133 909 1142 924 ‚
1171 891 1288 916 tamen
1323 885 1421 918 vivit.
1449 887 1522 927 Qui

843 934 1032 968 versiculus
1043 935 1133 968 bene
1143 945 1265 969 contra
1280 949 1338 971 eos
1347 938 1521 982 proferre-

847 995 903 1020 tur
921 988 981 1033 qui
996 1000 1118 1022 manus
1138 989 1202 1022 sibi
1220 989 1368 1030 illaturi,
1383 991 1520 1024 fortitu-

846 1039 967 1073 dinem
987 1039 1022 1073 id
1041 1049 1177 1086 putant.
1200 1042 1264 1074 En.

721 1183 907 1241 LVII.

618 1340 685 1368 AD
717 1319 1017 1368 SEVERUM.*

179 1452 411 1504 ΜΙΗΑΒΙΞ,
442 1449 572 1494 docto
601 1449 720 1510 quod
744 1451 938 1494 carmina
971 1451 1095 1494 mitto
1127 1452 1312 1507 Severo,

250 1521 317 1564 Ad
348 1537 517 1565 coenam
548 1520 667 1581 quod
699 1530 766 1573 te,
798 1520 926 1564 docte
955 1521 1140 1576 Severe,
1166 1523 1350 1567 vocem?

179 1593 349 1652 Jupiter
375 1591 590 1635 ambrosia
617 1601 737 1635 satur
762 1601 852 1646 est,
880 1600 922 1634 et
947 1601 1122 1635 nectare
1146 1595 1280 1647 vivit3

251 1663 344 1706 Nos
372 1672 518 1706 tamen
543 1672 640 1706 exta
666 1663 765 1705 Jovi
796 1661 931 1706 cruda
960 1678 1219 1724 merumque
1250 1665 1415 1709 damus.

165 1795 348 1829 *Caussam
359 1793 490 1835 reddit,
501 1807 564 1828 cur
572 1803 711 1840 poetam
723 1795 792 1827 exi-

111 1849 222 1882 mium
241 1847 351 1881 donet
367 1848 541 1889 carmine,
555 1860 619 1881 cur
634 1856 789 1881 saturum

113 1915 174 1936 seu
193 1900 339 1934 divitem
358 1914 491 1946 pauper
507 1901 640 1933 invitet.
655 1900 790 1934 Videor

114 1955 160 1987 ita
194 1967 278 1999 ego,
305 1954 419 1999 inquit
453 1954 580 1986 Noster
610 1958 724 1998 γλαῦκ’
748 1954 790 1991 εἰς

114 2003 238 2046 Ᾰθτζνας
253 2031 260 2043 ,
279 2007 414 2053 lignum
432 2007 468 2040 in
485 2007 614 2051 sylvas,
632 2019 737 2052 aquas
754 2007 791 2039 in

114 2072 210 2094 mare
225 2060 317 2093 ferre
333 2060 340 2093 Ξ

169 2126 194 2146 1.
208 2113 341 2146 Miraris
353 2140 362 2153 ‚
377 2113 483 2153 docto,
499 2122 565 2146 etc.
578 2113 648 2154 Qui
663 2112 794 2146 scilicet

116 2167 261 2199 meliora
275 2167 405 2207 multo,
424 2178 528 2211 quam
550 2178 614 2211 ego
635 2178 793 2211 unquam

117 2219 300 2259 factitabo‚
319 2219 472 2253 carmina
491 2218 712 2264 pangit.Vid.
731 2219 792 2251 lib.

118 2273 188 2312 IX,
210 2273 321 2317 epigr.
341 2284 454 2305 xxvn.

174 2339 209 2359 α.
229 2325 334 2369 Quum
351 2337 417 2370 pro
434 2324 519 2370 quod
535 2324 610 2356 MS.
634 2324 670 2356 in
688 2336 794 2369 marg.

119 2377 174 2411 ed.
190 2378 267 2411 Par.
290 2381 396 2423 1617.
417 2378 498 2411 item
515 2376 597 2410 edd.
619 2377 797 2410 Schrevel.

119 2431 233 2464 Maitt.
267 2431 369 2464 Barh.
399 2451 451 2456 —
474 2431 535 2464 Ad
565 2443 681 2462 coenam
700 2458 709 2469 ,
731 2439 796 2463 etc.

120 2482 300 2517 Modicam
311 2496 440 2529 nempe
456 2509 465 2524 ‚
481 2495 590 2529 quum
605 2483 741 2516 beatior
761 2491 798 2515 tu

121 2546 154 2570 et
175 2536 287 2569 multo
320 2537 520 2582 opulentior
550 2537 674 2570 eximie
704 2535 800 2569 domi

122 2589 287 2634 epuleris.
317 2591 357 2622 At
378 2598 499 2623 contra
530 2589 714 2628 Horatius,
740 2589 801 2622 lib.

123 2643 176 2676 111
189 2669 198 2684 ,
212 2641 270 2676 od.
292 2655 372 2675 xxix
383 2667 392 2683 ,
406 2655 455 2676 vs.
480 2655 492 2676 1
504 2641 522 2676 3
537 2654 567 2674 :v
591 2643 802 2687 Plerumque

196 2717 258 2757 Il.

848 1803 953 1840 gratae
972 1793 1140 1827 divitibus
1173 1795 1263 1829 vices
1279 1823 1288 1836 ,
1318 1796 1530 1843 mundaeque

848 1860 958 1893 parvo
983 1847 1047 1880 sub
1071 1847 1142 1880 lare
1165 1861 1361 1894 pauperum
1390 1851 1504 1883 Coenae
1520 1878 1530 1892 ,

850 1901 924 1933 sine
947 1900 1062 1933 aulaeis
1083 1909 1118 1933 et
1138 1909 1234 1934 ostro
1256 1902 1448 1936 Sollicitam
1471 1917 1529 1937 ex·

851 1953 1009 1998 plicuere
1035 1953 1198 1987 frontem.
1233 1972 1246 1983 u
1279 1955 1359 1988 Non
1390 1956 1463 1989 haec
1492 1957 1530 1989 in

851 2018 967 2039 caussa
996 2007 1098 2039 affert
1129 2007 1298 2040 Martialis
1313 2034 1323 2048 ,
1361 2007 1421 2041 sed
1456 2009 1531 2042 Diis

851 2058 945 2100 dari,
965 2058 1120 2092 dedicari
1141 2060 1249 2093 multa
1273 2061 1313 2094 iis
1331 2073 1414 2094 sane
1441 2062 1530 2095 infe-

851 2112 944 2145 riora
959 2124 1036 2158 quae
1046 2111 1240 2157 possident.

910 2166 943 2198 3.
961 2167 981 2196 Ῑ
989 2166 1060 2198 ἰ’νίτ.
1077 2182 1090 2193 α
1107 2165 1302 2200 Scriverius
1315 2169 1409 2200 vivo:
1425 2168 1532 2200 »Far-

855 2218 929 2251 nab.
944 2218 1099 2251 Sclzrecel.
1111 2219 1188 2251 MS.
1204 2219 1287 2252 Rev,
1298 2222 1373 2252 vino
1382 2221 1533 2265 -Jupi-

857 2279 904 2302 ter
913 2272 1080 2304 ambrosia.
1090 2272 1193 2304 Dona
1203 2280 1318 2305 tamen
1332 2281 1449 2307 nostra
1459 2285 1531 2306 non

856 2323 1000 2369 respuit.
1026 2325 1079 2357 De
1105 2324 1277 2357 ambrosia
1304 2337 1387 2358 vero
1411 2335 1445 2360 et
1470 2338 1532 2360 ne-

858 2385 951 2410 ctare
961 2389 1036 2422 quae
1048 2377 1101 2409 vel
1114 2377 1234 2422 pueris
1245 2377 1424 2411 notissima
1435 2387 1533 2420 sunt,

859 2442 1113 2475 supervacuum
1135 2442 1217 2464 saue
1239 2431 1330 2464 foret
1351 2431 1480 2466 dicere.

917 2487 951 2523 4.
975 2483 1084 2515 Tlutra
1103 2495 1169 2528 pro
1189 2483 1285 2515 cruda
1304 2483 1387 2519 edd.
1401 2494 1486 2519 vett.
1501 2495 1535 2519 et

862 2536 1010 2568 Farnah.
1047 2544 1080 2569 et
1112 2536 1227 2569 Maitt.
1260 2536 1389 2570 Melius
1419 2546 1535 2572 tamen

862 2589 981 2629 cruda3
998 2601 1079 2621 uam
1094 2587 1204 2623 cruda
1222 2589 1305 2623 Jovi
1322 2599 1355 2623 et
1372 2591 1445 2624 Diis
1461 2605 1535 2624 oni·

864 2642 966 2674 nibus
979 2668 986 2682 ,
1011 2651 1047 2675 ut
1074 2642 1291 2688 plurimum,
1308 2651 1385 2676 exta
1414 2645 1539 2676 offere-

1232 2717 1255 2768 2'8
1263 2730 1292 2757 (J
