1978 3305
372 243 584 285 EPIGR
606 242 962 286 AMMATUM
1001 243 1124 285 LIB.
1164 244 1251 285 IX.

1420 247 1515 304 [2¹9

181 331 237 373 Et
263 328 362 372 licet
384 328 469 372 hoc
491 328 623 372 addas
647 346 655 371 :
680 330 826 372 Potuit
846 330 919 389 qui
940 327 1039 372 talia
1063 328 1199 381 ferre,

250 400 501 442 Humanum
529 399 684 443 merito
715 398 899 443 finxerat
928 398 998 443 ille
1028 415 1176 460 genus.

179 513 260 556 Καὶ
287 515 445 563 τούτοις
472 514 533 556 ἔτι
560 513 749 572 πρόσθες·
782 499 840 563 ὃς
867 513 1004 572 ἴσχυσε
1035 508 1174 556 τοιοίδε
1196 519 1361 567 τλῆναι,

249 585 338 626 Οὐκ
369 584 456 633 ἐτὸς
482 581 527 629 ἦν
553 585 714 633 πλοῖς-ης
741 578 975 642 ἀνδρομέοιο
1002 584 1148 643 γένους.

165 705 198 736 7.
222 693 336 724 Potuit
355 693 408 737 qui
430 691 508 724 talia
528 692 628 734 set-re.
656 691 782 724 Sensus

110 752 160 777 ost
175 756 182 776 :
202 744 429 778 Prometheus
444 743 540 777 duris
558 743 719 777 cautibus
737 744 784 776 af-

111 798 199 831 fixus
211 823 221 839 ‚
245 797 318 842 ipse
338 797 425 830 saxis
446 795 569 829 durior
587 806 621 829 et
639 795 781 830 duriora

113 862 310 896 perpessus,
337 848 546 883 documenta
572 848 631 882 dat
659 848 783 882 duram

109 915 180 936 esse
201 902 352 936 hominis
366 903 570 948 progeniem
586 903 628 935 ab
648 902 708 936 illo
723 915 783 936 au-

110 963 223 995 ctore,
243 963 348 1001 atque
361 955 397 988 in
419 968 590 989 aerumnas
608 964 642 989 et
662 968 783 1001 poenas

111 1016 234 1041 natam.
255 1008 441 1054 ——Neque
464 1008 529 1041 hac
551 1009 593 1042 ab
614 1009 784 1042 sententia

842 691 990 724 multum
1008 691 1104 724 abest
1120 691 1436 734 Ovidius,Metam.
1455 695 1514 727 lib.

841 745 876 785 I,
903 747 974 787 414
989 770 998 784 ‚
1018 752 1203 789 postquam
1225 744 1269 778 de
1294 745 1451 791 lapidum
1480 748 1515 780 in

842 797 1001 830 homines
1031 797 1225 830 mutatione
1259 799 1451 838 enarravit,
1481 800 1517 833 id

841 850 1028 896 subjiciens
1043 861 1051 882 z
1069 849 1178 883 «Inde
1189 863 1301 895 genus
1319 850 1447 885 durum
1464 865 1518 885 su-

842 915 919 936 mus
934 928 943 943 ,
980 904 1231 949 experiensque
1266 904 1447 946 lab01·um;
1473 907 1516 938 Et

842 954 1055 989 documenta
1073 954 1215 997 damus,
1235 969 1302 1002 qua
1321 957 1425 990 simus
1446 958 1515 990 ori·

842 1008 922 1054 gine
939 1009 1022 1042 nati.
1037 1026 1050 1038 ›-
1073 1009 1139 1042 ΕΒ,

690 1123 934 1179 XLVII.

602 1262 659 1290 ΙΝ
711 1261 987 1290 GELLIUM.
1009 1242 1030 1259 *

182 1367 390 1409 GELLIUS
416 1363 601 1407 aedificat
630 1380 832 1425 semper:
862 1363 996 1408 modo
1022 1363 1169 1408 limina
1197 1367 1344 1426 ponit,

251 1437 382 1480 Nunc
408 1434 574 1479 foribus
597 1433 740 1478 claves
765 1443 908 1495 aptat,
940 1436 1131 1495 emitque
1157 1452 1302 1491 seras3

182 1508 309 1550 Nunc
338 1506 443 1561 has,
473 1522 590 1550 nunc
620 1504 713 1548 illas
741 1514 908 1560 mutat,
936 1506 1162 1566 reficitque
1192 1506 1415 1551 fenestras.

253 1578 373 1620 Dum
400 1585 546 1619 tamen
571 1575 777 1630 aedificet,
799 1575 1009 1636 quidlibet
1033 1575 1104 1620 ille
1132 1576 1260 1621 facit:

184 1648 341 1690 Oranti
365 1663 567 1690 nummos
588 1656 638 1690 ut
661 1646 804 1690 dicere
825 1647 961 1707 possit
983 1648 1123 1691 amico

254 1719 404 1761 Unum
430 1716 536 1760 illud
559 1717 742 1760 verbum
765 1716 953 1771 Gellius,
978 1717 1172 1761 AEdifico.

186 1831 346 1878 Γέλλιος
373 1823 594 1888 οἰκοδομῶν
623 1829 696 1871 αἰεὶ
721 1829 941 1888 προθύραια
965 1828 1118 1880 τίθησι,

254 1902 338 1942 Νῦν
364 1917 408 1960 γε
435 1899 568 1958 θύραις
595 1904 698 1950 κλεῖς
722 1899 799 1960 ἦρ’,
826 1899 847 1947 ’ἢ
876 1901 994 1960 ὀχέας
1022 1901 1207 1960 πρίαται·

185 1973 268 2013 Νῦν
295 1964 456 2030 θυρίδας
485 1972 638 2030 τεύχει,
665 1969 846 2030 μεταθεὶς
872 1976 1043 2020 πυκινῶς
1069 1971 1279 2033 ἀραρυίας·

255 2031 310 2082 Εν
338 2045 396 2094 τῷ
423 2034 461 2082 δ’
491 2035 714 2100 οἰκοδομεῖν
743 2043 897 2102 πρᾶγμ’
924 2045 1056 2083 ὁτιοῦν
1086 2042 1211 2085 ἀνύει·

187 2097 306 2172 ὄφρα
335 2105 491 2154 δύναιτ’
519 2110 638 2153 εἰπεῖν
670 2111 849 2154 αἰτοῦντι
876 2111 1050 2172 χρήμαθ’
1077 2113 1222 2172 ἑταίρῳ

256 2182 418 2224 Μοῦνον
447 2182 540 2231 ἔπος
565 2183 754 2241 κρατερὸν
785 2183 968 2235 Γέλλιος,
996 2177 1229 2242 Οἰκοδομῶ.

170 2291 184 2304 “
205 2294 395 2329 Sordidum
420 2304 455 2329 et
475 2296 680 2330 illiberalem
702 2304 794 2329 taxat

117 2348 284 2382 Gellium.

176 2415 189 2435 1
200 2429 207 2435 .
226 2402 327 2435 Selius
343 2400 551 2434 Beverlandi
564 2401 796 2434 MS.—AEdi-

909 2300 943 2335 4.
968 2295 1036 2328 Pro
1056 2303 1157 2328 tamen
1177 2296 1235 2329 alii
1255 2304 1375 2329 tantum
1397 2311 1408 2330 :
1431 2298 1528 2343 quod

853 2349 889 2381 in
926 2356 1059 2382 textum
1099 2349 1232 2394 recepit
1262 2349 1417 2391 Bar-boa,
1451 2352 1528 2385 Par.

860 2401 966 2445 1754.
988 2417 1039 2421 —
1058 2402 1232 2445 Quidlibet.
1257 2401 1330 2435 Sibi
1353 2402 1530 2449 quidlibet

109 2454 192 2499 ficat
218 2467 345 2499 semper.
373 2454 549 2487 Minutula
573 2454 689 2487 nescio
717 2466 794 2499 quae
856 2454 967 2487 facere
986 2453 1139 2487 videtur.

118 2519 255 2554 semper
277 2507 408 2548 reficit,
428 2516 467 2541 ut
489 2505 682 2540 aedificandi
703 2519 794 2551 prae-

909 2509 942 2539 6.
960 2505 1116 2551 AEdisiw.
1140 2508 1254 2554 Atque
1272 2508 1340 2542 hoc
1358 2518 1530 2555 praetextu

119 2569 214 2594 textu
232 2560 437 2593 illiberalem
456 2566 548 2605 tegat
561 2560 735 2601 animum,
750 2572 794 2593 ne
853 2559 943 2592 nihil
961 2559 1081 2593 amicis
1099 2559 1226 2602 donat,
1245 2561 1375 2608 quippe
1395 2564 1454 2608 qui
1470 2577 1529 2597 sua

119 2613 207 2659 quid
222 2614 259 2646 in
278 2613 408 2647 amicos
426 2621 554 2658 eroget.

175 2665 206 2699 3.
230 2666 318 2707 Alii,
336 2665 446 2710 reficit,
471 2673 615 2699 mulaeve.

853 2613 999 2657 pecunia
1014 2621 1110 2657 egeat
1126 2613 1169 2647 ad
1187 2613 1451 2658 aedificandum;
1467 2630 1530 2650 nec

855 2664 999 2698 aedifieat
1025 2674 1163 2706 tamen,
1183 2667 1243 2701 sed
1270 2680 1379 2713 pauca
1406 2679 1526 2703 mutat.

1227 2742 1318 2784 917²

1266 2782 1278 2801 l
