1978 3305
894 231 955 271 M.
979 230 1121 272 VAL.
1161 217 1558 273 MARTIALIS

729 316 897 358 Vestris
928 314 1127 358 addimus
1155 314 1268 358 hanc
1300 314 1405 358 focis
1437 330 1644 360 acerram.
1922 336 1934 359 5

728 385 807 428 His
834 401 912 428 vos
934 380 987 441 (si
1009 394 1155 428 tamen
1178 384 1353 445 expedit
1372 381 1571 446 roganti)

728 456 878 499 Annos
903 454 1048 498 addite
1069 455 1135 499 bis
1157 471 1314 515 precor
1336 471 1554 511 novenos,

730 526 793 568 Ut
822 525 1018 568 nondum
1049 526 1182 568 nimia
1211 525 1334 586 piger
1363 535 1556 582 senecta,

730 594 815 638 Sed
842 596 941 639 vitae
961 595 1099 639 tribus
1120 596 1230 639 areis
1249 596 1434 656 peractis

730 666 876 709 Lucos
905 665 1059 726 Elysiae
1086 675 1232 726 petam
1258 664 1425 726 puellae.

728 735 833 779 Post
856 735 975 780 hunc
996 738 1204 792 Nestora,
1224 753 1305 780 nec
1326 735 1440 779 diem
1466 735 1643 796 rogabo.

516 881 567 905 est
583 884 590 905 :
605 873 684 906 Jam
705 874 936 919 quinquagies
953 875 1079 920 septies
1095 875 1200 907 sacri·

518 925 757 959 ficiis-celebro
768 928 898 961 natales
908 926 1085 960 Kalendas
1102 938 1109 959 :
1125 939 1201 972 quae

518 986 634 1012 autem
661 979 865 1024 hujusmodi
893 980 1071 1013 sacrificiis
1099 979 1200 1012 adhi-

519 1032 690 1064 berentur
709 1033 895 1078 explicuit,
914 1032 976 1065 lib.
995 1033 1069 1073 IX,
1091 1032 1200 1078 epigr.

517 1086 588 1129 jam
609 1085 666 1118 cit.
688 1085 748 1118 ubi
769 1084 813 1118 de
834 1086 1022 1130 placentis,
1042 1097 1103 1118 seu
1121 1085 1202 1118 libis

521 1146 555 1170 et
580 1137 686 1170 thure
709 1137 873 1171 diximus.
898 1139 1023 1171 Acerra
1047 1150 1107 1171 vas
1128 1146 1200 1180 est,

521 1202 592 1234 quo
611 1190 690 1223 thus
704 1199 891 1223 crematur.

577 1242 610 1276 5.
623 1244 728 1275 Hanc.
741 1244 814 1276 Hos
825 1243 901 1276 MS.
920 1243 1127 1284 Pulmanni,
1141 1242 1202 1289 qui

523 1295 810 1340 conjicitltuc.———-
825 1297 844 1329 Ῑ
856 1298 948 1329 ‘ostris
957 1297 1054 1338 focis.
1073 1295 1115 1329 Id
1131 1305 1182 1329 est
1195 1323 1203 1338 ,

521 1348 645 1382 vestris
663 1348 743 1382 aris.

576 1413 610 1445 7.
629 1401 753 1434 Addita
768 1401 827 1434 bis.
841 1401 897 1435 Sic
916 1401 1021 1435 habet
1034 1401 1200 1436 Pulman.

523 1452 624 1486 coda·
647 1454 718 1487 Alii
729 1455 794 1499 leg.
813 1464 868 1487 ter.
884 1455 1024 1488 Rectius
1038 1454 1094 1488 bis.
1109 1455 1203 1488 Anni

522 1507 616 1539 enim
647 1519 691 1552 27
713 1507 823 1540 additi
845 1507 950 1540 nimis
972 1516 1006 1541 et
1030 1507 1119 1541 ultra
1141 1519 1202 1540 vo-

524 1567 595 1592 tum
616 1560 730 1593 Poetae
751 1560 979 1594 extenderent
999 1568 1171 1594 senectam
1193 1572 1201 1593 τ

523 1621 636 1645 essent
657 1613 751 1646 enim
771 1614 915 1653 31111184
932 1621 966 1646 01
982 1613 1030 1646 510
1046 1621 1204 1647 senectus

524 1664 721 1711 decrepita3
738 1666 834 1712 quod
851 1666 1013 1712 proximo
1032 1666 1202 1700 versiculo

527 1736 538 1746 r·
550 1718 600 1751 Ut
619 1718 778 1752 nondum
793 1720 900 1752 nimia
918 1719 1016 1765 piger
1031 1728 1168 1753 senecta
1184 1737 1197 1749 »ι

523 1769 705 1816 deprecari
721 1771 874 1806 videtur.
890 1772 1031 1806 Furrml).
1046 1772 1201 1806 Selii-evol.

524 1844 575 1850 —
602 1825 661 1858 Bis
684 1838 798 1870 precor
823 1839 966 1859 novenos.
997 1824 1201 1859 Octodecim

525 1889 634 1910 annos
650 1876 767 1911 addite
784 1879 1038 1924 quinquaginta
1050 1886 1182 1924 septem
1194 1904 1204 1920 ‚

526 1938 559 1963 et
575 1939 679 1964 erunt
702 1931 761 1976 75.

580 1996 615 2027 9.
634 1983 752 2016 Aut-eis
767 1983 848 2018 edd.
866 1992 949 2017 vett.
968 1984 1057 2017 Cum
1077 1984 1132 2017 his
1150 1997 1204 2018 ve-

525 2043 583 2068 tus
600 2035 708 2070 codex
726 2037 851 2071 citatus
861 2037 1070 2070 Pulmanno.
1087 2038 1204 2070 Aureis

525 2088 683 2134 explodit
704 2090 900 2123 Scriverius
920 2098 954 2123 et
975 2099 1091 2123 tuetur
1107 2090 1204 2124 Flos-

526 2142 637 2176 culus.
657 2143 729 2176 Nos
751 2155 831 2177 cum
852 2142 935 2176 Adr.
953 2143 1122 2176 Turneho
1143 2143 1203 2176 lib.

528 2195 630 2228 XXX
645 2222 653 2236 ,
667 2209 742 2242 cap.
766 2196 784 2228 3
796 2223 804 2237 ,
822 2196 967 2241 legimus
988 2196 1084 2228 trihus
1103 2199 1204 2234 «reis,-

526 2255 561 2281 et
596 2248 661 2281 tria
694 2249 774 2282 vbae
809 2249 918 2295 spatia
952 2249 1203 2295 intelligimus,

527 2302 711 2346 pueritiam
743 2313 886 2347 nempe,
909 2303 1150 2348 juventutem,
1172 2311 1206 2335 et

527 2354 928 2396 senectam.—Quidam
950 2355 1070 2389 volent
1089 2355 1205 2388 forsan

525 2406 583 2440 1110
619 2420 691 2440 esse
725 2421 838 2441 aream
875 2408 954 2441 vitae
993 2409 1036 2442 25
1077 2421 1184 2441 annos
1197 2434 1206 2448 ,

525 2461 604 2503 quia
627 2473 752 2507 nempe
774 2461 860 2494 illud
881 2469 931 2494 est
950 2461 1022 2494 scre
1044 2461 1205 2495 hunianae

525 2513 603 2545 vitae
621 2513 717 2558 quod
735 2523 861 2548 vocant
879 2515 1026 2559 spatium
1050 2513 1205 2547 medium

525 2561 537 2606 ζ
552 2565 645 2597 dun-'e
663 2579 811 2611 marc-nne
824 2566 846 2606 ).
872 2567 915 2600 Et
933 2567 981 2600 sic
998 2576 1068 2601 tres
1090 2567 1205 2600 1101111-

525 2630 606 2650 1111111
643 2628 757 2652 armies
781 2619 914 2653 viderat
942 2620 1092 2660 Nestoi-3
1123 2633 1204 2653 nain

1259 874 1386 907 vixisse
1401 874 1503 907 illum
1523 874 1624 907 annis
1640 874 1730 908 CCC
1746 873 1936 908 absurdum

1259 926 1363 960 nimis
1385 926 1487 960 foret.
1512 927 1557 960 Et
1575 927 1670 960 hunc
1689 939 1828 961 sensum
1854 940 1938 968 1105,

1259 980 1287 1012 51
1304 992 1377 1012 11011
1393 979 1498 1025 primi
1515 979 1710 1013 indicamus
1721 1005 1730 1022 ‚
1742 988 1837 1014 certe
1854 993 1936 1026 pro-

1260 1032 1383 1065 bamus
1412 1040 1447 1065 et
1476 1032 1732 1077 amplectimur.
1761 1034 1938 1069 Caeteruin

1256 1083 1390 1129 judicet
1408 1085 1529 1118 lector.
1549 1084 1790 1126 ED.——Quod
1811 1086 1838 1119 si
1857 1098 1937 1119 011111

1260 1137 1478 1178 Pulmanno,
1500 1138 1662 1171 Flosculo
1692 1146 1726 1171 et
1748 1137 1828 1172 edd.
1852 1146 1936 1172 vett.

1260 1193 1364 1222 aureis
1396 1191 1488 1236 legas
1523 1203 1588 1236 pro
1625 1193 1708 1223 aret}
1722 1217 1732 1231 ,
1768 1192 1939 1237 intelliges

1260 1255 1404 1288 quoque
1416 1242 1460 1276 de
1477 1243 1695 1289 septuaginta
1708 1244 1866 1290 quinque
1878 1257 1938 1277 an-

1261 1296 1315 1328 nis
1344 1296 1518 1341 peractis:
1538 1309 1662 1330 aureus
1694 1297 1786 1330 enim
1820 1298 1939 1330 Romae

1261 1349 1494 1382 aestimabatur
1512 1349 1636 1394 viginti
1659 1350 1816 1395 quinque
1831 1349 1938 1383 dena-

1260 1401 1342 1442 riis;
1357 1410 1425 1435 tres
1436 1414 1520 1435 vero
1533 1402 1629 1436 aurei
1645 1403 1806 1436 efficiunt
1821 1402 1873 1447 75,
1883 1401 1942 1435 de·

1260 1455 1376 1488 narios
1386 1479 1395 1495 ‚
1413 1467 1602 1488 numerum
1617 1456 1751 1489 scilicet
1764 1467 1939 1489 annorum

1260 1520 1347 1552 quos
1375 1516 1472 1553 optat
1495 1508 1614 1541 Poeta.
1644 1508 1696 1541 Ita
1722 1507 1878 1541 Raderus
1906 1516 1939 1540 et

1261 1560 1468 1594 Farnabius.
1486 1559 1552 1593 Sed
1573 1560 1610 1594 id
1631 1561 1748 1595 minus
1770 1561 1918 1606 elegans.

1319 1625 1375 1646 10.
1402 1614 1527 1660 Elysioe
1547 1613 1675 1659 puelloe.
1700 1614 1940 1660 Proserpina>3

1260 1665 1297 1698 id
1315 1675 1382 1708 est,
1399 1666 1542 1700 moriar.

1319 1732 1332 1752 1
1346 1732 1359 1752 1
1369 1746 1376 1753 .
1390 1720 1471 1753 Post
1484 1720 1550 1753 leaec
1563 1728 1700 1765 tempora
1711 1720 1819 1753 Palat.
1831 1718 1940 1753 codex

1261 1780 1295 1805 et
1316 1770 1397 1806 edd.
1424 1781 1509 1806 vett.
1533 1782 1566 1807 et
1587 1773 1733 1807 Farnab.
1757 1773 1884 1818 Delph.
1907 1781 1940 1805 et

1261 1825 1402 1858 Barboa.
1428 1843 1441 1855 α
1458 1826 1527 1859 Pro
1548 1826 1686 1860 Nestora
1705 1825 1783 1860 cod.
1804 1827 1939 1859 Beverl.

1261 1877 1367 1911 hahet
1395 1891 1449 1912 nec
1473 1879 1604 1919 horam,
1630 1879 1690 1913 alii
1714 1878 1858 1925 quidam
1886 1891 1941 1911 uec

1261 1932 1366 1965 horas.
1380 1930 1485 1966 Unde
1500 1932 1676 1966 Gruterus
1690 1931 1941 1978 elegantissime

1262 1993 1295 2018 et
1326 1984 1524 2025 verissime,
1552 1986 1635 2018 Post
1664 1985 1745 2018 luuec
1782 1985 1938 2022 Neszom,

1261 2036 1358 2082 quod
1377 2037 1488 2071 miror
1509 2037 1683 2072 Scriverio
1700 2045 1867 2084 spretum.
1886 2037 1940 2069 Si-

1261 2090 1403 2134 gnificat
1413 2117 1421 2132 ‚
1433 2091 1515 2124 Post
1529 2091 1598 2124 hoc
1615 2091 1679 2124 oevi
1693 2091 1853 2125 Nestorei
1869 2102 1942 2135 spa-

1262 2144 1362 2175 tium.
1380 2143 1436 2176 Sic
1451 2144 1532 2176 Juv.
1552 2152 1614 2177 sat.
1636 2156 1706 2185 xu,
1729 2146 1798 2177 128
1818 2157 1824 2176 ε
1845 2143 1943 2175 Vivat

1264 2196 1424 2228 Pacuvius
1466 2196 1520 2228 ‘rel
1544 2198 1682 2230 Nestora
1712 2205 1821 2229 totum.
1846 2196 1941 2229 11131·-

1266 2248 1427 2281 tialislib.
1444 2249 1514 2290 XI,
1531 2249 1643 2295 epigr.
1662 2261 1716 2282 xn
1727 2251 1781 2296 qui
1794 2249 1945 2283 Mentora

1259 2302 1409 2345 *lb-angelh-
1429 2300 1465 2334 id
1487 2310 1557 2343 est,
1576 2302 1801 2336 Mentoreum
1825 2310 1941 2336 toreu-

1266 2367 1331 2386 ma.
1352 2355 1432 2388 Post
1448 2354 1528 2388 istas
1548 2364 1617 2389 tres
1633 2367 1728 2389 areas
1739 2380 1749 2397 ‚
1765 2354 1830 2388 tria
1845 2355 1942 2401 quasi

1266 2407 1378 2440 secula
1396 2407 1582 2449 Nestorea,
1596 2420 1660 2442 nec
1678 2407 1791 2447 diem,
1807 2407 1944 2453 inquit,

1266 2461 1406 2505 rogabo.
1427 2459 1560 2494 Eodem
1581 2461 1756 2506 pertinet,
1776 2459 1870 2506 quod
1894 2468 1945 2493 est

1267 2514 1356 2546 infra
1388 2513 1496 2559 epigr.
1532 2526 1647 2548 xm'ni
1669 2513 1832 2547 immodico
1856 2522 1943 2545 setta

1268 2567 1392 2599 Nerone
1420 2567 1523 2607 σιώ-ι,-
1552 2580 1617 2613 pro
1652 2566 1796 2602 thermis
1831 2565 1943 2599 Nero·

1269 2619 1394 2653 nianis.
1408 2637 1421 2648 υ
1450 2619 1639 2654 Gronovius.

1939 1076 1948 1093 1
