1978 3305
393 225 490 270 662

762 227 824 269 M.
854 226 995 270 VAL.
1034 227 1418 269 MARTIALIS

529 315 595 356 Tu
621 313 726 356 mihi
752 313 854 367 das,
879 314 985 356 aviae
1007 313 1148 374 qualia
1172 329 1298 356 mane
1321 312 1445 356 soles.

461 383 552 427 Nec
575 393 696 426 motu
718 382 908 443 dignaris
931 400 1063 443 opus,
1087 400 1167 427 nee
1190 399 1297 427 voce
1317 383 1494 443 juvare,

531 454 624 496 Nec
648 452 812 512 digitis3
834 462 1040 513 tanquam
1062 453 1193 497 thura
1219 469 1474 514 merumque
1497 469 1635 513 pares.

460 523 849 566 Masturbabantur
870 523 1047 583 Phrygii
1069 533 1169 584 post
1192 523 1302 567 ostia
1325 525 1464 577 servi,

530 595 748 636 Hectoreo
772 593 940 653 quoties
963 593 1132 637 sederat
1156 610 1267 637 uxor
1286 609 1410 653 equo.

462 665 515 706 Et
538 663 734 723 quamvis
757 663 910 706 Ithaco
933 672 1163 717 stertente,
1187 663 1344 724 pudica
1366 661 1532 706 solebat

530 731 620 776 Illic
643 732 860 794 Penelope
883 750 1054 794 semper
1075 733 1237 777 habere
1258 749 1450 777 manum.

462 803 674 847 Paedicare
699 819 831 864 negas
855 820 864 847 :
886 803 1017 847 dabat
1041 804 1125 848 hoc
1148 803 1351 848 Cornelia
1375 803 1605 856 Graecho3

525 875 549 916 J
552 873 638 916 ulia
658 874 889 934 Pompei03
910 874 1083 928 Porcia,
1106 877 1238 918 Brute
1251 910 1264 928 .,
1283 874 1371 917 tibi.

461 942 613 987 Dulcia
636 944 860 988 Dardanio
886 943 1080 988 nondum
1107 945 1316 988 miscente
1340 943 1538 987 ministro

527 1013 687 1058 Pocula
705 1049 716 1069 ,
740 1016 764 1057 J
768 1031 856 1057 uno
883 1015 963 1057 fuit
987 1031 1068 1075 pro
1093 1013 1344 1075 Ganymede
1367 1014 1478 1057 Jovi.

456 1085 499 1128 Si
522 1093 564 1127 te
587 1083 774 1128 delectat
795 1085 1011 1145 gravitas,
1036 1086 1239 1128 Lucretia
1263 1094 1356 1128 toto

526 1155 592 1198 Sis
615 1153 714 1198 licet
738 1171 874 1215 usque
899 1155 968 1198 die
988 1172 999 1211 ;
1019 1155 1154 1198 Laida
1182 1165 1310 1199 nocte
1331 1154 1446 1198 volo.

384 1282 488 1315 quam
511 1277 592 1302 sunt
613 1269 745 1314 nuptiae
765 1270 1020 1303 columbarum.
1040 1287 1054 1300 η

442 1334 453 1354 1
463 1335 498 1356 0.
511 1324 604 1354 Avioe
614 1322 722 1368 qualia
733 1336 821 1355 mane
830 1323 920 1356 soles.
937 1323 1036 1356 Casta
1049 1347 1058 1364 ‚

383 1375 496 1420 qualia
515 1374 582 1406 sibi
601 1374 751 1408 invicem
767 1375 879 1408 libant
901 1376 928 1408 οἱ
948 1389 1061 1421 συγγε-

382 1429 445 1466 νεῖς
465 1428 666 1466 ἀσπάζοντες
688 1428 742 1461 καὶ
764 1432 933 1473 φιλοῦντες.

441 1492 454 1513 1
467 1492 497 1514 1.
515 1481 584 1514 Nec
603 1488 687 1514 motu
702 1507 711 1520 ,
732 1490 796 1515 etc.
818 1481 931 1526 Supra
948 1481 1058 1527 epigr.

382 1546 427 1566 Lx
447 1545 456 1566 :
473 1550 486 1563 n
509 1534 554 1566 At
576 1533 711 1566 Chione
733 1547 804 1567 non
826 1534 931 1568 sentit
951 1546 1058 1579 opus,

383 1598 447 1619 nec
473 1586 615 1619 vocibus
643 1586 721 1620 ullis
744 1586 895 1632 Adjuvat
911 1598 919 1620 ε
937 1587 1058 1620 absen-

383 1646 452 1672 tem
476 1651 751 1672 marmoreamve
774 1649 888 1685 putes.
909 1657 922 1670 n

441 1704 454 1725 1
467 1705 497 1725 α.
506 1693 670 1736 Tanquam
680 1693 772 1725 thura
782 1720 792 1733 ‚
806 1693 1057 1738 etc.Tanquam

384 1757 468 1790 pura
479 1770 487 1785 ,
508 1753 542 1778 et
557 1757 631 1777 rem
650 1743 806 1778 divinam
825 1746 928 1779 thure
944 1758 1058 1778 mero-

382 1810 450 1843 que
469 1797 612 1831 factura.
632 1797 737 1831 Ovid.
756 1800 878 1832 Amor.
897 1800 967 1839 III,
984 1811 1037 1831 vu

384 1850 429 1883 53
447 1863 476 1884 :u
493 1850 550 1883 Sic
565 1850 674 1895 surgit
696 1864 796 1884 mane
818 1852 950 1897 puella,
971 1852 1056 1884 Pro·

381 1903 477 1936 tinus
491 1911 528 1936 ut
538 1911 673 1936 sanctos
688 1904 795 1949 possit
807 1903 905 1938 adire
916 1905 1018 1937 Deos.
1036 1922 1050 1934 n

439 1960 496 1996 14.
519 1956 674 1988 Hectoreo
690 1983 698 1996 ‚
723 1965 789 1990 etc.
813 1957 958 1999 Quoties
980 1961 1053 1989 An-

380 2007 568 2042 dromache
585 2017 619 2042 et
636 2009 708 2053 ipsa
727 2009 854 2055 pudica
872 2022 935 2055 per
954 2010 1052 2043 lasei-

381 2074 461 2094 vum
494 2061 618 2094 ludum
653 2061 795 2096 Hectori
822 2061 970 2104 insedit3
997 2064 1051 2097 vel

380 2115 527 2147 allusum
542 2113 586 2147 ad
604 2127 692 2148 vers.
711 2117 784 2160 778
807 2115 913 2149 Ovid.
932 2129 996 2156 111,
1012 2115 1055 2149 de

381 2168 464 2200 Arte
474 2180 506 2200 :a
519 2167 670 2201 Thebais
686 2168 859 2202 Hectoreo
876 2177 985 2214 nupta
1000 2182 1054 2202 re-

379 2219 468 2253 sedit
484 2233 586 2265 equo.
603 2238 616 2250 n
630 2221 674 2253 Et
691 2221 833 2255 Flaccus
849 2222 910 2255 lib.
926 2223 977 2263 ΙΙ,
992 2231 1053 2256 sat.

379 2284 432 2305 vti
446 2299 454 2313 ‚
480 2272 524 2306 5⁴)
538 2299 547 2314 ,
567 2291 580 2303 α
599 2274 742 2319 agitavit
772 2287 902 2320 equum
931 2275 1054 2309 lasciva

378 2337 555 2370 supinum.
572 2343 585 2355 a

437 2378 494 2411 15.
516 2380 563 2411 Ec
583 2382 740 2424 quamvis.
763 2380 807 2413 Et
830 2381 955 2426 Ulysse
974 2380 1055 2414 dor-

378 2431 510 2464 miente
524 2456 533 2472 ,
564 2431 619 2464 illa
640 2440 741 2465 castae
761 2433 860 2466 famae
879 2434 1053 2480 Penelope

376 2492 448 2517 crat
468 2482 598 2522 λεσῧιὰς
609 2484 775 2529 τρίὲουσα.

436 2548 490 2580 17.
510 2536 620 2569 Dabat
641 2539 698 2570 Ιιοι-
718 2538 867 2572 Cornelia
889 2538 1050 2579 Graccho,

375 2598 440 2622 etc.
456 2589 772 2624 verecundissimae
795 2601 958 2625 matronae
984 2594 1051 2625 llo-

375 2654 484 2675 nianae
509 2655 579 2674 non
607 2644 777 2688 negabant
810 2644 896 2678 illud
922 2646 1052 2678 maritis.

1118 1270 1190 1303 suis
1211 1270 1294 1304 viris
1315 1268 1543 1316 gravissimis:
1566 1269 1627 1302 lib.
1649 1270 1717 1310 IX,
1738 1282 1792 1314 ep.

1118 1336 1248 1357 valn.

1175 1389 1189 1410 1
1198 1390 1218 1420 9
1225 1403 1231 1409 .
1238 1376 1406 1409 Dardanio
1417 1375 1710 1420 ministro.Ganym
1717 1374 1794 1416 ede,

1117 1429 1178 1474 qui
1195 1429 1308 1462 Hebes
1329 1429 1445 1461 locum
1467 1428 1504 1461 iu
1520 1428 1603 1461 caelo
1619 1427 1773 1461 obtinuit
1785 1454 1794 1469 ‚

1116 1490 1236 1515 nectar
1254 1481 1328 1515 Diis
1347 1490 1381 1515 et
1394 1481 1603 1515 ambrosiam
1620 1480 1794 1514 ministra-

1117 1543 1227 1568 turus.

1173 1600 1231 1621 20.
1251 1588 1347 1620 Juno.
1361 1588 1405 1621 Et
1422 1588 1494 1632 ipsa
1509 1586 1697 1620 castissima
1712 1598 1793 1620 con-

1115 1641 1203 1686 jugii
1220 1653 1344 1687 praeses
1356 1652 1364 1673 z
1378 1649 1411 1674 at
1427 1649 1542 1673 tamen
1553 1666 1562 1679 ‚
1576 1638 1792 1685 aliquamdiu

1117 1693 1197 1727 sivit
1220 1693 1435 1740 Ganymedis
1463 1693 1541 1727 loco
1566 1693 1691 1726 Jovem
1718 1693 1790 1738 ipsa

1118 1747 1181 1780 uti.
1204 1747 1248 1780 Et
1268 1746 1326 1780 hic
1345 1756 1451 1788 nota,
1471 1758 1575 1792 quam
1598 1746 1687 1778 hene
1709 1758 1790 1790 pro·

1117 1807 1233 1833 tervus
1251 1808 1352 1845 poeta
1368 1800 1427 1833 illa
1441 1807 1582 1832 revocet
1600 1811 1677 1844 quae
1694 1798 1791 1844 prius

1116 1852 1238 1893 finxit;
1254 1866 1332 1886 nam
1349 1865 1451 1898 supra
1468 1852 1670 1898 epigramm.
1685 1863 1790 1885 xmn.

1120 1906 1238 1938 «Dixit
1259 1905 1354 1939 idem
1376 1906 1514 1951 quoties
1540 1904 1668 1938 lascivo
1695 1906 1790 1938 Juno

1113 1958 1288 1999 Tonanti;
1319 1959 1384 1992 Ille
1413 1967 1529 1991 tamen
1562 1957 1680 2003 gracili
1708 1970 1790 1992 cum

1112 2011 1320 2057 Ganymede
1338 2013 1439 2056 jacet.
1456 2028 1470 2041 ι·

1171 2078 1188 2098 a
1200 2076 1230 2098 1.
1249 2066 1409 2098 Lucretia.
1429 2064 1554 2098 Gravis
1570 2072 1604 2097 et
1621 2071 1711 2097 casta
1725 2087 1735 2104 ‚
1752 2071 1790 2096 ut

1114 2117 1289 2151 Lucretia.

1171 2183 1231 2203 22.
1248 2170 1373 2203 Thaida
1398 2168 1478 2203 edd.
1506 2177 1589 2203 vett.
1620 2178 1654 2203 et
1675 2169 1788 2202 Maitt.

1116 2223 1270 2256 Recentt.
1288 2236 1408 2256 omnes
1432 2231 1540 2256 nostr.
1558 2223 1634 2256 lect.
1651 2223 1695 2256 Et
1711 2222 1788 2267 qui-

1114 2274 1192 2309 dem
1220 2275 1327 2309 Laida
1350 2276 1563 2321 praetulerim
1577 2300 1588 2315 ‚
1608 2288 1715 2321 quum
1743 2275 1788 2307 ob

1114 2329 1266 2362 nominis
1281 2328 1475 2362 dulciorem
1492 2329 1788 2373 amoenioremquc

1113 2394 1238 2415 sonum
1250 2409 1260 2423 ‚
1279 2390 1355 2415 tum
1375 2381 1471 2428 quod
1487 2382 1710 2416 meretricum
1731 2381 1788 2414 illa

1112 2435 1271 2468 omnium
1299 2436 1476 2469 notissima
1504 2444 1537 2468 et
1563 2434 1786 2468 celeberrima

1113 2488 1192 2521 Lais
1223 2488 1367 2522 exstitit.
1384 2510 1437 2514 -—
1455 2487 1557 2520 Laida
1584 2496 1675 2521 nocte
1707 2487 1786 2520 volo.

1113 2540 1264 2573 Facilem
1283 2550 1317 2575 et
1333 2541 1491 2574 lascivam
1510 2549 1546 2574 ut
1566 2539 1692 2582 Laida,
1711 2553 1787 2586 qum

1113 2603 1329 2627 memoratur
1350 2607 1368 2628 a
1390 2594 1572 2639 plui-ibim,
1600 2602 1671 2627 tum
1697 2593 1784 2627 anti-

1112 2646 1192 2691 quis
1204 2673 1212 2688 ,
1230 2656 1305 2680 tum
1324 2647 1586 2680 recentioribus.
