1978 3305
496 239 587 284 190

859 225 919 267 M.
944 225 1082 268 VAL.
1124 226 1517 272 MARTIALIS

1007 375 1378 432 LXXXIX.

869 532 934 560 DE
973 531 1255 561 PANARETO
1294 531 1519 562 POTORE.

557 644 708 700 Quum
734 653 902 704 peteret
927 660 1067 689 seram
1093 644 1236 689 media
1257 645 1346 705 jam
1371 655 1501 690 nocte
1530 647 1746 694 matellam

628 715 795 775 Arguto
823 714 1023 759 madidus
1049 714 1205 776 pollice
1229 717 1490 771 Panaretus;

555 782 775 844 Spoletina
801 784 900 829 data
926 795 1011 841 est,
1034 785 1109 830 sed
1133 803 1263 847 quam
1287 787 1528 831 siccaverat
1551 789 1666 850 ipse;

625 856 720 899 Nec
751 854 893 900 fuerat
922 855 1001 900 soli
1031 865 1153 900 tanta
1177 855 1331 917 lagena
1360 857 1474 901 satis.
1625 851 1629 853 ⁵

557 923 636 968 Ille
663 925 749 969 fide
776 942 946 970 summa
976 935 1096 970 testae
1122 942 1200 971 sua
1223 927 1323 970 vina
1344 943 1594 984 remensus,

626 995 834 1040 Reddidit
862 996 1095 1058 oenophori
1123 996 1318 1058 pondera
1349 996 1477 1058 plena
1503 999 1581 1043 sui.

554 1066 752 1122 Miraris,
775 1076 986 1128 quantum
1009 1066 1202 1123 biberat,
1224 1067 1389 1128 cepisse
1417 1067 1646 1129 lagenam?

623 1137 787 1181 Desine
818 1137 988 1193 mirari,
1016 1137 1162 1181 Rufe:
1193 1153 1364 1182 merum
1394 1137 1579 1183 biberat.

541 1287 570 1308 1.
590 1275 669 1309 Cum
682 1283 803 1321 peteret
820 1289 934 1310 saevam
952 1274 1062 1309 codex
1078 1276 1160 1310 Pul-

486 1327 615 1361 manni.
630 1350 684 1354 —
699 1329 877 1363 Matellam.
896 1329 967 1362 Vas
981 1328 1026 1363 ad
1047 1329 1162 1363 effun-

485 1379 640 1414 dendum
657 1381 797 1414 lotium.

541 1448 573 1467 9..
598 1435 728 1478 Arguto
750 1434 876 1480 pollice.
909 1434 1036 1481 Digitis
1066 1435 1161 1469 enim

486 1487 579 1520 inter
610 1500 644 1520 se
676 1487 804 1521 collisis
817 1512 827 1528 ‚
863 1488 990 1533 pollice
1019 1488 1092 1522 scil.
1129 1497 1163 1522 et

482 1539 600 1573 medio
633 1540 765 1586 digito,
786 1541 965 1586 *crepitum
987 1540 1138 1575 edebant
1151 1566 1159 1580 ,

483 1593 619 1638 siguum
634 1606 762 1640 nempe
775 1593 916 1628 matulae
928 1593 1162 1639 porrigendae.

484 1645 576 1679 Vide
588 1647 648 1680 lib.
663 1647 735 1687 ΙΙΙ,
748 1647 856 1693 epigr.
869 1659 997 1680 Lxxxn
1010 1673 1019 1689 ,
1030 1660 1080 1681 vs.
1103 1660 1117 1681 1
1127 1647 1162 1689 5,

483 1709 517 1732 et
534 1699 595 1732 lib.
619 1699 717 1742 XIV,
737 1700 846 1746 epigr.
866 1712 960 1734 cx1x.
978 1722 1030 1727 —
1049 1700 1161 1734 Madi-

481 1752 551 1786 dus.
572 1753 678 1785 Vino.

537 1806 570 1839 3.
588 1805 751 1850 Spoletina
769 1805 847 1839 data
864 1814 928 1846 est,
947 1814 1012 1840 etc.
1029 1806 1162 1841 Fictilis

482 1858 624 1903 lagena,
650 1871 754 1904 quam
780 1859 863 1892 vino
883 1859 1063 1905 Spoletino
1087 1860 1160 1905 ple-

481 1923 562 1944 nam
592 1911 778 1946 exsiccarat
793 1938 802 1953 ,
836 1912 970 1946 etiamsi
1001 1913 1161 1958 capacior

480 1964 602 1998 fuisset
616 1991 624 2005 ‚
660 1965 900 1999 exhausturus.
942 1965 1046 1999 Forte
1079 1966 1159 2012 quia

480 2017 632 2063 Spoleti,
650 2019 738 2051 urbe
760 2018 916 2052 Umbriae
929 2044 938 2060 ‚
953 2018 1052 2052 facta.
1074 2038 1077 2040 >

535 2075 569 2112 4.
591 2070 711 2105 Codex
730 2072 869 2106 Thuan.
896 2079 985 2105 tanta
1011 2073 1125 2117 lagena
1144 2085 1157 2106 .-

481 2123 592 2158 codex
607 2125 762 2158 Florent.
784 2133 859 2158 toto.

536 2179 568 2211 5.
588 2178 726 2222 lllestde
747 2192 865 2211 summa
886 2186 972 2211 testoe
994 2192 1050 2211 sua
1065 2206 1072 2218 ,
1091 2186 1155 2211 etc.

481 2230 658 2265 Convenit
683 2231 772 2265 ratio
795 2232 927 2278 accepti
947 2244 986 2265 ac
1005 2229 1158 2272 redditi,

482 2295 551 2317 non
583 2285 679 2319 auxit
708 2285 832 2318 viuum
857 2283 1012 2319 adhibita
1040 2283 1083 2319 ad
1104 2283 1158 2317 di-

1221 1275 1393 1309 luendum
1405 1288 1513 1322 aqua;
1528 1275 1627 1322 quod
1641 1278 1696 1311 vel
1708 1290 1749 1311 ex
1765 1278 1902 1312 ratione

1221 1328 1370 1363 redditae
1390 1328 1433 1363 ad
1452 1331 1582 1375 justam
1604 1343 1805 1364 mensuram
1828 1332 1900 1364 uri-

1222 1394 1295 1421 nae,
1313 1383 1451 1428 jocatur
1469 1383 1593 1424 Poeta,
1617 1393 1774 1417 constare
1796 1384 1904 1417 Pana-

1221 1443 1337 1469 retum
1358 1435 1484 1469 bibisse
1503 1448 1652 1469 merum.
1667 1437 1897 1470 —Remensus.

1223 1488 1298 1522 Hoc
1311 1495 1377 1529 est,
1397 1497 1532 1522 tantum
1544 1489 1619 1521 lotii
1632 1488 1775 1529 effudit,
1789 1502 1900 1535 quan-

1222 1549 1298 1575 tum
1324 1540 1398 1574 vini
1419 1541 1574 1582 biberat,
1599 1549 1705 1588 atque
1728 1543 1900 1588 oenopho-

1221 1606 1300 1627 rum
1320 1606 1382 1628 seu
1401 1607 1461 1628 vas
1478 1594 1653 1628 vinarium
1673 1595 1818 1629 omnino
1835 1596 1900 1629 im-

1221 1647 1342 1693 plevit.

1277 1701 1311 1735 8.
1330 1701 1447 1733 Desine
1468 1702 1588 1734 mirari.
1611 1699 1724 1734 Rufus
1751 1701 1900 1735 miraba-

1221 1761 1291 1795 tur,
1307 1752 1402 1799 quod
1415 1765 1522 1799 quum
1536 1754 1726 1788 Panaretus
1742 1753 1898 1798 lagenam

1221 1805 1389 1852 integram
1406 1806 1610 1840 exsiccasset
1622 1832 1631 1848 ,
1647 1819 1718 1839 non
1735 1806 1812 1852 plus
1826 1808 1899 1840 uri-

1219 1872 1273 1893 nae
1290 1859 1504 1900 reddiderit,
1523 1871 1632 1905 quam
1654 1867 1826 1904 quantum
1848 1860 1898 1893 la-

1219 1925 1305 1958 gena
1315 1912 1477 1957 cepisset3
1488 1924 1596 1958 quum
1607 1924 1649 1945 ex
1656 1912 1792 1945 ratione
1802 1925 1900 1958 aquae

1219 1978 1324 2011 quarn
1349 1966 1430 1998 vino
1454 1966 1661 2005 miscuerat,
1683 1965 1796 1998 multo
1824 1977 1898 1998 am·

1219 2019 1312 2064 plius
1335 2018 1497 2052 debuerit
1524 2027 1557 2052 et
1582 2018 1730 2058 bibisse,
1753 2026 1787 2051 et
1810 2019 1898 2064 reje-

1218 2072 1315 2105 cisse.
1334 2070 1539 2116 Respondet
1556 2071 1663 2104 Poeta
1689 2072 1898 2104 Panaretum

1218 2137 1291 2158 non
1314 2123 1512 2158 adhibuisse
1537 2136 1682 2169 aquam,
1706 2122 1766 2156 sed
1787 2135 1898 2158 mera·

1217 2190 1296 2211 cum
1332 2178 1454 2210 vinum
1489 2177 1614 2210 bibisse
1642 2188 1648 2209 :
1684 2185 1787 2222 atque
1816 2177 1898 2211 binc

1218 2243 1350 2264 sumnia
1373 2229 1443 2263 fide
1468 2242 1666 2264 remensum
1693 2242 1782 2272 esse,
1802 2228 1897 2275 quod

1219 2283 1442 2318 exhausisset.
1464 2284 1579 2316 Rader.
