1978 3305
362 218 950 262 EPIGRAMMATUM
987 218 1111 260 LIB.
1138 218 1285 260 Vlll.

1427 217 1523 277 293

767 369 868 423 iv,

119 525 179 554 AD
203 525 428 554 CAESAREM
455 526 788 564 DOMlTlANUM,
808 526 918 562 VEL,
941 526 999 554 UT
1027 526 1142 562 AL11,
1167 506 1521 554 GERMAMCUMf

186 645 417 700 QUANTUS
436 676 448 695 ,
472 645 534 693 io,
562 644 708 686 Latias
734 643 886 685 mundi
912 652 1156 686 conventus
1182 643 1234 686 ad
1266 659 1361 686 aras

255 714 444 773 Suscipit
467 722 510 756 et
534 712 667 757 solvit
688 730 771 774 pro
797 712 907 756 duce
934 722 1036 756 vota
1059 710 1160 756 suo!

186 784 287 827 Non
319 793 419 826 sunt
442 783 532 827 haec
558 783 811 839 hominum,
837 783 1123 836 Germanice,
1145 782 1301 843 gaudia
1328 792 1522 833 tantunn

255 852 339 897 Sed
367 851 532 897 faciunt
561 854 640 914 ipsi
669 870 810 907 nunc,
837 863 967 913 puto,
992 869 1113 897 sacra
1134 853 1230 896 Dei.

168 987 246 1022 'Ad
259 988 415 1022 Caesarem
431 989 645 1022 Domitianum
662 989 786 1022 inscri-

120 1041 194 1086 ptio
214 1049 265 1074 est
285 1041 322 1074 in
341 1040 420 1075 edd.
441 1049 523 1075 vett.

165 1114 217 1121 —
238 1094 443 1128 Gratulatur
465 1095 694 1141 Imperatori,
717 1099 787 1128 καθ’

111 1145 287 1189 ὑπερὲολήν
300 1173 309 1189 ,
336 1156 375 1181 ut
404 1148 554 1193 pessimo
574 1160 637 1193 par
663 1157 713 1182 est
727 1173 736 1188 ,
755 1156 789 1181 et

112 1198 160 1231 ait
176 1212 248 1233 non
269 1200 474 1234 hominibus
493 1208 629 1234 tantum
644 1227 654 1242 ‚
673 1200 735 1234 sed
754 1209 789 1234 et

111 1250 194 1293 diis,
214 1253 260 1285 ob
279 1253 454 1298 principis
473 1254 618 1286 salutem
638 1253 762 1299 gaudia
780 1281 789 1295 ,

112 1317 175 1338 nec
189 1318 251 1350 per
269 1314 377 1339 terras
393 1305 561 1340 duntaxat
578 1306 655 1340 fieri
671 1319 763 1340 sacra
782 1333 792 1348 ,

111 1356 171 1391 sed
191 1366 226 1391 et
243 1370 308 1404 per
328 1358 533 1404 Olympum.
553 1359 622 1392 En.

170 1423 201 1444 1.
222 1412 336 1444 Latias
355 1413 463 1445 mundi
480 1421 644 1445 concentus
667 1412 703 1445 in
723 1413 789 1446 Be-

114 1463 274 1498 verlandi
303 1464 377 1498 MS.
393 1486 443 1492 —
465 1465 582 1498 Mundi
613 1473 788 1498 conventus.

112 1517 230 1562 Legati
248 1517 380 1552 scilicet
394 1519 551 1563 gentium
572 1527 789 1560 exterarum3

111 1569 238 1614 quibus
257 1571 388 1612 missis,
409 1570 619 1605 videbantur
633 1572 791 1618 Europe,

113 1622 210 1663 Asia,
240 1623 377 1666 Africa,
403 1633 496 1658 totus
522 1623 675 1670 denique
694 1625 790 1659 orbis

114 1674 149 1708 iu
173 1675 306 1709 Urbem
322 1678 524 1711 convenire.
536 1678 603 1710 En.

169 1741 201 1762 2.
219 1729 367 1775 Suscipit.
386 1731 428 1763 In
451 1738 640 1764 venturum
661 1743 789 1764 annum

111 1784 241 1826 suscipit
266 1791 357 1823 vota,
370 1792 400 1815 et
410 1783 503 1816 solvit
520 1792 679 1829 suscepta
699 1797 790 1817 anno

783 1925 848 1983 V.

848 989 963 1034 elapso
987 1001 1051 1034 pro
1074 989 1314 1022 incolumitate
1334 989 1525 1022 Domitiani

847 1042 976 1075 reversi
1009 1053 1048 1074 ex
1083 1041 1261 1075 Sarmatia.
1295 1040 1394 1075 Idem
1423 1054 1525 1087 argu·

848 1102 1007 1128 mentum
1033 1103 1100 1136 est,
1119 1094 1183 1127 lib.
1210 1096 1242 1128 X
1256 1121 1264 1136 ,
1283 1094 1436 1140 epistolae
1459 1099 1502 1135 44
1516 1121 1524 1133 ,

847 1147 954 1181 Plinii
964 1147 1114 1194 junioris
1135 1146 1180 1180 ad
1204 1149 1408 1193 Trajanum.
1430 1146 1524 1181 Vide

848 1201 1056 1234 Suetonium
1080 1201 1116 1233 in
1139 1200 1294 1245 Caligula
1308 1226 1318 1242 ,
1340 1213 1417 1246 cap.
1440 1204 1497 1240 14.

903 1255 936 1287 3.
957 1254 1042 1287 Nam
1064 1266 1125 1285 non
1150 1254 1218 1286 lzaec
1234 1252 1315 1287 Ald.
1335 1254 1434 1286 Junt.
1455 1253 1524 1286 Co-

848 1307 909 1340 lin.
935 1307 1074 1353 Gryph.
1105 1306 1221 1340 Plant.
1246 1306 1388 1340 Junian.
1414 1307 1524 1351 Lang.

848 1360 977 1405 Delph.
1002 1368 1067 1393 etc.
1091 1367 1125 1392 et
1148 1359 1196 1392 sic
1214 1359 1299 1404 legit
1320 1359 1523 1393 Scriverius.

848 1413 916 1445 Nec
934 1421 1008 1445 sunt
1025 1411 1236 1446 Beverlandi
1258 1411 1334 1446 MS.
1355 1412 1430 1445 Non
1453 1420 1529 1445 sunt

848 1465 957 1500 codex
979 1465 1179 1499 Pulmanni.

904 1523 937 1559 4.
955 1518 1020 1552 Sed
1031 1520 1162 1562 faciunt
1180 1521 1249 1563 ipsi.
1267 1518 1343 1551 Hoc
1363 1526 1413 1551 est
1427 1543 1434 1556 ,
1457 1517 1520 1563 ipsi

849 1572 936 1612 Dei,
958 1572 1087 1617 quibus
1115 1579 1167 1604 tot
1198 1571 1326 1617 templa
1362 1570 1524 1609 erexisti,

850 1633 883 1658 et
912 1637 1002 1671 quos
1022 1633 1091 1658 tam
1114 1623 1250 1657 assidue
1271 1624 1379 1663 colis,
1401 1624 1522 1656 laetan-

850 1686 910 1711 tur
927 1676 972 1711 de
994 1686 1054 1711 tuo
1075 1675 1229 1711 adventu
1253 1686 1287 1710 et
1312 1675 1457 1722 quidem
1476 1676 1524 1709 sic

850 1731 1012 1764 laetautur
1027 1739 1086 1771 ut,
1102 1730 1259 1777 quamvis
1273 1730 1340 1776 ipsi
1359 1730 1425 1762 Dei
1439 1729 1525 1768 sint,

851 1784 1042 1817 immolent.
1060 1782 1153 1817 Vide
1169 1783 1228 1817 lib.
1250 1783 1300 1816 IX
1316 1809 1326 1823 ,
1341 1782 1454 1828 epigr.
1478 1794 1525 1815 iv.

624 2071 695 2099 Al)
749 2070 1012 2099 MACRUM.

323 2184 440 2227 Dum
463 2182 600 2227 donas
615 2219 626 2238 ‚
645 2184 817 2236 Macer,
842 2181 1025 2227 annulos
1057 2181 1233 2243 puellis;

324 2254 510 2307 Desisti,
531 2254 702 2309 Macer,
729 2252 914 2298 annulos
941 2252 1119 2297 habere.

172 2391 200 2410 ι.
232 2378 301 2410 Alii
332 2378 449 2424 legunt
480 2380 627 2412 Annales
654 2382 780 2419 amici5;

898 2394 930 2413 2.
953 2380 1085 2412 Desisti.
1106 2379 1182 2412 Hoc
1207 2387 1276 2419 est,
1299 2378 1429 2412 desiisti
1454 2391 1517 2412 nu-

117 2428 152 2462 id
174 2438 246 2470 est,
276 2430 430 2476 impuris
460 2431 616 2471 feminis,
638 2433 674 2466 in
697 2445 782 2478 quas
843 2436 966 2466 merari
983 2433 1073 2465 inter
1084 2431 1229 2477 equites.
1246 2431 1406 2465 Annulus
1425 2432 1519 2465 enim

110 2496 235 2517 aurum
245 2491 280 2517 et
291 2496 375 2530 opes
391 2483 553 2518 effundis.
563 2485 689 2519 Melius
695 2486 784 2529 puel-

112 2536 163 2576 lis,
175 2549 256 2571 cum
268 2537 358 2570 sitin
375 2542 420 2581 τῷ
432 2540 539 2570 amicis
558 2537 782 2583 ambiguitas;

112 2601 226 2635 neque
255 2590 349 2624 enim
369 2591 485 2624 statim
507 2589 604 2625 vides
626 2593 786 2624 amicosne

114 2651 214 2687 poeta
234 2643 292 2679 hic
309 2642 480 2689 significet
503 2657 545 2678 an
574 2646 701 2677 amicas.
722 2645 786 2678 Eu.

843 2485 1002 2530 equitum
1027 2493 1099 2518 erat
1116 2485 1250 2530 insigne
1265 2497 1275 2526 ;
1289 2484 1421 2531 equites
1440 2497 1524 2518 vero

846 2538 904 2583 qui
940 2537 1192 2583 patrimonium
1225 2536 1526 2582 dilapidaverant,

850 2591 998 2625 annulos
1025 2599 1200 2637 equestres
1223 2589 1400 2637 deponere
1425 2604 1525 2635 coge-

853 2645 992 2678 bantur.

1242 2708 1323 2774 ,9³
