1978 3305
459 243 481 270 r

457 247 552 290 ³28

829 246 890 289 M.
916 247 1056 290 VAL.
1095 247 1492 291 MARTIALIS

521 335 669 391 Quos,
691 334 915 390 Faustine‚
936 333 1051 389 dies,
1071 333 1244 394 qualem
1272 333 1349 378 tibi
1370 336 1512 379 Roma
1534 337 1790 381 Ravennam
1848 359 1861 382 ε,

589 402 809 447 Abstulit?
833 420 860 447 o
891 401 1022 447 soles!
1053 421 1080 448 o
1109 405 1303 448 tunicata
1327 401 1470 465 quies!

521 475 562 517 O
582 490 759 528 nemus,
779 491 806 517 o
828 473 993 530 fontes,
1014 473 1288 535 solidumque
1308 474 1521 519 madentis
1543 491 1684 521 arenae

586 544 710 587 Litus
726 579 737 598 ‚
761 553 804 588 et
824 546 1033 605 aequoreis
1055 544 1308 606 splendidus
1333 545 1492 589 Anxur
1512 547 1658 606 aquis3

518 615 575 657 Et
603 631 691 658 non
721 616 849 658 unius
881 624 1101 675 spectator
1126 614 1310 659 lectulus
1337 615 1487 670 undae,

586 684 676 742 Qui
704 684 823 729 videt
847 685 952 730 hinc
985 702 1156 747 puppes
1186 683 1400 741 fluminis,
1427 685 1527 729 inde
1557 683 1710 730 maris!

515 753 598 798 Sed
625 771 705 799 nec
734 754 954 812 Marcelli,
975 757 1401 817 Pompeianumque‚
1433 772 1514 801 nec
1543 755 1629 800 illic

586 826 698 870 Sunt
717 825 908 887 triplices
929 826 1134 883 thermae,
1157 842 1237 870 nec
1259 825 1354 870 fora
1370 826 1524 886 juncta
1543 835 1717 887 quater3

445 992 535 1013 uxor
550 980 644 1023 :1.V‚
655 993 710 1026 ep.
726 993 842 1014 van.
857 981 995 1015 Dicitur
1002 981 1122 1026 pellez,

447 1031 544 1079 quod
558 1033 653 1067 illam
662 1034 797 1067 Tereus
807 1034 967 1067 Thraciae
981 1046 1041 1067 rex
1053 1042 1126 1067 stu-

445 1094 587 1132 prasset.
602 1086 669 1120 Ov.
683 1087 771 1120 Met.
786 1086 907 1119 lib.VI
919 1112 928 1128 ‚
947 1086 1033 1128 433,
1048 1099 1125 1132 sqq.

445 1137 564 1171 —Ad
594 1139 684 1172 hanc
717 1151 859 1185 quoque
889 1139 1042 1172 fabulam
1071 1151 1126 1172 re-

447 1192 550 1237 spicit
568 1191 733 1225 Horatius
745 1191 814 1224 Od.
829 1192 890 1225 lib.
903 1192 968 1232 IV,
982 1191 1102 1225 dicens
1116 1203 1123 1224 :

452 1244 611 1277 «Nidum
636 1244 739 1290 ponit
766 1246 848 1289 Ityn
875 1244 1038 1278 flebiliter
1067 1257 1125 1290 ge-

445 1309 543 1330 mens
561 1297 689 1330 Infelix
711 1297 783 1331 avis
805 1305 839 1331 et
856 1298 1035 1343 Cecropiae
1062 1297 1126 1331 do-

449 1363 526 1383 mus
552 1352 739 1383 AEternum
766 1350 1023 1395 opprobrium3
1047 1367 1060 1380 ιι
1093 1358 1128 1383 et

447 1402 491 1436 ad
511 1403 600 1437 hanc
621 1403 774 1437 sexcenti
795 1402 873 1436 alii:
893 1411 927 1436 at
942 1404 1074 1450 optime
1094 1411 1128 1437 et

446 1455 583 1501 primus
616 1456 775 1489 omnium
797 1455 1007 1501 AEschylus,
1031 1455 1126 1501 apud

446 1522 550 1554 quem
572 1509 844 1555 Agamemnonis
858 1508 970 1542 vicem
982 1518 1016 1543 et
1027 1521 1126 1542 suam

447 1561 580 1596 deflens
602 1561 796 1596 Cassandra
815 1573 823 1594 ε
853 1576 865 1588 κ
883 1557 948 1595 Οἷά
965 1576 1012 1601 τις
1034 1562 1126 1602 ξουθὰ

448 1610 605 1660 Ᾱκόρετος
634 1616 711 1657 βοᾶς
741 1615 908 1660 φιλοίκτοις
952 1615 1126 1654 Ταλαίναις

447 1668 550 1714 φρεσὶν
577 1662 667 1708 Ϊτυν,
692 1661 763 1702 ’Ϊτυν
792 1669 937 1701 ‹xz-ivone*
965 1670 1126 1713 ἀμφιθαλῆ

450 1724 559 1760 κακοῖς
581 1716 697 1756 Ᾰηδὼν
714 1722 792 1763 βίον.
813 1722 881 1754 En.

505 1775 537 1808 5.
559 1774 678 1818 Quales
692 1774 851 1807 Ravenna?
866 1772 970 1808 codd.
992 1774 1127 1808 Beverl.

448 1836 481 1860 et
500 1826 679 1860 Bodleian.
705 1835 740 1860 et
762 1827 811 1860 sic
834 1825 916 1860 cod.
943 1826 1126 1860 Pulmann.

449 1888 485 1914 at
498 1880 640 1914 exhibet
654 1881 816 1919 Ravenna,
836 1879 902 1913 nisi
922 1879 989 1913 hoc
1005 1880 1129 1925 margi-

451 1933 486 1966 ni
505 1932 560 1967 ed.
585 1933 692 1966 Paris.
713 1935 804 1977 1617
827 1932 956 1965 erranti
978 1932 1067 1966 forte
1086 1933 1130 1966 sit

448 1985 688 2020 tribuendum.
713 2001 765 2007 —
790 1985 923 2029 Qualem
946 1985 1012 2018 tibi.
1025 1986 1129 2019 Veris

450 2039 648 2073 amoenitate
677 2039 714 2071 in
736 2038 930 2072 Ravennati
957 2051 1038 2083 agro
1060 2038 1129 2071 frui

451 2105 566 2138 posses
577 2117 587 2133 ‚
601 2093 667 2125 nisi
684 2092 837 2125 romanis
852 2091 944 2124 curis
958 2103 1046 2124 esses
1063 2091 1127 2124 im-

450 2144 598 2190 peditus.

505 2201 539 2231 6.
553 2199 585 2231 O
595 2201 735 2230 tunicata
745 2199 840 2242 quies.
850 2198 891 2229 In
905 2197 984 2230 villa
995 2197 1129 2242 quippe

451 2251 567 2285 tunica
587 2251 774 2284 utebantur
792 2250 964 2291 Romani,
981 2250 1016 2282 in
1032 2249 1130 2283 Urbe

453 2313 549 2350 toga,
564 2303 659 2350 quod
675 2312 843 2350 patronos
860 2303 1017 2337 colerent
1034 2310 1131 2348 toga·

454 2358 479 2390 ti
501 2369 508 2390 z
530 2358 638 2403 epigr.
657 2369 757 2390 van
777 2369 882 2402 supra
902 2368 910 2389 z
933 2374 947 2386 «ι
964 2355 1022 2389 Lis
1040 2368 1130 2389 nun-

453 2422 579 2455 quam3
595 2419 673 2455 toga
686 2422 783 2449 rara;
800 2421 898 2443 tuens
911 2409 1042 2455 quieta.
1059 2426 1073 2438 n

508 2476 540 2507 7.
563 2463 721 2496 madentis
740 2476 857 2496 urente.
877 2462 985 2496 Maris
1004 2474 1131 2508 nempe

455 2515 628 2549 fluctibus.

508 2571 541 2603 8.
558 2568 746 2613 §Pletzdidus
768 2569 895 2601 Anxur.
919 2568 1006 2602 Nam
1031 2583 1043 2593 ¹·
1059 2569 1129 2601 Int-

455 2622 605 2667 positum
623 2622 710 2655 saxis
726 2622 793 2654 late
808 2620 1041 2655 candentibus
1058 2622 1129 2654 An·

456 2672 555 2713 xurv(
566 2675 685 2707 Horat.
698 2674 755 2706 lib.
773 2676 807 2715 l,
820 2682 880 2707 snt.
894 2688 926 2714 v,
941 2669 1015 2716 26);
1031 2675 1076 2707 ita
1094 2684 1131 2708 ut

1185 981 1253 1014 late
1273 980 1504 1026 splendescat.
1526 981 1571 1014 Et
1592 981 1719 1015 Noster
1738 980 1800 1015 lib.
1818 980 1864 1019 V,

1186 1033 1297 1079 epigr.
1315 1045 1346 1074 1,
1363 1036 1425 1067 6:2‹
1438 1033 1518 1067 Sive
1536 1033 1724 1067 salutiferis
1742 1032 1864 1067 candi-

1187 1085 1252 1120 dus
1271 1086 1395 1119 Anxur
1418 1086 1527 1131 aquis.
1548 1103 1562 1115 n

1241 1152 1273 1182 9.
1296 1139 1330 1171 E
1333 1146 1345 1170 t
1362 1151 1424 1171 non
1444 1141 1546 1172 unius.
1564 1138 1692 1172 Sensus
1712 1146 1763 1172 est
1782 1151 1791 1172 ε
1813 1138 1864 1171 Ex

1186 1192 1262 1237 ipso
1295 1191 1423 1225 lectulo
1436 1218 1445 1231 ,
1478 1192 1535 1225 vel
1563 1191 1778 1233 cubiculari,
1810 1191 1864 1224 vel

1185 1244 1356 1278 triclinari
1374 1244 1457 1277 licet
1472 1245 1674 1290 prospicere
1692 1243 1776 1278 hinc
1792 1255 1865 1277 ma-

1185 1310 1223 1330 re
1236 1323 1246 1339 ,
1266 1297 1362 1330 illinc
1380 1297 1524 1330 flumen.

1244 1363 1301 1384 10.
1323 1351 1420 1383 Rates
1445 1362 1512 1395 pro
1539 1352 1633 1382 maris
1656 1349 1756 1383 MSS.
1782 1349 1865 1382 Pul-

1189 1415 1308 1436 mann.
1325 1411 1359 1436 et
1377 1403 1513 1436 Beverl.

1245 1468 1257 1489 1
1271 1468 1301 1489 ῐ.
1319 1456 1386 1488 Sed
1399 1469 1509 1501 neque.
1527 1454 1595 1488 Sed
1613 1454 1754 1500 objiciet
1769 1454 1864 1500 quis-

1186 1508 1280 1553 piam
1310 1509 1475 1550 fortasse,
1508 1521 1581 1541 non
1611 1519 1685 1541 esse
1714 1507 1793 1549 hic,
1826 1515 1865 1540 ut

1186 1563 1307 1594 Romae
1318 1588 1327 1603 ‚
1344 1561 1496 1603 theatra,
1510 1561 1634 1594 balnea
1645 1586 1655 1601 ,
1672 1561 1866 1606 templa.—

1187 1614 1346 1647 Marcelli.
1379 1614 1575 1648 Theatrum
1610 1613 1767 1647 Marcelli
1802 1612 1866 1646 filii

1188 1666 1343 1701 Octaviae
1362 1667 1492 1701 sororis
1511 1665 1656 1712 Augusti
1680 1666 1723 1700 ab
1746 1667 1866 1711 Augu-

1187 1729 1241 1753 sto
1263 1728 1494 1754 exstructum.
1507 1741 1560 1747 —-
1571 1720 1864 1764 Pompeianumque.

1187 1773 1381 1807 Theatrum
1400 1772 1574 1818 Pompeii.

1246 1839 1259 1859 1
1271 1839 1303 1860 2.
1323 1826 1420 1859 Victa
1438 1838 1505 1871 pro
1517 1827 1631 1870 juncta
1653 1823 1732 1858 cod.
1750 1833 1866 1870 poste-

1187 1879 1272 1912 rior.
1295 1900 1347 1905 —
1374 1879 1528 1924 Triplices
1547 1879 1686 1911 tlzermae.
1704 1877 1867 1911 Thermae

1187 1932 1410 1977 Agrippinae,
1433 1930 1581 1965 Titianae
1594 1958 1603 1973 ‚
1633 1930 1846 1964 Neronianae
1859 1956 1868 1972 ‚

1188 1984 1250 2018 lib.
1272 1985 1347 2025 III,
1366 1997 1422 2030 ep.
1437 1996 1564 2026 xxxv1,
1589 1993 1623 2017 et
1644 1983 1705 2016 lib.
1730 1984 1785 2023 II,
1809 1995 1865 2028 ep.

1188 2049 1316 2070 xum.
1339 2038 1392 2070 De
1411 2037 1465 2070 his
1483 2037 1559 2070 fuse
1581 2036 1651 2083 agit
1670 2035 1810 2081 Lipsius
1830 2036 1865 2069 in

1188 2088 1414 2124 Admirandis
1437 2089 1497 2123 lib.
1527 2090 1602 2131 111,
1630 2101 1704 2134 cap.
1734 2101 1767 2133 7.
1801 2089 1867 2121 Ra-

1188 2141 1277 2175 dero
1314 2142 1479 2176 videntur
1512 2142 1666 2188 triplices
1699 2141 1795 2174 ccllae
1830 2141 1866 2174 in

1189 2195 1322 2228 balneis
1344 2208 1362 2228 a
1380 2196 1486 2229 Poeta
1506 2195 1658 2241 signari,
1682 2193 1866 2233 caldariae,

1191 2247 1370 2293 tepidariae
1383 2275 1392 2292 ,
1410 2247 1617 2294 frigidariae;
1639 2259 1724 2293 quas
1744 2259 1816 2281 uuo
1835 2255 1869 2281 et

1190 2302 1370 2335 communi
1393 2301 1538 2335 nomine
1559 2301 1711 2335 thermas
1733 2309 1834 2334 vocat
1859 2312 1867 2334 :

1191 2363 1223 2387 et
1245 2355 1419 2400 triplices,
1443 2362 1589 2400 propter
1609 2353 1699 2388 trina
1718 2353 1814 2386 labra
1835 2362 1869 2387 et

1191 2408 1295 2442 cellas
1307 2408 1344 2440 in
1357 2408 1484 2454 quibus
1496 2408 1678 2448 natabant,
1687 2407 1848 2439 lavabant
1859 2432 1868 2444 ,

1191 2474 1340 2507 corpora
1364 2460 1640 2506 adstringebant.
1662 2458 1754 2493 Vide
1779 2459 1867 2492 Plin.

1191 2514 1251 2547 lib.
1265 2515 1311 2554 V,
1325 2514 1423 2560 epist.
1438 2526 1474 2547 vt
1487 2539 1496 2554 ‚
1515 2514 1573 2547 25.
1588 2536 1639 2540 —
1653 2513 1869 2546 Fora.Vetus

1191 2568 1388 2600 Romanum
1402 2593 1411 2608 ‚
1451 2567 1588 2599 Julium
1601 2592 1610 2607 ‚
1653 2566 1848 2610 Augustum
1859 2590 1868 2603 ‚

1190 2620 1459 2653 Transiuwium.
1474 2618 1556 2652 Yid.
1571 2629 1675 2664 supra
1688 2630 1764 2662 pag.
1786 2618 1868 2657 500,

1193 2673 1236 2706 ad
1251 2673 1360 2718 epigr.
1377 2684 1491 2706 xxvin
1505 2698 1513 2710 ,
1529 2684 1580 2705 vs.
1596 2674 1629 2704 6.
1644 2670 1709 2703 En.
