1978 3305
418 245 1001 290 EPIGRAMMATUM
1038 244 1165 287 LIB.
1203 245 1256 286 V.

1473 240 1530 304 57

265 332 439 377 Dessere
464 349 553 376 non
579 343 620 376 te
643 332 834 377 vernulae
860 332 994 392 pudet
1017 329 1232 375 mortem?

264 405 360 464 Ego
390 403 646 464 conjugem,
669 404 830 464 inquit,
856 401 1010 455 extuli,
1038 412 1080 446 et
1110 411 1255 445 tamen
1284 401 1410 457 vivo,

264 473 448 529 Notam,
478 473 733 534 superbam,
761 472 951 517 nobilem
969 508 980 528 ‚
1009 471 1282 533 locupletem.

265 543 380 600 Quid
411 560 502 587 6556
534 553 683 588 nostro
710 544 863 587 fortius
888 552 1032 603 potest
1060 541 1204 586 Paeto?

264 615 501 658 Ducenties
526 614 718 674 accepit,
744 623 794 657 et·
810 622 956 657 tamen
982 614 1099 656 vivit.

123 763 195 785 sem
209 759 332 797 pectus
343 777 352 792 ,
368 759 433 785 etc.
448 768 461 780 n
482 750 708 784 Beverlandus.
728 749 797 784 Sed

124 805 272 837 omnino
288 813 380 837 errat
393 804 452 837 hic
470 802 723 844 Beverlandus,
739 805 795 848 ju-

121 855 215 890 dicio
234 857 278 890 cl.
294 855 549 891 Wernsdorfii.
571 871 584 883 «
598 858 654 889 An
675 868 796 890 versus

121 908 180 943 hic
201 908 244 942 ad
266 909 399 942 Paetum
419 908 644 948 referendus,
671 909 732 954 qui
754 921 794 943 ex

120 961 360 1007 indignatione
373 970 494 1008 pectus
507 963 678 1008 pulsaret,
691 970 725 995 et
739 974 795 995 co-

121 1027 212 1048 mam
232 1015 398 1048 velleret?
418 1027 490 1047 non
510 1024 610 1060 puto,
628 1013 683 1048 Ad
705 1014 792 1048 Poe·

120 1064 191 1101 ta'm
218 1067 328 1113 ergo?
355 1076 388 1101 at
415 1081 487 1101 non
518 1069 608 1101 bene
634 1067 794 1113 procedit

120 1123 232 1154 oratio
252 1132 260 1153 ζ
282 1121 357 1154 Non
380 1128 408 1152 te
425 1121 525 1166 pudet
538 1129 646 1166 pectus
660 1121 792 1165 pulsans

121 1182 150 1204 et
165 1186 283 1206 comam
298 1174 435 1206 vellens?
449 1173 646 1207 Dicendum
661 1173 790 1215 fuerat,

119 1227 187 1259 nisi
202 1238 257 1259 me
273 1226 390 1260 omnia
404 1227 529 1260 fallunt
539 1252 547 1265 ,
566 1227 640 1259 Non
655 1234 683 1258 te
692 1227 793 1271 pudet

115 1288 224 1323 pectus
235 1280 410 1324 pulsantem
423 1288 455 1311 et
467 1292 583 1312 comam
597 1280 760 1312 vellentem
772 1285 790 1312 ‚³

118 1328 332 1366 Avam7.0060=2
354 1332 469 1378 itaque
489 1340 619 1374 statue;
641 1332 694 1365 vel
718 1345 788 1365 me-

118 1397 196 1417 cum
216 1385 289 1430 lege
308 1396 316 1418 :
336 1385 509 1431 Pectusque
520 1386 629 1429 pulsas
643 1412 651 1424 ‚
668 1389 791 1430 paritet·

117 1446 147 1469 et
166 1451 284 1470 comam
303 1438 424 1471 vellis?
446 1439 570 1484 Deflere
590 1451 649 1471 non
672 1446 700 1471 te
714 1451 789 1470 vet·-

117 1491 202 1523 mdae
210 1491 309 1536 pudet
321 1487 474 1523 mortem?
488 1491 597 1532 Quasi
609 1504 627 1524 e
640 1504 788 1537 persona

116 1543 201 1576 Paeti
226 1542 373 1578 dicentis
393 1556 401 1577 :
424 1545 480 1577 Tu
505 1552 625 1590 pectus
646 1544 787 1590 pulsas?

117 1604 182 1630 etc.
203 1595 298 1642 quod
315 1597 499 1643 proprium
517 1606 589 1630 erat
605 1596 787 1631 defunctos

115 1648 326 1699 lugentium.
355 1649 448 1683 Vide
482 1663 609 1695 supra,
636 1650 695 1684 lib.
728 1651 786 1692 II,

115 1702 224 1747 epigr.
238 1714 275 1735 Η
289 1700 336 1741 (et
350 1703 439 1736 infra
453 1703 514 1736 lib.
530 1704 562 1736 X
577 1729 584 1744 ‚
600 1703 708 1749 epigr.
725 1702 785 1745 L);

115 1763 149 1788 ct
163 1755 393 1790 Kirchmann.
411 1755 455 1789 de
471 1756 636 1789 Funerib.
653 1756 716 1790 lib.
732 1757 783 1795 II,

114 1820 215 1853 capp.
246 1820 303 1852 11,
333 1821 396 1850 1²3
420 1809 454 1842 J.
475 1809 608 1842 Nicolai
635 1808 678 1843 de
700 1810 785 1844 Luc.

115 1860 177 1894 Gr.
203 1873 278 1907 cap.
312 1873 374 1902 12,
403 1861 530 1908 quibus
559 1861 648 1895 adde
673 1862 784 1897 Tacit.

114 1914 242 1948 Annal.
265 1915 299 1956 I,
328 1915 386 1948 23.
405 1933 417 1945 a
445 1916 525 1948 Aut.
546 1915 584 1947 de
605 1916 708 1959 Rooy.
733 1936 785 1941 —

113 1967 288 2011 Pectusque
300 1968 432 2012 pulsans
444 1994 452 2007 ,
474 1976 539 2002 etc.
558 1968 630 2010 Qui
647 1967 785 2002 afflictis

112 2019 257 2065 lugendi
271 2027 345 2054 mos
355 2030 427 2055 erat
439 2047 448 2063 ‚
458 2021 494 2054 in
504 2021 685 2055 funeribus
695 2034 783 2066 prae·

114 2073 292 2118 cipuc.—
306 2075 391 2107 Tam
413 2086 505 2120 aegro
527 2075 643 2107 auimo
666 2069 782 2108 cassum

112 2126 175 2158 filii
195 2125 356 2160 auditum
372 2153 381 2168 ‚
399 2128 455 2160 vel
475 2127 595 2161 fictum
613 2128 783 2162 sustinuit

113 2178 218 2212 Solon
228 2205 238 2219 ‚
251 2187 291 2213 ut
302 2180 367 2213 sibi
382 2189 484 2226 caput
494 2179 659 2221 caederet,
671 2189 703 2214 et
716 2181 783 2215 alia

113 2232 240 2266 faceret
261 2245 336 2277 quae
355 2234 397 2266 ab
419 2233 557 2267 afflictis
575 2234 707 2274 solent,
726 2235 781 2266 in-

113 2285 189 2330 quit
200 2285 373 2319 Plutarch.
390 2287 425 2319 in
441 2287 548 2332 ipsius
558 2287 652 2320 Vita.
667 2287 781 2321 Poetus

114 2350 247 2370 comam
274 2339 421 2373 vellebat
442 2348 476 2373 et
496 2349 614 2385 pectus
640 2341 781 2386 plange-

113 2391 189 2429 bat,
209 2399 386 2436 spectante
405 2393 585 2433 Martiale,
606 2401 645 2426 ut
664 2401 780 2427 osten·

112 2442 208 2477 deret
232 2457 267 2477 se
298 2445 446 2489 graviter
471 2457 549 2478 casu
583 2446 719 2491 premi,
747 2455 780 2480 et

859 751 1045 795 conjugem
1059 749 1178 795 lugere
1199 750 1324 783 claram
1336 775 1344 789 ‚
1361 757 1395 783 et
1410 757 1532 795 poten-

854 810 1077 848 tem,⁴atque-
1110 802 1344 836 nihilominus
1377 801 1522 835 modum

852 855 966 889 facere
1003 854 1143 889 tandem
1184 855 1292 888 luctui
1319 880 1329 893 ,
1370 855 1523 901 fortique

853 908 972 941 animo
1000 909 1090 941 ferre
1115 908 1354 941 necessitatem
1388 908 1469 949 sati,
1490 917 1525 942 et

851 961 995 1002 vivere;
1018 960 1167 1006 proinde
1194 961 1321 994 faceret
1348 960 1455 994 idem.
1475 962 1526 994 De

851 1013 906 1047 his
937 1014 1044 1059 signis
1087 1022 1120 1047 et
1155 1014 1370 1059 argumentis
1412 1014 1525 1047 luctus

851 1067 1028 1100 uberrime
1053 1066 1224 1101 Heraldus
1252 1065 1296 1099 ad
1321 1067 1524 1112 epigramm.

852 1119 915 1154 lib.
935 1120 988 1161 II,
1011 1132 1023 1152 1
1036 1133 1066 1153 1.

906 1185 965 1205 20.
1001 1174 1144 1218 Deflet-e,
1177 1181 1240 1205 etc.
1269 1172 1386 1205 Verba
1417 1172 1522 1213 Paeti,

848 1225 1001 1259 Martiali
1020 1226 1133 1259 luctus
1156 1224 1301 1258 modum
1324 1223 1499 1259 suadentis
1515 1251 1524 1265 ,

855 1291 920 1312 suo
942 1279 1110 1324 exemplo.

904 1344 920 1364 2
930 1332 961 1365 3.
978 1332 1067 1375 Quid
1077 1345 1140 1364 esse
1151 1339 1255 1363 nostro
1266 1357 1274 1371 ,
1289 1339 1354 1364 etc.
1365 1331 1524 1376 Respon-

847 1382 906 1417 det
930 1393 1032 1430 poeta
1053 1384 1185 1417 ironice
1207 1382 1406 1418 collaudans
1437 1383 1521 1416 Paeti

845 1436 1089 1470 fortitudinem
1106 1463 1115 1478 ‚
1140 1438 1212 1470 imo
1239 1438 1450 1483 exprobrans
1472 1437 1522 1470 illi

844 1489 967 1523 fictum
996 1489 1174 1531 dolorem,
1202 1489 1274 1523 sive
1294 1490 1411 1535 potius
1436 1502 1519 1534 gau-

845 1541 968 1585 dium,
985 1543 1040 1576 cui
1064 1555 1082 1576 e
1103 1543 1262 1588 conjugis
1287 1550 1404 1576 morte
1428 1543 1521 1576 obti-

844 1596 934 1641 gerit
950 1595 1013 1629 dos
1028 1605 1099 1629 tam
1118 1596 1241 1641 ampla.

901 1653 958 1689 24.
982 1650 1152 1683 Ducenties
1174 1651 1303 1694 accepit.
1328 1648 1517 1682 Ducenties

842 1710 988 1736 centena
998 1702 1104 1735 millia
1120 1702 1275 1735 sestertia
1287 1726 1295 1738 ‚
1311 1701 1347 1734 id
1366 1709 1429 1740 est,
1447 1702 1517 1746 gal-

841 1755 915 1788 licae
936 1764 1086 1789 monetae
1110 1754 1308 1796 3‚14o,ooo
1336 1754 1516 1788 francicos.

845 1808 913 1842 En.
935 1830 986 1835 —
1005 1809 1071 1842 Hic
1087 1808 1343 1854 epigrammatis
1363 1808 1515 1840 aculeus.

843 1861 936 1895 Male
960 1874 1044 1895 vero
1071 1873 1152 1895 cum
1179 1861 1272 1894 Paeto
1297 1861 1435 1906 agitur:
1457 1860 1517 1906 qui

843 1926 955 1960 quum
974 1915 1077 1948 tantis
1093 1914 1345 1948 calamitatibus
1360 1921 1515 1951 vexetur,

842 1967 971 2001 mirum
991 1968 1050 2014 qui
1070 1967 1179 2013 possit
1197 1968 1335 2008 vivere,
1352 1980 1433 2000 nam
1449 1965 1516 1999 du-

843 2021 973 2054 centies
987 2021 1180 2055 sestertium
1197 2029 1311 2054 morte
1330 2020 1448 2053 uxoris
1462 2032 1517 2052 ac-

841 2074 945 2119 cepit.
966 2074 998 2107 O
1019 2073 1109 2108 foeda
1131 2074 1304 2108 calamitas
1326 2082 1360 2106 et
1385 2072 1517 2106 abomi-

840 2126 975 2160 nanda!
1002 2128 1154 2173 εἰρωνεία.
1181 2127 1318 2160 Ilm-ald.
1348 2125 1518 2171 Rigaltius

841 2179 927 2214 dicit
953 2179 1033 2214 ideo
1059 2193 1139 2214 eum
1168 2180 1395 2213 fortissimum
1420 2191 1515 2219 esse,

842 2233 924 2279 quia
952 2233 1132 2268 ducenties
1159 2232 1313 2278 accepit,
1340 2240 1374 2265 et
1402 2239 1516 2264 tamen

839 2287 934 2320 vivat
951 2299 959 2320 :
977 2287 1073 2332 quasi
1090 2286 1162 2320 scil.
1189 2286 1262 2319 CC.
1285 2285 1399 2331 plagas
1419 2296 1516 2318 acce-

840 2340 961 2385 pisset,
973 2341 1044 2373 sive
1053 2339 1124 2373 CC.
1134 2340 1220 2372 ictus
1234 2338 1516 2372 sustinuisset.—--

840 2394 890 2426 Et
917 2401 1017 2426 tamen
1050 2395 1139 2425 «ι’ἰνὶτ.
1165 2392 1305 2437 Regerit
1335 2391 1444 2425 facete
1479 2390 1514 2423 in

840 2445 973 2479 Paetum
990 2446 1062 2479 haec
1080 2458 1139 2479 sua
1158 2446 1278 2478 verba.
