1978 3305
379 204 478 266 &fi

951 207 1235 250 TABULA.

454 337 505 370 M.
522 336 637 371 VAL.
665 336 967 371 MARTIALIS
994 337 1450 373 EPIGRAMMATUM
1477 340 1643 375 LIBER
1670 342 1716 376 X.

593 449 623 482 I.

575 501 622 534 ΙΙ.

556 554 623 587 ΙΠ.

555 606 623 641 IV.

576 660 622 692 V.

554 713 622 745 VI.

538 765 623 798 VII.

523 818 626 852 VIII.

559 873 625 905 IX.

578 926 624 960 X.

561 979 625 1012 XI.

540 1031 625 1064 XII.

523 1084 625 1117 XIII.

524 1137 626 1171 XIV.

544 1190 626 1222 XV.

525 1242 626 1275 XVI.

508 1295 626 1328 XVII.

489 1348 626 1382 XVIII.

526 1402 626 1436 XIX.

543 1455 627 1489 XX.

524 1508 628 1542 XXI.

511 1560 628 1596 XXII.

492 1615 627 1648 XXIII.

492 1668 629 1702 XXIV.

510 1721 628 1755 XXV.

492 1774 628 1808 XXVI.

474 1827 629 1861 XXVII.

458 1880 630 1914 XXVIII.

495 1933 630 1966 XXIX.

513 1986 632 2020 XXX·

496 2040 633 2073 XXXI.

478 2093 632 2127 XXXII.

459 2146 630 2180 XXXIII.

462 2199 633 2232 XXXIV.

481 2252 634 2286 XXXV.

464 2305 635 2339 XXXVI.

445 2358 636 2394 XXXVII.

428 2411 634 2446 XXXVIII.

466 2464 635 2498 XXXIX.

561 2518 634 2549 XL.

540 2570 635 2603 LXI.

522 2622 634 2656 XLII.

500 2676 632 2710 XLIII.

647 446 754 481 Liber
767 446 811 481 ad
824 448 991 482 lectorem
1012 470 1578 483 ......................
1609 452 1692 500 Pag,
1722 458 1792 499 471

648 499 705 533 Ad
721 499 884 534 eumdem
905 523 1680 537 ..............................
1719 510 1791 552 47²

649 552 706 586 Ad
722 553 881 587 Priscum
905 576 1680 589 ..............................
1719 559 1793 604 473

648 605 705 639 Ad
725 606 941 640 Mamurram
960 628 1682 641 ............................
1720 615 1766 657 47
1775 611 1793 646 5

648 661 690 693 In
709 658 920 694 maledicum
937 668 1078 707 poetam
1087 682 1680 694 .......................
1718 668 1794 710 477

649 713 701 746 De
721 711 874 746 adventu
895 713 1037 747 Caesaris
1055 713 1199 759 Trajani
1224 735 1684 747 ..................
1720 721 1794 763 479

649 764 706 799 Ad
724 765 888 798 Rhenum
904 792 913 809 ,
932 764 977 799 de
995 765 1118 800 eodem
1147 788 1686 799 .....................
1723 771 1797 811 480

649 819 701 852 De
719 818 838 851 Paulla
855 839 1155 850 ............
1174 840 1183 852 2
1199 842 1684 852 ...................
1722 824 1768 863 48
1778 835 1792 857 1

649 872 701 904 De
723 883 758 905 se
774 892 1682 905 ...................................
1721 877 1791 916 481

649 925 692 958 In
709 924 869 957 Paullum
881 945 1684 957 ...............................
1721 930 1794 969 482

649 978 693 1010 In
715 975 955 1010 Calliodorum
965 998 1685 1012 ............................
1724 980 1796 1021 483

649 1029 707 1063 Ad
728 1029 926 1063 Domitium
937 1050 1688 1063 .............................
1725 1034 1796 1076 484

651 1081 708 1116 Ad
727 1083 884 1116 Tuccam
911 1103 1688 1116 ..............................
1724 1086 1796 1127 485

651 1135 708 1169 Ad
727 1135 892 1181 Crispum
913 1156 1686 1169 ..............................
1724 1141 1796 1184 487

651 1189 703 1221 De
723 1188 820 1234 Apro
830 1209 1683 1222 .................................
1723 1193 1797 1238 487

650 1242 693 1274 In
715 1241 841 1275 Caium
859 1262 1608 1274 .............................
1625 1250 1633 1258 ·
1651 1265 1660 1274 .
1678 1266 1687 1274 .
1723 1246 1798 1286 488

651 1295 703 1327 De
722 1294 843 1327 Macro
861 1293 904 1328 ad
922 1294 1060 1329 Musam
1070 1315 1686 1327 ........................
1725 1300 1799 1343 489

651 1351 702 1380 De
721 1346 836 1380 Mario
857 1368 1686 1380 ................................
1725 1352 1799 1396 489

653 1399 765 1433 Mittit
778 1400 913 1434 librum
926 1412 1028 1435 suum
1040 1398 1084 1434 ad
1097 1399 1251 1434 Plinium
1265 1397 1459 1441 (Caecilium
1472 1395 1695 1446 secundum.)
1725 1407 1799 1449 490

653 1451 710 1486 Ad
730 1453 891 1487 Manium
910 1474 1687 1486 ..............................
1725 1460 1796 1502 492

654 1505 711 1539 Ad
728 1505 872 1540 Sextum
890 1532 1692 1542 .....................
1725 1510 1798 1554 493

653 1560 696 1592 In
714 1559 899 1594 Philaenim
935 1585 1692 1595 ....................
1726 1566 1799 1608 494

653 1613 706 1646 De
723 1612 775 1646 M.
794 1612 950 1647 Antonio
974 1638 1694 1648 ...................
1725 1620 1800 1662 494

654 1664 710 1698 Ad
726 1665 876 1700 Kalend.
894 1665 1037 1700 Martias
1088 1691 1694 1701 ................
1726 1668 1799 1713 495

654 1719 707 1751 De
723 1718 845 1753 Mucio
862 1744 1696 1754 ......................
1729 1726 1802 1768 497

655 1772 708 1804 De
726 1780 840 1806 morte
860 1772 947 1806 Vari
977 1797 1697 1807 ...................
1727 1777 1799 1821 498

655 1823 713 1858 Ad
730 1824 929 1859 Diodorum
970 1849 1694 1861 ...................
1727 1831 1801 1873 499

657 1876 714 1911 Ad
735 1878 869 1912 Janum
900 1903 1695 1914 .....................
1727 1883 1801 1926 499

657 1929 713 1964 Ad
733 1931 961 1965 Sextilianum
986 1956 1699 1966 ...................
1731 1934 1798 1967 501

658 1984 709 2017 De
731 1985 942 2030 Apollinaris
960 1984 1079 2018 littore
1098 1983 1286 2018 Formiano
1330 2010 1695 2019 ..........
1728 1986 1797 2021 501

657 2036 699 2070 In
717 2036 957 2072 Calliodorum
983 2062 1699 2072 ...................
1731 2039 1800 2073 505

659 2091 711 2123 De
730 2092 879 2136 imagine
895 2091 945 2125 M.
965 2090 1129 2132 Antonii,
1148 2089 1192 2123 ad
1211 2089 1447 2124 Caeditianum
1490 2117 1696 2125 ......
1728 2092 1800 2126 505

658 2142 719 2176 Ad
739 2144 940 2178 Munatium
958 2144 1099 2178 Gallum
1138 2168 1696 2178 ...............
1728 2144 1801 2179 506

659 2195 713 2230 Ad
737 2197 908 2231 Caesarem
928 2197 1120 2242 Trajanum
1140 2222 1696 2231 ...............
1729 2198 1800 2243 507

660 2250 712 2283 De
733 2250 888 2297 Sulpicia
901 2275 1698 2285 .....................
1730 2250 1801 2286 508

660 2303 703 2336 In
723 2303 896 2337 Munnam
942 2327 1699 2338 ....................
1732 2304 1751 2338 5
1761 2317 1804 2337 ιο

661 2355 716 2390 Ad
738 2357 935 2391 Maternum
947 2381 1699 2390 ....................
1732 2358 1804 2391 510

661 2409 716 2443 Ad
734 2410 905 2443 Calenum
943 2434 1697 2444 ....................
1729 2410 1747 2444 5
1758 2422 1771 2443 1
1783 2423 1799 2443 2

660 2464 703 2496 In
721 2463 884 2497 Lesbiam
907 2488 1696 2497 .....................
1729 2463 1747 2497 5
1759 2475 1772 2496 1
1782 2462 1801 2495 3

661 2515 716 2549 Ad
732 2517 874 2562 Lupum
892 2514 935 2548 de
952 2516 1047 2548 Polla
1063 2540 1698 2549 .................
1729 2515 1747 2550 5
1759 2529 1770 2549 1
1782 2520 1801 2557 4

661 2569 702 2602 In
724 2569 943 2603 Proculeium
982 2594 1696 2603 ...................
1728 2568 1747 2601 5
1759 2581 1770 2602 ι
1782 2572 1802 2609 4

660 2621 716 2655 Ad
738 2621 959 2669 Dindymum
979 2646 1697 2656 ...................
1728 2620 1747 2655 5
1758 2634 1771 2655 ι
1782 2621 1802 2654 5

662 2674 715 2708 Ad
735 2675 947 2710 Philerotem
981 2700 1698 2708 ...................
1732 2673 1750 2707 5
1761 2686 1773 2707 1
1782 2679 1803 2707 6
