1978 3305
386 208 970 252 EPIGRAMMATUM
1009 208 1135 250 LlB.
1164 208 1247 250 VI.
1430 204 1521 265 ¹39

184 297 248 340 Ut
272 294 446 339 tandem
473 296 599 340 saties
625 313 864 358 vocemque
891 296 1114 356 sitimque3
1137 310 1365 355 rogamus,

253 367 350 409 Jam
380 365 434 409 de
463 365 712 427 clepsydra,
736 366 989 422 Coeciliane,
1015 365 1149 409 bibas.

113 505 236 552 primit
251 513 387 551 gestum
406 506 576 548 bibentis,
597 516 631 541 et
650 507 787 552 ampul·
847 507 970 540 hausta
1007 503 1146 538 tandem
1176 502 1360 549 clepsydra
1398 503 1497 537 finias
1511 528 1520 544 ‚

112 559 182 592 lam
204 558 454 599 exhaurientis,
476 572 587 605 quum
607 568 712 605 caput
730 572 788 593 su·
849 568 986 604 tuaeque
1004 557 1082 591 voci
1097 569 1135 591 ac
1146 556 1274 590 nostris
1290 555 1433 590 auribus
1445 569 1524 602 par-

113 611 251 657 pinant‚
281 619 321 644 ut
346 611 391 652 ii,
411 611 472 657 qui
493 612 677 657 amphoras
699 620 788 646 totas
847 624 903 645 cas
925 624 933 643 ε
959 623 1047 656 aqua
1077 610 1171 643 enini
1201 609 1387 642 exhausta.
1423 609 1524 643 silere

114 664 255 697 siccant.
277 664 395 697 Rader.
847 664 1035 709 cogebatur
1047 671 1179 697 orator.
1189 661 1282 695 Vide
1292 663 1447 696 Turneb.
1461 663 1522 695 lib.

169 716 202 750 5.
231 717 275 750 Ue
292 717 415 750 tandem
440 720 553 757 saties,
577 725 645 751 etc.
665 717 710 751 Et
730 729 787 750 ex·
848 717 966 758 XXV,
984 728 1060 761 cap.
1088 728 1147 760 27.

671 806 971 907 XXXVI.

610 1008 680 1036 AD
729 987 1026 1036 PAPILUM.*

183 1135 420 1178 MENTULA
449 1143 534 1177 tam
559 1149 717 1194 magna
743 1142 829 1189 est,
855 1142 1001 1177 tantus
1023 1132 1102 1176 tibi
1119 1168 1130 1188 ‚
1156 1131 1324 1193 l’apile,
1350 1148 1502 1184 nasus,

251 1205 314 1247 Ut
338 1204 496 1265 possis,
518 1205 686 1265 quoties
712 1205 863 1265 arrigis
879 1239 890 1260 ‚
916 1202 1117 1248 olfacere.

165 1339 180 1353 '
196 1343 257 1377 Ad
274 1343 473 1389 Pamphilum
496 1342 700 1376 inscribitur
719 1343 787 1376 hoc
847 1343 1092 1387 grammatistae
1113 1342 1238 1376 Graeci.
1257 1342 1447 1387 Antholog.
1464 1342 1526 1375 lib.

113 1395 326 1442 epigramma
343 1396 379 1429 in
397 1395 519 1430 codice
534 1396 734 1429 Pulmanni.
846 1396 906 1437 II,
929 1408 1007 1441 cap.
1035 1396 1095 1429 23.

165 1469 215 1476 -—-
255 1449 487 1483 Tricubitales
525 1457 559 1482 et
599 1448 644 1482 ad
684 1462 788 1482 omne
908 1462 938 1482 1.
955 1449 1122 1493 Pamphile
1136 1449 1170 1481 in
1197 1447 1321 1482 eodem
1340 1448 1525 1481 Pulmanni

113 1502 346 1535 ministerium
375 1502 656 1535 instrumentales
688 1515 788 1535 nasos
850 1501 929 1535 cod.
944 1523 996 1528 —-—
1014 1503 1135 1534 Tantus
1153 1501 1222 1535 tibi.
1235 1500 1364 1534 Irridet
1381 1513 1501 1533 nasum
1518 1525 1526 1538 5

112 1563 306 1601 emungunt
323 1555 503 1601 aliquanto
516 1555 695 1589 honestius
714 1555 788 1600 epi·
849 1563 952 1600 atque
968 1555 1144 1600 ingentem
1159 1555 1271 1600 Papili
1288 1563 1483 1588 mutonem.

651 1693 991 1748 XXXVII.

588 1849 644 1878 IN
683 1849 1006 1879 CHARmUM.
1029 1828 1048 1846 '⁶

327 1976 461 2019 SEcTi
489 1974 655 2035 podicis
678 1991 814 2035 usque
837 1973 892 2017 ad
917 1973 1170 2018 umbilicum

323 2043 474 2089 Nullas
505 2044 706 2106 reliquias
733 2045 866 2088 habet
888 2045 1132 2098 Charinus;

325 2117 382 2159 Et
411 2117 553 2176 prurit
580 2126 725 2159 tamen
755 2132 891 2176 usque
921 2115 976 2159 ad
1005 2115 1272 2159 umbilicum.

324 2187 365 2229 O
396 2196 558 2246 quanta
585 2187 727 2231 scabie
753 2187 885 2231 miser
915 2184 1100 2230 laborat!

324 2255 484 2301 Culum
511 2274 601 2302 non
625 2257 782 2313 habet,
805 2267 869 2302 est
892 2267 1040 2301 tamen
1060 2256 1261 2301 cinaedus.

165 2391 180 2406 ¹'
198 2396 264 2430 Hic
279 2395 376 2429 nulla
392 2404 442 2429 est
461 2396 620 2430 lectionis
639 2396 788 2431 varietas
847 2396 929 2430 fisso
947 2404 980 2429 et
999 2395 1117 2429 inutili
1133 2395 1230 2429 saevit
1246 2395 1337 2429 circa
1355 2399 1456 2440 jecur
1472 2397 1525 2429 ul-

113 2450 150 2483 in
166 2449 420 2495 exemplaribus
434 2448 630 2494 impressis,
646 2458 706 2483 aut
719 2462 789 2483 ma-
847 2461 1010 2482 cerosum
1038 2448 1184 2494 prurigo
1207 2448 1448 2495 turpitudinis.
1475 2450 1526 2482 De

112 2501 315 2548 nuscriptis.
850 2502 1008 2535 Charino
1035 2503 1106 2547 jam
1135 2500 1292 2544 dictum,
1310 2502 1370 2537 lib.
1395 2504 1431 2543 1,
1453 2503 1524 2548 epi-

168 2555 201 2589 3.
216 2557 263 2590 Ee
272 2558 387 2601 prm-it.
405 2554 578 2589 Catamitu
593 2563 707 2589 tamen
720 2554 787 2588 dif—
848 2568 990 2600 gramm.
1015 2567 1164 2589 Lxxvin.
