1978 3305
377 223 960 268 EPIGRAMMATUM
999 223 1123 265 LIB.
1164 223 1217 264 X.

1402 219 1495 268 555

662 384 929 441 LXXX.

632 554 699 581 DE
739 553 927 580 ERoTE.
952 533 968 548 *

171 696 356 739 PLORAT
381 694 513 747 Eros,
539 693 707 752 quoties
728 690 975 751 maculosae
995 689 1151 750 pocula
1184 692 1371 751 myrrhae

242 764 439 825 Inspicit,
464 772 539 807 aut
565 778 747 823 pueros,
778 760 1020 805 nobiliusve
1045 761 1204 804 citrum
1225 778 1233 803 τ

173 837 228 878 Et
251 835 437 895 gemitus
465 834 551 876 imo
582 832 701 876 ducit
725 831 778 876 de
802 841 996 893 pectore,
1024 831 1141 892 quod
1165 848 1253 875 non

240 906 352 948 Tota
376 904 505 948 miser
529 912 697 947 coemat
729 911 869 963 septa,
899 901 1095 962 seratque
1120 901 1312 946 domum.

172 978 316 1033 Quam
343 974 468 1018 multi
490 974 676 1028 faciunt,
706 972 823 1034 quod
846 975 980 1024 Eros,
1006 972 1079 1016 sed
1111 971 1272 1016 lumine
1296 968 1433 1016 sicco!
1495 996 1507 1009 -

241 1047 345 1089 Pars
374 1045 514 1104 major
543 1043 753 1105 lacrymas
779 1042 916 1097 ridet,
941 1053 983 1087 et
1009 1044 1123 1087 intus
1147 1042 1289 1086 habet.

159 1179 172 1193 '
194 1183 300 1217 Notat
317 1183 376 1216 hic
397 1183 538 1216 Erotem
551 1210 559 1223 ,
581 1183 640 1228 qui
659 1191 777 1228 aperte

106 1237 209 1271 flebat
221 1262 230 1277 ,
261 1248 370 1281 quum
402 1236 540 1269 venales
571 1236 753 1268 thesauros
766 1260 776 1275 ,

105 1289 201 1323 inani
210 1288 389 1334 marsupio
401 1314 410 1330 ‚
420 1288 547 1322 frustra
561 1287 777 1321 dolentibus-

105 1354 173 1387 que
191 1341 300 1375 oculis
318 1350 488 1386 spectaret
501 1368 509 1382 ,
524 1353 588 1374 nec
605 1341 758 1387 inopiam
769 1367 777 1382 ‚

105 1407 171 1429 nec
178 1395 340 1428 affectum
353 1393 602 1427 dissimularet:
611 1407 689 1427 cum
697 1407 778 1439 quo,

106 1448 190 1481 alios
222 1460 318 1493 aeque
347 1456 484 1492 egentes
508 1460 546 1480 ac
571 1447 658 1480 Eros
683 1456 775 1482 erat,

107 1499 166 1534 sed
190 1499 339 1533 ridentes
358 1500 394 1533 in
417 1500 567 1546 speciem
588 1508 622 1533 et
640 1499 777 1534 mendi-

108 1553 246 1587 citate-m
263 1553 333 1586 risu
357 1561 529 1598 tegentes,
547 1554 738 1598 componit.

167 1619 197 1640 1.
230 1607 320 1639 Terae
351 1605 557 1640 Beverlandi
587 1606 662 1639 MS.
675 1633 683 1647 ,
715 1619 780 1652 pro

109 1659 260 1706 myrrhae
271 1659 516 1692 —Maculosae.
534 1659 610 1693 Hoc
625 1667 694 1695 est,
710 1672 782 1692 ma-

108 1713 195 1745 culis
212 1711 383 1745 distinctae
397 1724 405 1745 :
421 1713 481 1746 lib.
502 1712 574 1753 IX,
590 1713 702 1758 epigr.
720 1725 780 1752 Lx,

110 1765 144 1798 in
167 1765 379 1798 Mamurram
393 1791 401 1805 ‚
414 1765 474 1811 qui
489 1765 606 1799 omnia
624 1765 660 1798 in
676 1765 782 1810 septis

111 1819 280 1864 exposita,
303 1818 400 1863 quasi
423 1826 603 1864 empturus
622 1819 753 1864 agebat.

167 1884 199 1904 2.
216 1870 350 1903 Citrum.
364 1871 521 1904 Mensam
536 1872 688 1905 citream.

166 1923 198 1956 3.
225 1925 348 1956 Promit
372 1924 408 1957 in
435 1923 513 1957 Ald.
539 1925 637 1957 Juut.
664 1925 780 1958 Colin.

112 1976 237 2022 Delph.
247 1977 382 2022 Langii,
390 1985 423 2010 et
430 1976 783 2023 plerisqueedd.vett.

893 1187 925 1222 4.
941 1182 1080 1216 Coemat.
1093 1181 1246 1224 Quidam
1261 1182 1382 1227 legunt
1399 1191 1510 1215 coenat.

838 1257 889 1262 —
905 1236 986 1268 Tota
1004 1235 1113 1281 Septa,
1133 1244 1197 1269 etc.
1210 1235 1339 1268 Omnia
1359 1247 1434 1280 quae
1448 1235 1512 1268 fori

838 1288 1035 1321 mercatorii
1079 1288 1184 1333 septis
1225 1287 1484 1321 venumdantur
1503 1301 1511 1327 ;

837 1340 897 1374 lib.
920 1342 975 1382 II,
995 1341 1104 1387 epigr.
1125 1353 1202 1381 ΣΠ,
1221 1354 1269 1374 vs.
1296 1341 1327 1375 5.

890 1395 923 1427 6.
947 1395 1117 1440 Lacrimas
1131 1422 1138 1434 ‚
1161 1401 1227 1427 etc.
1253 1393 1321 1426 Pro
1342 1392 1436 1425 habet
1458 1393 1514 1425 alii

838 1443 958 1492 legunt
974 1448 1064 1480 havet
1074 1447 1130 1480 vel
1145 1455 1224 1480 avet.
1242 1447 1396 1481 Grutero
1412 1446 1515 1492 lacrjr-

839 1513 927 1533 mans
953 1500 1032 1533 ridet
1065 1500 1138 1534 fere
1170 1500 1334 1545 placeret.
1363 1498 1516 1532 Schreoel.

840 1574 891 1579 -——
907 1553 992 1586 Pars
1011 1555 1121 1598 major.
1140 1553 1217 1586 Hoc
1235 1561 1305 1594 est,
1319 1552 1419 1586 multi
1440 1552 1519 1597 qui-

841 1605 921 1640 dem
940 1607 975 1639 in
994 1607 1144 1652 speciem
1163 1605 1299 1646 rident,
1315 1605 1373 1651 qui
1393 1605 1518 1638 acerbo

842 1659 947 1693 animi
978 1658 1100 1692 dolore
1127 1659 1395 1698 excruciantur,
1424 1656 1516 1703 quod

841 1712 933 1758 ipsos
947 1713 1078 1758 pariter
1090 1712 1240 1758 pecunia
1256 1711 1406 1744 deficiat.
1427 1710 1519 1743 Mira

842 1766 1074 1808 constructio,
1107 1765 1221 1812 posito
1256 1773 1337 1798 ante
1371 1763 1516 1797 verbum

842 1827 1033 1865 utrumque
1060 1824 1105 1863 τῷ
1137 1819 1293 1864 lacrymas
1306 1845 1315 1857 ,
1348 1815 1443 1862 quod
1477 1815 1518 1849 ad

843 1872 1016 1917 posterius
1039 1872 1151 1905 solum
1173 1873 1335 1905 refertur.
1360 1868 1468 1911 Quod
1492 1869 1519 1902 si

844 1934 877 1958 te
887 1924 1058 1967 offendit,
1073 1925 1246 1970 intellige:
1257 1925 1425 1968 lacrymas
1435 1922 1520 1955 alio-

844 1990 922 2011 rum
937 1977 1060 2012 irridet
1076 2005 1084 2020 ,
1099 1978 1193 2011 intus
1210 1979 1282 2024 ipse
1301 1975 1434 2010 dolens.
1451 1976 1517 2008 Ευ,

662 2128 968 2187 LXXXI.

620 2309 686 2337 DE
728 2309 1023 2337 PHYLLIDE.

184 2454 331 2510 Quum
355 2452 442 2495 duo
470 2452 686 2496 venissent
711 2452 764 2495 ad
793 2451 986 2512 Phyllida
1019 2469 1143 2495 mane
1174 2452 1388 2500 fututum,

257 2525 309 2566 Et
342 2522 502 2566 nudam
530 2533 709 2583 cuperet
740 2539 911 2566 sumere
942 2533 1124 2582 uterque
1157 2524 1300 2583 prior:

171 2659 200 2677 2.
220 2644 357 2678 Sumere.
382 2645 457 2679 Hoc
475 2654 544 2685 est,
566 2644 661 2690 quod
678 2657 793 2678 rarum
852 2645 950 2685 satis,
968 2653 1087 2688 (mim,-
1112 2645 1241 2679 Gallice
1254 2671 1262 2685 ‚
1283 2648 1378 2677 avoir.
