1978 3305
362 211 923 254 EPIGRAMMATUM
961 211 1084 253 LIB.
1113 211 1198 252 Vl.
1398 204 1490 252 155

223 299 466 359 Argentum
482 333 493 353 ,
524 314 718 353 mensas,
744 297 905 359 praedia
933 296 1050 342 solus
1078 297 1195 341 emit.

157 369 234 412 Vis
258 367 352 412 fieri
377 367 522 425 dives,
548 367 804 429 Bithynice?
830 369 1030 413 conscius
1055 376 1161 412 esto.
1479 382 1492 405 ⁵

224 431 297 482 Nil
326 439 425 492 tibi,
442 438 510 483 vel
536 439 792 495 minimum,
816 439 936 484 basia
957 454 1068 500 pura
1091 437 1271 482 dabunt.

87 558 252 593 Meliores
280 571 361 605 ergo
391 558 497 593 codd.
524 560 585 606 qui
611 559 763 601 habent,
883 564 917 600 4.
944 559 1135 604 Argentum.
1154 557 1221 591 Vel
1243 558 1422 598 caelatum,
1443 558 1497 590 vel

88 625 210 644 curare.
231 611 389 646 Gronov.
404 634 456 640 —-
475 612 608 646 Curare.
625 612 763 645 Sallust.
823 623 967 658 purum.

94 664 396 710 «Quumquaestor
407 664 627 706 C.Urbinus,
637 665 765 710 aliique
880 664 912 698 5.
939 663 1090 697 Conscius
1114 672 1190 698 esto.
1217 663 1394 697 Scelerum
1416 661 1499 696 alie-

92 717 232 762 cognita
249 718 430 751 voluntate
443 742 452 759 ,
474 730 555 751 eum
570 716 614 751 ad
632 729 765 751 coenam
825 729 954 750 norum
978 724 1012 750 et
1035 716 1257 762 impuritatis.
1277 717 1403 749 Juven.
1430 715 1500 749 Sat.

90 770 324 804 invitaverant
334 796 344 811 ,
361 771 452 804 ultra
462 771 700 804 Romanorum
711 797 719 812 ,
733 778 768 804 et
827 782 874 803 111
891 796 899 812 ,
911 783 970 809 vs„
985 771 1003 803 5
1013 782 1027 803 1
1044 781 1052 803 :
1068 787 1082 799 α
1097 769 1148 802 nil
1163 770 1320 803 conferet
1333 781 1502 813 unquam,

91 823 292 856 mortalium
302 823 405 857 etiam
415 836 548 857 morem
559 824 762 858 curabant.»
827 823 899 865 Qui
920 831 954 856 te
975 822 1183 869 participem
1199 823 1319 857 secreti
1337 822 1419 855 fecit
1435 821 1502 855 ho-

92 875 217 910 Colere
231 876 299 911 hoc
317 889 421 911 sensu
442 889 640 911 commune.
828 876 929 910 nesti.
953 893 966 906 a
989 876 1058 910 En.

747 1017 854 1072 LI.

589 1173 658 1201 AD
703 1173 1016 1203 LUPERCUM.

169 1295 313 1352 QUOD
341 1297 587 1340 convivaris
614 1297 704 1341 sine
730 1313 800 1341 me
825 1307 913 1341 tam
945 1314 1080 1359 saepe,
1107 1300 1330 1359 Lupeme,

238 1367 420 1422 Inveni,
446 1383 628 1411 noceam
659 1384 746 1429 qua
775 1369 944 1413 ratione
971 1369 1064 1413 tibi.

169 1438 360 1491 Irascar,
391 1436 492 1482 licet
514 1454 650 1499 usque
678 1454 829 1495 voees,
851 1439 1085 1500 mittasque
1100 1475 1112 1494 ,
1132 1456 1359 1500 rogesque.

241 1507 362 1564 Quid
391 1507 551 1552 facies?
573 1509 716 1570 inquis
740 1526 747 1553 :
772 1509 892 1567 Quid
915 1508 1099 1554 faciam?
1121 1511 1306 1554 veniam.

159 1639 190 1660 1.
205 1627 302 1672 Quod
315 1631 497 1663 convivaris.
515 1630 638 1675 Carpit
650 1630 782 1677 Luper·
840 1629 1006 1665 dentibus
1030 1632 1210 1678 Lupercus
1231 1631 1409 1666 dicturum
1431 1633 1520 1666 Poe-

103 1690 202 1721 num,
221 1682 284 1726 qui
305 1694 384 1715 raro
405 1694 486 1716 eum
508 1681 553 1716 ad
573 1695 707 1717 coenam
726 1684 781 1718 in-
842 1693 912 1718 tam
942 1697 978 1718 se
1014 1693 1181 1720 vocatum
1212 1698 1284 1719 non
1316 1694 1518 1720 venturum.

102 1732 239 1767 vitaret.
842 1736 1047 1784 Respondet
1068 1747 1183 1773 autem
1208 1736 1462 1784 ἀπροσδοκήτως
1486 1751 1521 1772 se

161 1786 195 1820 3.
215 1787 343 1820 Irascor
363 1788 436 1820 licet
456 1788 494 1822 in
514 1788 737 1835 quibusdam.
842 1799 1044 1825 venturum.
1059 1790 1165 1834 Quod
1178 1792 1266 1827 male
1286 1793 1360 1826 urit
1376 1805 1519 1826 avarum

161 1843 194 1880 4.
205 1840 350 1874 Veniam.
364 1841 587 1888 Exspectarat
598 1854 640 1876 ex
655 1855 782 1888 praece·
842 1845 1120 1879 convivatorem.

747 2000 881 2056 LII.

271 2132 620 2187 EP1TAi‘H1UM
659 2159 1010 2189 PANTAGATHI
1049 2139 1364 2189 TONSORIS.⁴

182 2281 283 2324 Hoc
311 2280 428 2340 jacet
456 2282 501 2325 in
531 2282 702 2327 tumulo
733 2293 884 2345 raptus
915 2283 1156 2346 puerilibus
1186 2285 1310 2328 annis

252 2352 578 2413 Pantagathus,
601 2353 768 2398 domini
797 2370 927 2410 eura,
950 2353 1162 2416 dolorque
1188 2356 1278 2411 sui,

168 2481 183 2495 '¹
208 2484 415 2529 Epitaphium
440 2485 642 2530 Pantagatlzi
665 2487 792 2521 lemma
909 2501 939 2521 2.
962 2488 1197 2533 Pantagathus.
1216 2489 1353 2535 Raptus
1373 2489 1443 2525 fato
1464 2489 1530 2525 im-

115 2543 166 2569 est
184 2535 220 2569 in
242 2536 453 2582 quibusdam
469 2546 551 2572 vett.
853 2549 1009 2581 maturo,
1027 2553 1123 2575 amor
1138 2555 1267 2588 nempe
1285 2542 1422 2577 domini
1447 2543 1530 2577 dum

168 2610 219 2616 —-
233 2590 435 2635 Pantagathi
449 2591 547 2635 pueri
560 2591 651 2625 servi
667 2601 700 2625 et
714 2600 792 2626 ton·
852 2594 1000 2633 viveret,
1017 2593 1119 2628 dolor
1129 2607 1214 2629 vero
1225 2608 1265 2629 ex
1275 2608 1346 2642 quo
1359 2605 1533 2631 mortuus.

117 2641 203 2676 soris
223 2641 378 2689 expediti
398 2652 432 2677 et
450 2644 578 2686 facilis,
598 2646 764 2680 tumulus.
853 2647 965 2693 Ipsius
979 2648 1068 2682 forte
1082 2648 1197 2683 Poetae
1212 2649 1278 2683 fuit
1291 2662 1424 2683 servus.
