1978 3305
378 208 959 252 EPIGRAMMATUM
998 208 1125 250 LIB.
1154 207 1240 251 VI.

1428 204 1519 251 153

652 358 964 414 XLVIII.

564 507 620 534 IN
668 486 1063 536 POMPONlUMf

180 614 322 670 QUOD
353 623 441 657 tam
473 612 636 674 grande
666 613 828 674 sophos
858 611 1016 657 clamat
1045 612 1122 657 tibi
1150 612 1279 656 turba
1306 622 1482 673 togata;

248 683 350 728 Non
379 693 425 727 tu
441 719 452 738 ‚
478 684 721 744 Pomponi,
752 698 874 728 coena
901 683 1060 727 diserta
1084 693 1158 727 tua
1184 692 1261 727 est.

177 799 244 845 Σοὶ
267 800 330 844 ὅτ’
354 796 444 852 σ’ἱϋε,
471 799 631 858 Σοφῶς,
651 795 950 859 τηέεννοφόρων
975 798 1093 858 χορὸς
1118 791 1290 857 ἀνδρῶν,

247 870 308 911 Οὐ
334 870 452 931 σύγε,
478 870 710 929 Πομπώνη,
737 863 880 912 δεῖπνα
900 863 947 912 δέ
970 885 1040 911 σου
1065 869 1198 928 λόγια.

156 980 171 996 ’
181 986 224 1018 In
241 984 311 1019 hoc
322 985 568 1031 epigrammate
580 984 630 1018 nil
643 985 778 1018 variant

103 1037 208 1072 codd.
228 1046 287 1072 aut
302 1038 385 1072 libri
402 1037 574 1084 impressi.

160 1103 191 1125 1.
214 1090 346 1126 Grande
365 1091 490 1136 sophos.
512 1093 564 1124 De
582 1091 647 1125 hac
664 1091 776 1124 excla-

100 1144 254 1178 matione
282 1144 415 1189 egimus
440 1144 501 1177 lib.
528 1145 564 1186 I,
588 1144 698 1190 epigr.
725 1156 772 1183 Π,

101 1210 136 1242 7.
159 1198 290 1232 Versus
318 1210 398 1230 suos
427 1210 547 1231 coram
583 1198 700 1230 amicis
732 1196 776 1230 ad

98 1263 231 1284 coeuam
266 1250 398 1284 vocatis
438 1250 585 1284 recitare
617 1250 776 1284 solebant

99 1303 256 1337 Veteres.
279 1303 385 1337 Poeta
410 1303 509 1337 hunc
537 1303 775 1349 Pomponium

98 1355 241 1398 irridet,
257 1357 317 1402 qui
329 1369 402 1390 non
417 1355 620 1390 laudaretur
636 1356 683 1390 ob
700 1369 776 1390 ver-

97 1422 154 1443 sus
165 1436 174 1451 ‚
187 1408 247 1443 sed
262 1418 407 1456 propter
419 1422 553 1443 coenam
566 1409 706 1444 lautam.
717 1409 775 1444 Sic

96 1462 237 1496 Persius
249 1488 259 1504 ‚
276 1471 338 1496 sat.
361 1476 374 1496 1
386 1489 394 1504 ‚
414 1463 460 1503 54
480 1474 488 1496 :
504 1462 689 1496 «Calidum
707 1463 773 1496 scis

97 1528 229 1560 ponere
249 1528 370 1549 sumen
384 1541 394 1557 ,
415 1515 487 1549 Scis
505 1516 669 1550 comitem
688 1516 772 1549 hor-

95 1567 252 1602 ridulum
271 1569 351 1603 trita
370 1568 502 1604 donare
520 1570 668 1604 lacerna.
685 1586 699 1599 n
720 1591 771 1596 —

843 984 950 1017 Turba
973 991 1093 1029 togata.
1112 982 1347 1023 Laudicoenae,
1365 991 1400 1016 et
1420 996 1515 1028 σοφο-

836 1039 919 1076 κλεῖς
949 1037 1010 1083 qui
1038 1037 1076 1070 in
1103 1036 1366 1071 recitationibus
1399 1037 1512 1070 solent

833 1091 1103 1136 ἐπισημῇνασθα·
1124 1083 1231 1136 ὀρθῶς
1244 1116 1253 1131 ,
1284 1093 1392 1135 Σοφῶς
1404 1115 1413 1129 ,
1446 1098 1513 1123 etc.

835 1144 871 1177 in
889 1143 1122 1189 Theophrast.
1142 1143 1305 1178 Charact.
1325 1142 1396 1189 περὶ
1415 1149 1511 1176 κολα-

835 1197 937 1234 mionz.

891 1263 923 1284 τι.
944 1250 1041 1284 Coena
1057 1250 1175 1282 diserta
1192 1257 1246 1282 tua
1261 1257 1317 1282 est.
1337 1248 1510 1294 Suffragia

832 1303 906 1337 haec
931 1311 965 1337 et
991 1302 1254 1337 acclamationes
1281 1315 1299 1336 a
1324 1300 1510 1335 blandien-

833 1356 944 1397 tibus,
968 1365 1001 1390 et
1022 1369 1119 1390 coena
1137 1356 1193 1389 vel
1216 1356 1298 1389 trita
1318 1363 1412 1388 veste
1432 1367 1510 1388 cor-

831 1410 944 1454 ruptis
955 1435 963 1449 ,
977 1409 1125 1454 exagitat
1138 1409 1258 1442 Horat.
1277 1408 1340 1442 sub
1352 1408 1421 1441 fine
1434 1408 1508 1454 epi-

831 1463 928 1498 stolae
945 1461 987 1496 ad
1003 1462 1164 1503 Pisones;
1183 1471 1217 1496 et
1230 1461 1364 1495 Plinius
1376 1487 1386 1503 ‚
1402 1473 1507 1506 quem

831 1514 912 1549 vide
937 1514 981 1548 de
1005 1515 1109 1561 hujus
1128 1516 1179 1549 rei
1200 1515 1353 1561 origine,
1375 1513 1483 1548 modo
1496 1538 1506 1555 ‚

831 1568 1004 1612 foeditate,
1022 1569 1083 1603 lib.
1104 1570 1121 1602 Ι
1133 1595 1142 1610 ,
1163 1568 1266 1615 epist.
1284 1581 1357 1602 x1v.

683 1703 928 1761 XLIX.

557 1856 624 1885 DE
664 1855 720 1885 sn
759 1834 1040 1885 miurus*

303 1971 411 2015 NON
436 1986 533 2014 sum
557 1969 611 2014 de
631 1969 773 2031 fragili
799 1968 970 2014 dolatus
996 1968 1141 2023 ulmo;

300 2042 396 2085 Nec
417 2057 512 2102 quae
533 2049 618 2084 stat
639 2040 778 2103 rigida
799 2042 954 2102 supina
976 2056 1106 2096 vena,

301 2112 369 2155 De
393 2111 512 2173 ligno
536 2111 642 2155 mihi
662 2110 857 2173 quolibet
877 2111 1082 2156 columna
1102 2121 1167 2155 est
1180 2146 1192 2166 ,

301 2182 387 2226 Sed
411 2183 511 2226 viva
536 2192 743 2243 generata
764 2182 818 2227 de
842 2199 1074 2244 cupresso;

299 2253 410 2310 Quae
440 2269 520 2298 nec
547 2252 704 2298 saecula
734 2254 895 2298 centies
923 2263 1124 2315 peracta,

141 2374 156 2387 ¹
171 2375 222 2407 De
234 2375 355 2420 Priapo
368 2375 526 2422 inscript.
540 2376 576 2410 in
589 2375 671 2410 edd.
681 2384 763 2410 vett.

146 2440 158 2461 1
171 2454 177 2461 .
189 2427 266 2461 Non
278 2441 356 2461 sum.
370 2428 422 2461 De
435 2429 562 2475 Priapo
575 2429 763 2463 hortorum

87 2479 234 2514 custode
251 2489 363 2514 actum
377 2481 438 2514 lib.
456 2482 472 2513 I
483 2508 491 2522 ,
508 2481 618 2528 epigr.
635 2494 740 2516 xxxvr
754 2508 763 2525 ,

86 2546 136 2567 vs.
171 2534 234 2575 153
265 2534 326 2567 lib.
355 2535 424 2576 ΙΙΙ,
445 2535 557 2580 epigr.
579 2547 688 2577 mm,
711 2549 762 2568 vs.

88 2591 134 2631 47
152 2599 162 2628 ;
179 2595 212 2620 et
232 2587 342 2632 epigr.
364 2600 422 2620 xv1
443 2600 558 2634 supra.

141 2654 171 2673 π.
197 2640 299 2673 Vena.
318 2640 415 2675 Σάθη.

879 2375 914 2410 3.
931 2375 1096 2409 Columna.
1115 2374 1172 2407 Ob
1185 2373 1394 2407 immensam
1408 2386 1499 2408 cras-

824 2428 1026 2463 situdinem.

877 2486 910 2523 4.
935 2481 1001 2515 Sed
1023 2482 1107 2514 viva.
1132 2480 1322 2514 Vitalitatis
1343 2481 1496 2525 cupressi

822 2535 994 2568 rationem
1011 2532 1109 2567 addit
1122 2533 1262 2567 duobus
1276 2534 1436 2567 versibus
1449 2546 1499 2566 se-

822 2588 1025 2632 quentibus.
1038 2586 1130 2621 Vide
1140 2588 1248 2633 epigr.
1266 2598 1379 2620 Lxxul
1395 2587 1496 2626 infra,

821 2654 869 2675 vs.
887 2653 905 2685 7
924 2653 932 2674 z
952 2649 1122 2685 perpe-fua,
1145 2654 1308 2685 numquam
1332 2642 1495 2673 moritura.
