1978 3305
431 240 527 287 508

802 245 864 287 Μ.
886 245 1028 288 VAL.
1067 246 1458 290 MARTIALIS

566 331 627 373 Ut
650 329 774 374 liceat
800 340 992 384 tantum,
1013 339 1113 376 verti
1138 332 1322 393 probare
1348 341 1484 392 potes.

426 458 533 495 cupat
550 450 711 483 clientem
731 449 838 495 ipsius
860 451 1095 496 Imperatoris.

481 504 516 536 6.
548 503 693 535 Tantum.
730 503 903 536 Punctum
939 504 1099 537 nesciunt

429 554 506 587 Ald.
530 555 627 588 Juut.
654 554 772 589 Colin.
790 563 869 601 post
894 564 1024 589 tantum.
1057 558 1102 590 Ut

428 608 520 639 liccat
533 633 541 646 ,
560 615 678 640 tantum
700 621 777 640 ‘vera
796 608 904 642 Paris.
928 612 1034 654 1617.
1053 610 1100 643 Et

429 661 449 694 Γ
447 660 542 692 liceat
553 668 672 693 tantum
689 674 765 693 vera
773 661 926 706 probare)
937 670 1028 707 potes
1045 662 1100 696 ed.

426 712 556 745 Barbou
573 739 580 752 ‚
613 721 647 746 et
673 713 722 747 sic
748 713 950 748 Scriverius.
981 716 1102 750 Testa·

426 773 483 797 tur
510 765 700 799 Fal-nabius
723 766 789 812 legi
810 766 905 812 apud
933 768 1035 809 alios,
1060 769 1103 802 Ut

1158 453 1250 485 liceat
1271 461 1389 485 tamum
1408 466 1418 484 .·
1436 466 1510 485 vvera
1529 454 1664 498 probare:
1678 464 1830 498 potes.—

1164 505 1207 537 Ut
1225 506 1328 538 liceat.
1357 505 1433 538 Hoc
1464 513 1535 547 est,
1560 507 1662 540 Potes
1688 506 1829 552 quidem

1160 570 1310 599 servare,
1333 557 1526 593 dummodo
1550 560 1653 604 possit
1684 560 1832 604 probare

1161 622 1197 644 se
1212 623 1284 645 esse
1306 619 1502 657 patronum.
1525 612 1700 646 Lectionis
1718 620 1831 645 autem

1162 675 1266 709 quam
1282 664 1436 710 praetulit
1450 664 1599 697 Farnab-
1618 665 1675 698 hic
1691 673 1740 698 est
1760 677 1835 698 sen-

1162 729 1218 750 sus
1230 729 1238 750 :
1249 716 1359 750 Modo
1370 716 1474 750 detur
1483 717 1620 751 occasio
1628 743 1638 758 ‚
1648 726 1746 764 potes
1756 730 1833 763 pro-

1162 770 1244 803 bare
1263 782 1343 803 vera
1359 783 1430 804 esse
1447 783 1524 816 quae
1542 769 1624 804 dixi.

997 898 1267 953 XXXV.

920 1047 984 1075 nE
1024 1026 1346 1075 sumucmf

635 1164 803 1206 Omns
826 1161 1061 1223 Sulpiciam
1087 1163 1233 1225 legant
1254 1163 1429 1224 puellae,

634 1233 725 1276 Uni
750 1249 846 1293 quae
870 1234 1054 1294 cupiunt
1076 1235 1171 1277 viro
1193 1233 1376 1294 placere.

635 1304 800 1347 Omnes
821 1302 1056 1363 Sulpiciam
1081 1302 1227 1364 legant
1247 1305 1410 1357 mariti,

639 1373 724 1416 Uni
746 1374 820 1434 qui
846 1374 1030 1434 cupiunt
1053 1373 1225 1435 placere
1250 1383 1410 1435 nuptae.

634 1444 736 1486 Non
756 1443 850 1488 haec
871 1443 1111 1488 Colchidos
1133 1446 1284 1489 asserit
1303 1445 1496 1488 furorem
1510 1480 1520 1494 ,

637 1514 733 1557 Diri
753 1514 936 1575 prandia
955 1531 1037 1559 nec
1058 1514 1192 1559 refert
1210 1515 1432 1576 Thyestae;

637 1583 823 1644 Scyllam
836 1621 848 1638 ,
867 1584 1048 1646 Byblida
1069 1602 1150 1629 nec
1172 1586 1302 1630 fuisse
1324 1584 1461 1630 credit
1481 1603 1487 1627 :

636 1654 720 1698 Sed
742 1665 884 1700 castos
909 1656 1062 1709 docet,
1085 1667 1126 1701 et
1148 1658 1241 1718 pios
1267 1672 1437 1700 amores
1451 1692 1460 1708 ,

638 1727 805 1779 Lusus,
831 1725 1026 1781 delicias,
1053 1727 1329 1789 facetiasque.

637 1795 775 1855 Cujus
798 1799 992 1841 carmina
1016 1799 1090 1858 qui
1111 1799 1220 1842 hene
1243 1798 1489 1846 aestimarit,

488 1925 497 1937 ’
511 1927 681 1961 Poctriam
692 1928 1018 1975 laudatSulpiciam‚
1028 1943 1103 1975 quae

435 1981 584 2014 Martiali
607 1981 746 2026 aequalis
760 2008 769 2023 ,
790 1983 927 2028 scripsit
948 1992 1105 2028 poemata

434 2033 478 2067 de
502 2046 618 2067 amore
641 2035 799 2080 conjugis
818 2036 893 2077 sui,
916 2044 950 2069 et
977 2045 1107 2082 tempo-

431 2087 527 2121 ribus
546 2087 759 2128 Domitiani,
771 2088 909 2134 aliaque
925 2090 1105 2123 nonnulla.

434 2141 551 2174 Exstat
583 2141 657 2184 ejus
696 2153 766 2174 una
796 2141 908 2175 Satira
951 2154 1027 2188 quae
1063 2142 1106 2175 ad

432 2193 560 2227 calcem
578 2193 599 2226 J
602 2194 760 2227 uvenalis
780 2195 885 2240 vulgo
907 2193 1034 2229 editur.
1048 2196 1108 2229 Est

435 2247 524 2280 infra
541 2245 584 2280 ad
604 2246 774 2281 Calenum
791 2247 948 2293 ejusdem
965 2250 1106 2282 mentio.

438 2300 552 2332 Rader.
575 2321 626 2326 —
646 2300 891 2346 Congessimus
912 2302 1108 2335 testimonia

433 2352 476 2385 (le
490 2352 661 2399 Sulpicia,
677 2354 838 2400 illiusque
858 2354 1004 2389 Satiram
1020 2356 1109 2388 inse-

436 2405 588 2447 ruimus,
609 2406 711 2441 Tom.
740 2408 798 2447 11,
826 2420 901 2453 pag.
936 2407 1001 2442 135
1034 2421 1108 2454 sqq.

436 2457 519 2491 vdit.
555 2467 682 2494 nostrae
714 2461 848 2494 poetar.
878 2462 953 2494 Lat.
980 2462 1108 2495 Minor.

439 2511 497 2544 ubi
521 2511 611 2545 vido.
639 2513 704 2546 En.

491 2586 497 2589 ν
516 2586 538 2590 -
563 2565 706 2609 Salpina
737 2579 874 2612 quoquc
904 2568 1111 2612 Apollinari>

439 2617 595 2651 meminit
612 2617 776 2652 Sidonius
795 2632 896 2653 carni.
919 2636 952 2662 ς).

498 2683 523 2709 1,
548 2672 577 2704 3.
600 2672 721 2713 laegmt!
740 2672 814 2704 cml*
836 2675 911 2705 Wal-

1221 1933 1254 1964 5.
1292 1932 1367 1964 Non
1401 1932 1464 1962 laaec
1499 1929 1678 1963 Colchidos.
1709 1928 1842 1963 Medeae

1167 1997 1301 2017 amores
1332 1993 1364 2017 et
1395 1983 1524 2017 scelera
1552 1982 1712 2028 iutelligit
1729 2009 1738 2022 ,
1765 1994 1843 2028 quae

1167 2049 1245 2070 vera
1282 2049 1353 2070 esse
1385 2049 1465 2070 sane
1500 2036 1645 2081 negabat
1678 2035 1841 2080 Sulpicia.

1172 2089 1261 2123 Vide
1284 2090 1345 2122 lib.
1368 2089 1415 2129 V,
1445 2089 1554 2134 epigr.
1578 2100 1646 2121 uu
1664 2114 1672 2128 ‚
1701 2088 1762 2121 ubi
1799 2088 1843 2121 de

1169 2141 1639 2188 prandioThyestaeegimus:
1650 2140 1730 2174 vide
1739 2141 1841 2174 etiam

1168 2196 1277 2240 epigr.
1294 2208 1329 2228 n·
1346 2208 1450 2240 supra
1463 2221 1471 2235 ‚
1483 2195 1543 2228 nbi
1557 2203 1590 2227 et
1607 2193 1649 2227 de
1664 2193 1789 2239 Scylla.

1222 2261 1255 2293 7.
1270 2249 1420 2294 Byblida.
1434 2249 1521 2289 Quae
1534 2248 1648 2281 fratris
1661 2247 1714 2280 sui
1728 2247 1839 2280 Cauni

1169 2314 1286 2335 amore
1310 2302 1414 2342 arsit,
1434 2309 1468 2333 et
1492 2300 1634 2334 tandem
1656 2300 1690 2333 in
1714 2300 1843 2333 fontem

1169 2367 1335 2388 convers-1
1364 2355 1440 2388 fuit.
1473 2355 1626 2401 Sulpicia
1658 2366 1743 2387 vero
1775 2366 1843 2386 non

1170 2407 1280 2442 fredit
1295 2408 1463 2441 exstitisse
1479 2408 1557 2440 talia
1577 2415 1730 2440 monstra
1745 2432 1753 2446 ‚
1766 2406 1846 2450 quia

1173 2461 1243 2506 ipsa
1270 2460 1395 2506 pudiea
1419 2470 1479 2495 cst.

1227 2517 1258 2549 8.
1289 2514 1406 2547 ΡΓοΙιω·
1433 2527 1495 2559 pro
1514 2516 1581 2557 luo,-
1607 2512 1683 2545 cod.
1714 2512 1843 2545 Beverl.

1233 2581 1284 2600 ιυ.
1322 2567 1420 2611 Cujus
1453 2569 1600 2599 carmina.
1637 2566 1714 2598 Post
1751 2564 1846 2597 hunc

1174 2633 1308 2653 »visum
1333 2621 1503 2658 (rvctius,
1525 2626 1600 2664 post
1626 2631 1672 2651 ss.
1703 2631 1709 2650 ι
1729 2630 1738 2649 1
1758 2617 1768 2648 l
1790 2617 1846 2649 :ilii

1173 2673 1305 2706 addunt
1322 2683 1422 2706 istum
1435 2701 1441 2707 ,
1458 2674 1585 2706 Nullam
1597 2673 1727 2704 ,haam
1743 2685 1785 2703 xxc
1799 2684 1848 2703 m·-
