1978 3305
461 247 565 292 -232

847 250 907 291 M.
930 250 1069 292 VAL.
1109 251 1493 296 MARTIALIS

532 336 689 396 Turpis
714 335 769 378 ab
793 336 934 379 inviso
954 335 1173 396 pendebat
1197 337 1315 380 stiria
1341 353 1469 391 naso,
1863 362 1876 385 ε

604 406 753 462 Quum
785 405 911 448 flaret
938 405 1109 450 madida
1138 406 1262 450 fauce
1285 408 1532 452 December
1560 419 1700 454 atrox.

536 474 725 535 Collegae
755 485 936 519 tenuere
965 491 1120 520 manus
1142 493 1150 519 :
1177 477 1280 537 quid
1307 477 1432 539 plura
1463 479 1680 540 requiris?

605 546 794 606 Emungi
820 546 1001 600 misero,
1024 548 1218 591 Castrice
1234 583 1246 603 ‚
1267 564 1357 592 non
1384 546 1515 592 licuit.

463 686 555 718 vocis
567 686 742 730 sequentis
751 711 759 727 ‚
769 698 846 731 quae
856 699 910 720 res
923 691 1046 732 saepius
1060 699 1138 732 pro-

462 738 668 784 perantibus
697 739 848 773 librariis
882 741 1060 785 imposuit.
1076 741 1137 773 Ju-

461 791 570 836 gulam
595 803 660 836 pro
684 792 884 836 jugulatione
913 789 1003 839 (quo
1035 806 1138 826 sensu

463 844 531 877 hoc
560 845 638 877 loco
668 844 877 890 capiendum
904 846 993 880 foret
1020 846 1049 879 si
1079 859 1137 892 ge-

463 897 594 930 nitivus
617 892 852 942 retineretur)
878 898 1048 944 sequioris
1075 899 1136 932 aevi

464 950 693 996 scriptoribus
706 951 1022 996 usurpatumNide
1031 952 1084 984 W
1085 965 1139 996 op·

464 1003 536 1035 kens
571 1003 608 1035 in
639 1002 756 1037 Sedul.
785 1004 885 1038 Obss.
914 1004 1016 1038 Misc.
1046 1004 1136 1038 Nov.

463 1065 549 1090 tom.
568 1056 634 1098 IV,
655 1069 732 1102 pag.
757 1069 847 1101 27¹3
868 1069 912 1091 an
935 1057 1021 1090 item
1044 1056 1138 1090 Mar-

464 1108 554 1142 tialis
572 1121 664 1150 aevo,
684 1108 822 1142 dubito.
841 1126 854 1139 n
872 1110 1065 1154 ——J11gult'‚
1087 1110 1138 1142 fe-

461 1161 596 1201 riendi,
627 1154 787 1203 secandi}
810 1162 964 1196 hominis
988 1161 1138 1196 necandi

465 1226 568 1248 sensu
588 1215 753 1248 sumitur.
774 1215 840 1248 En.

519 1268 551 1300 5.
575 1267 686 1301 Stiria.
713 1267 809 1301 stilla
835 1276 886 1301 est
918 1268 991 1302 nasi
1013 1281 1140 1313 conge·

1197 688 1286 728 lala,
1312 695 1346 720 et
1373 687 1544 732 significat
1569 688 1725 729 Gallice,
1755 691 1876 734 roupie.

1251 744 1285 774 6.
1305 740 1491 786 Caecmsleret
1507 741 1635 774 madida
1651 740 1765 775 codex
1782 742 1878 775 Pala·

1198 793 1290 826 tinus
1304 819 1313 834 ,
1337 792 1560 839 improbante
1585 794 1774 828 Farnahio.
1796 794 1877 828 Cum

1187 847 1289 891 flaret
1305 846 1404 878 media
1421 846 1457 879 in
1474 845 1682 880 Beverlandi
1701 846 1778 880 MS.
1799 846 1878 880 Cum

1196 907 1295 931 staret
1304 899 1432 932 madida
1447 900 1483 932 in
1497 900 1539 933 al.
1551 898 1657 933 codd.
1669 899 1877 933 Lectionem

1200 960 1357 985 nostram
1375 952 1514 986 exhibet
1535 951 1644 986 codex
1658 952 1858 986 Pulmanni.

1253 1017 1287 1049 7.
1319 1004 1348 1037 C
1347 1004 1469 1049 ollegae.
1502 1005 1622 1038 Plures
1654 1005 1748 1038 enim
1781 1006 1878 1038 fuere

1198 1065 1405 1102 quaestore-⁵3
1423 1057 1577 1102 primum
1594 1056 1665 1090 duo
1676 1084 1685 1099 ,
1703 1070 1785 1090 mox
1799 1070 1881 1103 qua·

1199 1119 1298 1151 tuor;
1315 1117 1388 1143 tum
1407 1110 1594 1155 plures.—
1602 1111 1742 1143 Tenuere
1756 1123 1878 1143 manus.

1200 1163 1254 1196 Ita
1265 1175 1390 1196 nasum
1402 1164 1494 1194 miser
1508 1163 1667 1209 nequivit
1679 1175 1880 1209 emungere,

1201 1215 1298 1261 quod
1328 1215 1467 1261 signum
1489 1223 1576 1249 esset
1601 1215 1756 1249 hominis
1776 1217 1879 1261 jugu-

1199 1267 1295 1302 landi
1309 1294 1318 1311 ‚
1334 1269 1461 1302 vetitus
1482 1281 1500 1302 a
1517 1268 1669 1313 collegis.
1690 1269 1758 1302 ΕΒ.

986 1403 1358 1460 XXXVIII.

923 1562 990 1590 AD
1030 1560 1423 1590 POLYPHEMUM.

533 1691 746 1733 Tmarus
773 1705 838 1743 es,
862 1696 905 1732 et
928 1685 1023 1731 talis
1049 1689 1212 1744 nostri,
1234 1686 1500 1749 Polypheme
1515 1722 1527 1742 ,
1547 1686 1720 1743 Severi,

604 1759 667 1802 Ut
694 1768 736 1802 te
765 1760 915 1803 mirari
943 1759 1082 1820 possit
1110 1768 1154 1802 et
1182 1759 1274 1820 ipse
1300 1757 1502 1819 Cyclops.

535 1829 621 1874 Sed
646 1845 726 1873 nec
750 1828 890 1890 Scylla
915 1830 1059 1873 minor
1086 1846 1094 1872 ε
1121 1828 1239 1890 quod
1268 1829 1302 1873 si
1329 1828 1421 1872 fera
1445 1838 1640 1873 monstra
1666 1828 1856 1872 duorum

606 1902 629 1944 J
634 1901 832 1956 unxeris,
859 1898 1034 1944 alterius
1059 1899 1133 1943 fiet
1157 1909 1340 1960 uterque
1366 1900 1507 1943 timor.

521 2042 552 2074 3.
580 2041 646 2074 Sed
670 2054 725 2073 nec
752 2040 861 2085 Scy-lla
892 2041 992 2072 minor
1019 2040 1139 2085 legunt

466 2094 652 2135 nonnulli,
682 2102 721 2126 ut
748 2093 897 2138 Scyllam
922 2093 1140 2137 Polyphemo

463 2159 537 2181 non
571 2148 673 2181 fuisse
705 2147 881 2179 minorem
917 2145 1140 2190 accipiamus.

466 2200 559 2234 Vide
576 2201 733 2234 Turneb.
756 2198 901 2233 Advers.
925 2199 986 2232 lib.
1005 2199 1138 2238 XXIV,

465 2267 539 2300 cap.
559 2255 617 2288 28.
629 2276 682 2281 —
693 2253 762 2287 Nec
776 2252 886 2297 Scylla
903 2254 1013 2284 minor.
1034 2251 1142 2284 Nimi-

465 2320 545 2341 rum
574 2307 651 2352 ipso
683 2305 902 2351 Polyphemo
932 2317 1102 2338 conservo
1131 2317 1140 2337 :

466 2368 570 2393 tantae
585 2372 668 2405 ergo
684 2357 941 2404 magnitudinis
957 2366 1055 2391 erant
1074 2370 1144 2390 ser-

465 2426 529 2446 vus
545 2414 608 2446 iste
625 2412 880 2458 Polyphemus,
896 2420 930 2444 et
946 2411 1058 2457 Scylla
1076 2423 1143 2443 ser-

465 2479 532 2506 va,
561 2475 599 2499 ut
629 2474 662 2499 et
690 2465 754 2511 ipsi
786 2465 958 2510 Cyclopi,
989 2472 1073 2497 noto
1101 2477 1139 2497 ex

464 2519 656 2552 Theocrito
665 2518 864 2563 etVirgilio‚
875 2516 1140 2550 admirationem

468 2584 608 2605 movere
630 2580 770 2617 possent
789 2585 795 2603 :
814 2571 920 2603 immo
941 2579 974 2604 et
993 2571 1079 2604 alter
1098 2570 1143 2602 al·

465 2625 529 2657 veri
547 2625 673 2658 terrori
687 2637 757 2657 esse
771 2632 896 2667 posset.
908 2624 1044 2668 Legunt
1060 2623 1116 2655 alii
1132 2635 1140 2656 ι

467 2679 531 2711 Sed
554 2692 608 2710 uec
634 2678 740 2720 Scylla
767 2679 878 2709 mium.
908 2677 1009 2709 Prior
1039 2676 1140 2709 lectio

1201 2040 1313 2085 placet
1329 2040 1500 2073 Turnebo
1515 2038 1605 2073 Adv.
1619 2039 1754 2077 XXIV,
1769 2051 1799 2073 c.
1820 2042 1880 2081 28,

1200 2092 1268 2126 hoc
1295 2100 1345 2125 est
1371 2104 1380 2126 :
1406 2092 1479 2126 Nee
1508 2092 1624 2137 Scylla
1651 2105 1792 2133 servm,
1820 2100 1880 2126 aut

1201 2157 1297 2178 serva
1309 2171 1317 2184 ,
1336 2154 1375 2179 ut
1389 2145 1547 2178 sentiunt
1564 2146 1780 2191 Interpretes
1792 2171 1801 2186 ‚
1818 2145 1883 2178 mi-

1201 2210 1267 2231 nor
1284 2206 1335 2231 est
1352 2197 1570 2244 Polyphemo
1589 2210 1772 2232 conservo·
1794 2198 1882 2240 Qui-

1202 2249 1282 2284 dam
1304 2251 1503 2296 intelligunt
1524 2250 1610 2285 duas
1630 2251 1734 2284 fuisse
1752 2259 1880 2285 statuas

1201 2304 1351 2349 ingentis
1382 2303 1660 2349 magnitudinis;
1690 2317 1804 2350 neque
1825 2305 1879 2338 in-

1202 2357 1333 2390 sulsum
1357 2370 1437 2390 sane
1456 2356 1492 2390 id
1515 2366 1576 2391 est.
1595 2358 1670 2403 Ego
1691 2366 1807 2391 tamen
1827 2358 1880 2391 in-

1202 2408 1428 2455 telligendum
1463 2411 1578 2456 potius
1613 2410 1804 2444 existimem
1836 2409 1881 2443 de

1202 2462 1340 2496 duobus
1367 2463 1474 2496 servis
1503 2472 1572 2496 tam
1598 2462 1817 2497 deformibus
1845 2471 1880 2496 et

1202 2525 1272 2550 tam
1283 2516 1431 2559 magnis,
1445 2525 1482 2549 ut
1495 2516 1560 2549 sibi
1578 2516 1733 2550 alterutri
1754 2516 1880 2550 terrori

1203 2581 1275 2603 esse
1292 2569 1483 2614 potuerint.

1257 2627 1290 2663 4.
1316 2623 1388 2655 Fiet
1410 2631 1535 2666 uterquc
1556 2624 1655 2654 minor
1673 2620 1777 2654 codd.
1795 2621 1878 2654 Vnt.

1202 2686 1233 2709 (¹1
1263 2675 1491 2708 Florentium.
