<?xml version="1.0" encoding="UTF-8"?>
<!DOCTYPE html PUBLIC "-//W3C//DTD XHTML 1.0 Transitional//EN"
    "http://www.w3.org/TR/xhtml1/DTD/xhtml1-transitional.dtd">
<html xmlns="http://www.w3.org/1999/xhtml" xml:lang="en" lang="en">
 <head>
  <title>
</title>
<meta http-equiv="Content-Type" content="text/html;charset=utf-8" />
  <meta name='ocr-system' content='tesseract 3.04.00' />
  <meta name='ocr-capabilities' content='ocr_page ocr_carea ocr_par ocr_line ocrx_word'/>
</head>
<body>
  <div class='ocr_page' id='page_1' title='image "./epigrammata02martuoft/epigrammata02martuoft_0396.png"; bbox 0 0 1978 3305; ppageno 0'>
   <div class='ocr_carea' id='block_1_1' title="bbox 510 242 606 288">
    <p class='ocr_par' dir='ltr' id='par_1_1' title="bbox 510 242 606 288">
     <span class='ocr_line' id='line_1_1' title="bbox 510 242 606 288; baseline 0.01 -1"><span class='ocrx_word' id='word_1_1' title='bbox 510 242 606 288; x_wconf 82' lang='lat'>382</span> 
     </span>
    </p>
   </div>
   <div class='ocr_carea' id='block_1_2' title="bbox 891 247 1545 294">
    <p class='ocr_par' dir='ltr' id='par_1_2' title="bbox 891 247 1545 294">
     <span class='ocr_line' id='line_1_2' title="bbox 891 247 1545 294; baseline 0.009 -6"><span class='ocrx_word' id='word_1_2' title='bbox 891 247 952 288; x_wconf 91' lang='lat' dir='ltr'>M.</span> <span class='ocrx_word' id='word_1_3' title='bbox 978 248 1119 291; x_wconf 91' lang='lat' dir='ltr'><strong>VAL.</strong></span> <span class='ocrx_word' id='word_1_4' title='bbox 1161 250 1545 294; x_wconf 85' lang='lat' dir='ltr'><strong>MARTIALIS</strong></span> 
     </span>
    </p>
   </div>
   <div class='ocr_carea' id='block_1_3' title="bbox 1153 400 1264 457">
    <p class='ocr_par' dir='ltr' id='par_1_3' title="bbox 1153 400 1264 457">
     <span class='ocr_line' id='line_1_3' title="bbox 1153 400 1264 457; baseline 0.009 -2"><span class='ocrx_word' id='word_1_5' title='bbox 1153 400 1264 457; x_wconf 89' lang='lat' dir='ltr'>XI.</span> 
     </span>
    </p>
   </div>
   <div class='ocr_carea' id='block_1_4' title="bbox 957 540 1473 589">
    <p class='ocr_par' dir='ltr' id='par_1_4' title="bbox 957 540 1473 589">
     <span class='ocr_line' id='line_1_4' title="bbox 957 540 1473 589; baseline 0.01 -5"><span class='ocrx_word' id='word_1_6' title='bbox 957 557 1013 584; x_wconf 84' lang='lat' dir='ltr'>{N</span> <span class='ocrx_word' id='word_1_7' title='bbox 1062 540 1473 589; x_wconf 57' lang='grc' dir='ltr'>ρΑ1»τ”ι·ΗΛΒῑῑ]ιῐ.”ί</span> 
     </span>
    </p>
   </div>
   <div class='ocr_carea' id='block_1_5' title="bbox 719 682 1728 955">
    <p class='ocr_par' dir='ltr' id='par_1_5' title="bbox 719 682 1728 955">
     <span class='ocr_line' id='line_1_5' title="bbox 721 682 1728 743; baseline 0.003 -16"><span class='ocrx_word' id='word_1_8' title='bbox 721 683 922 735; x_wconf 73' lang='grc' dir='ltr'>ΕΟΕΝΕε,</span> <span class='ocrx_word' id='word_1_9' title='bbox 955 682 1201 737; x_wconf 82' lang='lat' dir='ltr'>Canthare‚</span> <span class='ocrx_word' id='word_1_10' title='bbox 1223 700 1356 743; x_wconf 88' lang='lat' dir='ltr'>quum</span> <span class='ocrx_word' id='word_1_11' title='bbox 1392 684 1495 729; x_wconf 88' lang='lat' dir='ltr'>foris</span> <span class='ocrx_word' id='word_1_12' title='bbox 1526 684 1728 740; x_wconf 80' lang='lat' dir='ltr'><strong>libenter,</strong></span> 
     </span>
     <span class='ocr_line' id='line_1_6' title="bbox 719 751 1550 808; baseline 0.004 -12"><span class='ocrx_word' id='word_1_13' title='bbox 719 751 919 807; x_wconf 84' lang='lat' dir='ltr'><strong>Clamas,</strong></span> <span class='ocrx_word' id='word_1_14' title='bbox 943 762 986 796; x_wconf 88' lang='lat' dir='ltr'>et</span> <span class='ocrx_word' id='word_1_15' title='bbox 1016 752 1264 808; x_wconf 77' lang='lat' dir='ltr'>maledicis,</span> <span class='ocrx_word' id='word_1_16' title='bbox 1290 763 1334 797; x_wconf 87' lang='lat' dir='ltr'>et</span> <span class='ocrx_word' id='word_1_17' title='bbox 1360 756 1550 799; x_wconf 86' lang='lat' dir='ltr'>minaris.</span> 
     </span>
     <span class='ocr_line' id='line_1_7' title="bbox 720 824 1595 884; baseline 0.005 -18"><span class='ocrx_word' id='word_1_18' title='bbox 720 824 928 884; x_wconf 84' lang='lat' dir='ltr'>Deponas</span> <span class='ocrx_word' id='word_1_19' title='bbox 956 824 1123 867; x_wconf 84' lang='lat' dir='ltr'>animos</span> <span class='ocrx_word' id='word_1_20' title='bbox 1149 833 1318 880; x_wconf 83' lang='lat' dir='ltr'>truces,</span> <span class='ocrx_word' id='word_1_21' title='bbox 1343 841 1595 881; x_wconf 84' lang='lat' dir='ltr'>monemus;</span> 
     </span>
     <span class='ocr_line' id='line_1_8' title="bbox 721 893 1556 955; baseline 0.004 -19"><span class='ocrx_word' id='word_1_22' title='bbox 721 893 853 937; x_wconf 84' lang='lat' dir='ltr'>Liber</span> <span class='ocrx_word' id='word_1_23' title='bbox 879 910 967 937; x_wconf 89' lang='lat' dir='ltr'>non</span> <span class='ocrx_word' id='word_1_24' title='bbox 994 903 1142 954; x_wconf 84' lang='lat' dir='ltr'>potes,</span> <span class='ocrx_word' id='word_1_25' title='bbox 1173 903 1215 937; x_wconf 90' lang='lat' dir='ltr'>et</span> <span class='ocrx_word' id='word_1_26' title='bbox 1245 893 1423 955; x_wconf 85' lang='lat' dir='ltr'>gulosus</span> <span class='ocrx_word' id='word_1_27' title='bbox 1453 912 1556 940; x_wconf 86' lang='lat' dir='ltr'>esse.</span> 
     </span>
    </p>
   </div>
   <div class='ocr_carea' id='block_1_6' title="bbox 510 1026 1189 1435">
    <p class='ocr_par' dir='ltr' id='par_1_6' title="bbox 512 1026 1186 1130">
     <span class='ocr_line' id='line_1_9' title="bbox 564 1026 1186 1065; baseline 0 -1"><span class='ocrx_word' id='word_1_28' title='bbox 564 1026 628 1064; x_wconf 64' lang='lat' dir='ltr'>“In</span> <span class='ocrx_word' id='word_1_29' title='bbox 643 1031 817 1065; x_wconf 80' lang='lat' dir='ltr'>Camarum</span> <span class='ocrx_word' id='word_1_30' title='bbox 841 1030 922 1064; x_wconf 89' lang='lat' dir='ltr'>Ald.</span> <span class='ocrx_word' id='word_1_31' title='bbox 946 1031 1045 1064; x_wconf 88' lang='lat' dir='ltr'>Junt.</span> <span class='ocrx_word' id='word_1_32' title='bbox 1069 1031 1186 1064; x_wconf 87' lang='lat' dir='ltr'>Colin.</span> 
     </span>
     <span class='ocr_line' id='line_1_10' title="bbox 512 1083 1185 1130; baseline -0.003 -13"><span class='ocrx_word' id='word_1_33' title='bbox 512 1084 647 1130; x_wconf 66' lang='lat' dir='ltr'>Gryph.</span> <span class='ocrx_word' id='word_1_34' title='bbox 655 1092 721 1117; x_wconf 83' lang='lat' dir='ltr'>etc.</span> <span class='ocrx_word' id='word_1_35' title='bbox 730 1084 814 1117; x_wconf 85' lang='lat' dir='ltr'>Mox</span> <span class='ocrx_word' id='word_1_36' title='bbox 823 1084 858 1116; x_wconf 90' lang='lat' dir='ltr'>in</span> <span class='ocrx_word' id='word_1_37' title='bbox 865 1083 1022 1129; x_wconf 57' lang='lat' dir='ltr'>primm.</span> <span class='ocrx_word' id='word_1_38' title='bbox 1034 1083 1185 1117; x_wconf 83' lang='lat' dir='ltr'>Cantare.</span> 
     </span>
    </p>

    <p class='ocr_par' dir='ltr' id='par_1_7' title="bbox 510 1135 1189 1435">
     <span class='ocr_line' id='line_1_11' title="bbox 562 1135 1187 1182; baseline -0.002 -12"><span class='ocrx_word' id='word_1_39' title='bbox 562 1158 615 1164; x_wconf 91' lang='lat'>-—</span> <span class='ocrx_word' id='word_1_40' title='bbox 642 1137 859 1170; x_wconf 85' lang='lat' dir='ltr'>Cantharum</span> <span class='ocrx_word' id='word_1_41' title='bbox 885 1135 1074 1182; x_wconf 84' lang='lat' dir='ltr'>quemdam</span> <span class='ocrx_word' id='word_1_42' title='bbox 1101 1136 1187 1169; x_wconf 86' lang='lat' dir='ltr'><strong>allo·</strong></span> 
     </span>
     <span class='ocr_line' id='line_1_12' title="bbox 511 1189 1186 1235; baseline 0 -13"><span class='ocrx_word' id='word_1_43' title='bbox 511 1189 632 1235; x_wconf 82' lang='lat' dir='ltr'>quitur</span> <span class='ocrx_word' id='word_1_44' title='bbox 641 1189 718 1234; x_wconf 91' lang='lat' dir='ltr'>qui,</span> <span class='ocrx_word' id='word_1_45' title='bbox 729 1202 837 1235; x_wconf 91' lang='lat' dir='ltr'>quum</span> <span class='ocrx_word' id='word_1_46' title='bbox 847 1189 1018 1234; x_wconf 81' lang='lat' dir='ltr'><strong>parasitus</strong></span> <span class='ocrx_word' id='word_1_47' title='bbox 1029 1198 1127 1230; x_wconf 88' lang='lat' dir='ltr'>esset,</span> <span class='ocrx_word' id='word_1_48' title='bbox 1137 1189 1186 1222; x_wconf 84' lang='lat' dir='ltr'>fe-</span> 
     </span>
     <span class='ocr_line' id='line_1_13' title="bbox 510 1242 1186 1288; baseline 0 -13"><span class='ocrx_word' id='word_1_49' title='bbox 510 1243 611 1276; x_wconf 83' lang='lat' dir='ltr'>rociae</span> <span class='ocrx_word' id='word_1_50' title='bbox 631 1250 746 1276; x_wconf 84' lang='lat' dir='ltr'>tamen</span> <span class='ocrx_word' id='word_1_51' title='bbox 773 1250 806 1275; x_wconf 91' lang='lat' dir='ltr'>et</span> <span class='ocrx_word' id='word_1_52' title='bbox 826 1242 1007 1288; x_wconf 69' lang='grc' dir='ltr'><strong>παῤῥησίας</strong></span> <span class='ocrx_word' id='word_1_53' title='bbox 1036 1243 1186 1275; x_wconf 85' lang='lat' dir='ltr'>multum</span> 
     </span>
     <span class='ocr_line' id='line_1_14' title="bbox 511 1295 1187 1336; baseline 0.003 -9"><span class='ocrx_word' id='word_1_54' title='bbox 511 1295 700 1336; x_wconf 82' lang='lat' dir='ltr'>retinebat,</span> <span class='ocrx_word' id='word_1_55' title='bbox 717 1303 749 1328; x_wconf 86' lang='lat' dir='ltr'>et</span> <span class='ocrx_word' id='word_1_56' title='bbox 762 1295 994 1328; x_wconf 84' lang='lat' dir='ltr'>necessarium</span> <span class='ocrx_word' id='word_1_57' title='bbox 1008 1295 1056 1328; x_wconf 87' lang='lat' dir='ltr'>ait</span> <span class='ocrx_word' id='word_1_58' title='bbox 1070 1303 1187 1329; x_wconf 88' lang='lat' dir='ltr'>truces</span> 
     </span>
     <span class='ocr_line' id='line_1_15' title="bbox 511 1346 1189 1394; baseline 0.001 -14"><span class='ocrx_word' id='word_1_59' title='bbox 511 1347 596 1392; x_wconf 79' lang='lat' dir='ltr'>spiri</span> <span class='ocrx_word' id='word_1_60' title='bbox 601 1355 657 1380; x_wconf 88' lang='lat' dir='ltr'>tus</span> <span class='ocrx_word' id='word_1_61' title='bbox 665 1347 831 1381; x_wconf 83' lang='lat' dir='ltr'>cohibere</span> <span class='ocrx_word' id='word_1_62' title='bbox 841 1360 849 1381; x_wconf 91' lang='lat'><strong>:</strong></span> <span class='ocrx_word' id='word_1_63' title='bbox 859 1346 1087 1394; x_wconf 84' lang='lat' dir='ltr'>trechedipna</span> <span class='ocrx_word' id='word_1_64' title='bbox 1095 1348 1189 1381; x_wconf 87' lang='lat' dir='ltr'>enim</span> 
     </span>
     <span class='ocr_line' id='line_1_16' title="bbox 513 1399 1187 1435; baseline 0.001 -2"><span class='ocrx_word' id='word_1_65' title='bbox 513 1399 674 1434; x_wconf 86' lang='lat' dir='ltr'>induenti</span> <span class='ocrx_word' id='word_1_66' title='bbox 686 1400 882 1435; x_wconf 66' lang='lat' dir='ltr'>exuendam</span> <span class='ocrx_word' id='word_1_67' title='bbox 896 1401 1106 1434; x_wconf 77' lang='lat' dir='ltr'>libertatem.</span> <span class='ocrx_word' id='word_1_68' title='bbox 1121 1401 1187 1434; x_wconf 83' lang='lat' dir='ltr'>En.</span> 
     </span>
    </p>
   </div>
   <div class='ocr_carea' id='block_1_7' title="bbox 1246 1032 1924 1434">
    <p class='ocr_par' dir='ltr' id='par_1_8' title="bbox 1246 1032 1924 1434">
     <span class='ocr_line' id='line_1_17' title="bbox 1301 1032 1922 1081; baseline 0.01 -17"><span class='ocrx_word' id='word_1_69' title='bbox 1301 1036 1335 1071; x_wconf 74' lang='grc'>4.</span> <span class='ocrx_word' id='word_1_70' title='bbox 1351 1032 1449 1065; x_wconf 81' lang='lat' dir='ltr'>Liber</span> <span class='ocrx_word' id='word_1_71' title='bbox 1466 1046 1528 1067; x_wconf 83' lang='lat' dir='ltr'>non</span> <span class='ocrx_word' id='word_1_72' title='bbox 1543 1041 1643 1079; x_wconf 84' lang='lat' dir='ltr'>potes.</span> <span class='ocrx_word' id='word_1_73' title='bbox 1664 1035 1804 1069; x_wconf 82' lang='lat' dir='ltr'>Etenim</span> <span class='ocrx_word' id='word_1_74' title='bbox 1823 1047 1922 1081; x_wconf 77' lang='lat' dir='ltr'><strong>para·</strong></span> 
     </span>
     <span class='ocr_line' id='line_1_18' title="bbox 1247 1092 1922 1122; baseline 0.007 -5"><span class='ocrx_word' id='word_1_75' title='bbox 1247 1092 1334 1118; x_wconf 76' lang='lat' dir='ltr'>snus</span> <span class='ocrx_word' id='word_1_76' title='bbox 1356 1093 1548 1120; x_wconf 79' lang='lat' dir='ltr'>instruatur</span> <span class='ocrx_word' id='word_1_77' title='bbox 1567 1099 1704 1121; x_wconf 87' lang='lat' dir='ltr'>necesse</span> <span class='ocrx_word' id='word_1_78' title='bbox 1725 1095 1775 1121; x_wconf 87' lang='lat' dir='ltr'>est</span> <span class='ocrx_word' id='word_1_79' title='bbox 1802 1097 1922 1122; x_wconf 82' lang='lat' dir='ltr'>octava</span> 
     </span>
     <span class='ocr_line' id='line_1_19' title="bbox 1247 1137 1924 1184; baseline 0.006 -14"><span class='ocrx_word' id='word_1_80' title='bbox 1247 1145 1320 1170; x_wconf 80' lang='lat' dir='ltr'>arte</span> <span class='ocrx_word' id='word_1_81' title='bbox 1345 1137 1494 1184; x_wconf 80' lang='lat' dir='ltr'>ingenua</span> <span class='ocrx_word' id='word_1_82' title='bbox 1507 1164 1516 1180; x_wconf 92' lang='lat'>‚</span> <span class='ocrx_word' id='word_1_83' title='bbox 1534 1138 1600 1173; x_wconf 94' lang='lat' dir='ltr'>hoc</span> <span class='ocrx_word' id='word_1_84' title='bbox 1616 1148 1686 1179; x_wconf 75' lang='lat' dir='ltr'>est,</span> <span class='ocrx_word' id='word_1_85' title='bbox 1707 1139 1898 1174; x_wconf 82' lang='lat' dir='ltr'>adulatoria</span> <span class='ocrx_word' id='word_1_86' title='bbox 1914 1155 1924 1183; x_wconf 78' lang='lat'>3</span> 
     </span>
     <span class='ocr_line' id='line_1_20' title="bbox 1255 1190 1922 1239; baseline 0.006 -16"><span class='ocrx_word' id='word_1_87' title='bbox 1255 1190 1396 1235; x_wconf 86' lang='lat' dir='ltr'><strong>gulosus</strong></span> <span class='ocrx_word' id='word_1_88' title='bbox 1415 1191 1585 1237; x_wconf 82' lang='lat' dir='ltr'>coenipeta</span> <span class='ocrx_word' id='word_1_89' title='bbox 1607 1193 1765 1239; x_wconf 85' lang='lat' dir='ltr'>loquitur</span> <span class='ocrx_word' id='word_1_90' title='bbox 1782 1194 1922 1238; x_wconf 81' lang='lat' dir='ltr'>placen-</span> 
     </span>
     <span class='ocr_line' id='line_1_21' title="bbox 1246 1243 1923 1291; baseline 0.006 -15"><span class='ocrx_word' id='word_1_91' title='bbox 1246 1243 1314 1284; x_wconf 83' lang='lat' dir='ltr'>tia,</span> <span class='ocrx_word' id='word_1_92' title='bbox 1334 1251 1373 1276; x_wconf 88' lang='lat' dir='ltr'>ut</span> <span class='ocrx_word' id='word_1_93' title='bbox 1387 1244 1445 1289; x_wconf 91' lang='lat' dir='ltr'>qui</span> <span class='ocrx_word' id='word_1_94' title='bbox 1463 1244 1656 1279; x_wconf 82' lang='lat' dir='ltr'>libertatem</span> <span class='ocrx_word' id='word_1_95' title='bbox 1677 1245 1825 1291; x_wconf 78' lang='lat' dir='ltr'>dapibus</span> <span class='ocrx_word' id='word_1_96' title='bbox 1843 1259 1923 1279; x_wconf 80' lang='lat' dir='ltr'>ven-</span> 
     </span>
     <span class='ocr_line' id='line_1_22' title="bbox 1249 1294 1921 1344; baseline 0.004 -15"><span class='ocrx_word' id='word_1_97' title='bbox 1249 1294 1391 1330; x_wconf 87' lang='lat' dir='ltr'>diderit.</span> <span class='ocrx_word' id='word_1_98' title='bbox 1415 1297 1495 1330; x_wconf 87' lang='lat' dir='ltr'>Lib.</span> <span class='ocrx_word' id='word_1_99' title='bbox 1512 1298 1566 1339; x_wconf 90' lang='lat' dir='ltr'>II,</span> <span class='ocrx_word' id='word_1_100' title='bbox 1586 1298 1694 1344; x_wconf 82' lang='lat' dir='ltr'>epigr.</span> <span class='ocrx_word' id='word_1_101' title='bbox 1718 1310 1807 1332; x_wconf 81' lang='lat' dir='ltr'>L111:</span> <span class='ocrx_word' id='word_1_102' title='bbox 1829 1316 1842 1328; x_wconf 74' lang='grc' dir='ltr'><strong><em>κ</em></strong></span> <span class='ocrx_word' id='word_1_103' title='bbox 1863 1299 1921 1332; x_wconf 89' lang='lat' dir='ltr'>Li-</span> 
     </span>
     <span class='ocr_line' id='line_1_23' title="bbox 1249 1348 1922 1393; baseline 0.006 -12"><span class='ocrx_word' id='word_1_104' title='bbox 1249 1348 1312 1381; x_wconf 89' lang='lat' dir='ltr'>ber</span> <span class='ocrx_word' id='word_1_105' title='bbox 1331 1349 1399 1382; x_wconf 83' lang='lat' dir='ltr'>eris</span> <span class='ocrx_word' id='word_1_106' title='bbox 1412 1376 1420 1389; x_wconf 93' lang='lat'><em>,</em></span> <span class='ocrx_word' id='word_1_107' title='bbox 1437 1362 1572 1384; x_wconf 78' lang='lat' dir='ltr'>coenare,</span> <span class='ocrx_word' id='word_1_108' title='bbox 1591 1351 1674 1385; x_wconf 88' lang='lat' dir='ltr'>foris</span> <span class='ocrx_word' id='word_1_109' title='bbox 1688 1352 1736 1393; x_wconf 89' lang='lat' dir='ltr'>si,</span> <span class='ocrx_word' id='word_1_110' title='bbox 1757 1351 1922 1392; x_wconf 80' lang='lat' dir='ltr'>Maxime,</span> 
     </span>
     <span class='ocr_line' id='line_1_24' title="bbox 1249 1401 1385 1434; baseline 0 0"><span class='ocrx_word' id='word_1_111' title='bbox 1249 1401 1349 1434; x_wconf 68' lang='lat' dir='ltr'>nolis.</span> <span class='ocrx_word' id='word_1_112' title='bbox 1372 1419 1385 1430; x_wconf 72' lang='lat' dir='ltr'>n</span> 
     </span>
    </p>
   </div>
   <div class='ocr_carea' id='block_1_8' title="bbox 1138 1536 1287 1591">
    <p class='ocr_par' dir='ltr' id='par_1_9' title="bbox 1138 1536 1287 1591">
     <span class='ocr_line' id='line_1_25' title="bbox 1138 1536 1287 1591; baseline 0.007 -1"><span class='ocrx_word' id='word_1_113' title='bbox 1138 1536 1287 1591; x_wconf 88' lang='lat' dir='ltr'><strong>XII.</strong></span> 
     </span>
    </p>
   </div>
   <div class='ocr_carea' id='block_1_9' title="bbox 855 1665 1586 1715">
    <p class='ocr_par' dir='ltr' id='par_1_10' title="bbox 855 1665 1586 1715">
     <span class='ocr_line' id='line_1_26' title="bbox 855 1665 1586 1715; baseline -0.001 0"><span class='ocrx_word' id='word_1_114' title='bbox 855 1688 922 1715; x_wconf 83' lang='lat' dir='ltr'>DE</span> <span class='ocrx_word' id='word_1_115' title='bbox 961 1686 1177 1714; x_wconf 73' lang='lat' dir='ltr'><strong>EARINO</strong></span> <span class='ocrx_word' id='word_1_116' title='bbox 1217 1665 1586 1714; x_wconf 57' lang='lat' dir='ltr'><strong>DOMITIANL*</strong></span> 
     </span>
    </p>
   </div>
   <div class='ocr_carea' id='block_1_10' title="bbox 723 1810 1674 2014">
    <p class='ocr_par' dir='ltr' id='par_1_11' title="bbox 723 1810 1674 2014">
     <span class='ocr_line' id='line_1_27' title="bbox 723 1810 1619 1872; baseline -0.003 -15"><span class='ocrx_word' id='word_1_117' title='bbox 723 1813 901 1857; x_wconf 78' lang='lat' dir='ltr'><strong>NOMEN</strong></span> <span class='ocrx_word' id='word_1_118' title='bbox 928 1828 1026 1856; x_wconf 84' lang='lat' dir='ltr'>cum</span> <span class='ocrx_word' id='word_1_119' title='bbox 1050 1810 1199 1865; x_wconf 83' lang='lat' dir='ltr'>violis,</span> <span class='ocrx_word' id='word_1_120' title='bbox 1224 1813 1420 1872; x_wconf 84' lang='lat' dir='ltr'>rosisque</span> <span class='ocrx_word' id='word_1_121' title='bbox 1444 1821 1619 1866; x_wconf 75' lang='lat' dir='ltr'>natum,</span> 
     </span>
     <span class='ocr_line' id='line_1_28' title="bbox 725 1883 1620 1944; baseline -0.002 -17"><span class='ocrx_word' id='word_1_122' title='bbox 725 1884 826 1941; x_wconf 89' lang='lat' dir='ltr'>Quo</span> <span class='ocrx_word' id='word_1_123' title='bbox 856 1899 956 1944; x_wconf 81' lang='lat' dir='ltr'>pars</span> <span class='ocrx_word' id='word_1_124' title='bbox 987 1883 1153 1943; x_wconf 86' lang='lat' dir='ltr'>optima</span> <span class='ocrx_word' id='word_1_125' title='bbox 1182 1891 1465 1943; x_wconf 73' lang='lat' dir='ltr'>nuncupatur</span> <span class='ocrx_word' id='word_1_126' title='bbox 1492 1883 1620 1937; x_wconf 86' lang='lat' dir='ltr'>anni;</span> 
     </span>
     <span class='ocr_line' id='line_1_29' title="bbox 723 1953 1674 2014; baseline 0 -17"><span class='ocrx_word' id='word_1_127' title='bbox 723 1953 910 2014; x_wconf 74' lang='lat' dir='ltr'>Hyblam</span> <span class='ocrx_word' id='word_1_128' title='bbox 938 1953 1055 2014; x_wconf 89' lang='lat' dir='ltr'>quod</span> <span class='ocrx_word' id='word_1_129' title='bbox 1082 1953 1218 2013; x_wconf 87' lang='lat' dir='ltr'>sapit,</span> <span class='ocrx_word' id='word_1_130' title='bbox 1243 1953 1496 2013; x_wconf 83' lang='lat' dir='ltr'>Atticosque</span> <span class='ocrx_word' id='word_1_131' title='bbox 1522 1953 1674 2008; x_wconf 84' lang='lat' dir='ltr'>flores,</span> 
     </span>
    </p>
   </div>
   <div class='ocr_carea' id='block_1_11' title="bbox 514 2089 1195 2721">
    <p class='ocr_par' dir='ltr' id='par_1_12' title="bbox 514 2089 1195 2721">
     <span class='ocr_line' id='line_1_30' title="bbox 567 2089 1190 2136; baseline -0.006 -9"><span class='ocrx_word' id='word_1_132' title='bbox 567 2090 582 2104; x_wconf 57' lang='lat'><strong><em>³</em></strong></span> <span class='ocrx_word' id='word_1_133' title='bbox 594 2094 739 2127; x_wconf 85' lang='lat' dir='ltr'>Jocatur</span> <span class='ocrx_word' id='word_1_134' title='bbox 756 2092 815 2125; x_wconf 89' lang='lat' dir='ltr'>hic</span> <span class='ocrx_word' id='word_1_135' title='bbox 832 2092 971 2132; x_wconf 82' lang='lat' dir='ltr'>Noster,</span> <span class='ocrx_word' id='word_1_136' title='bbox 985 2089 1081 2136; x_wconf 88' lang='lat' dir='ltr'>quod</span> <span class='ocrx_word' id='word_1_137' title='bbox 1101 2099 1134 2123; x_wconf 90' lang='lat' dir='ltr'>et</span> <span class='ocrx_word' id='word_1_138' title='bbox 1154 2090 1190 2123; x_wconf 91' lang='lat' dir='ltr'>in</span> 
     </span>
     <span class='ocr_line' id='line_1_31' title="bbox 514 2143 1191 2192; baseline -0.009 -11"><span class='ocrx_word' id='word_1_139' title='bbox 514 2147 652 2181; x_wconf 80' lang='lat' dir='ltr'>duobus</span> <span class='ocrx_word' id='word_1_140' title='bbox 671 2159 747 2192; x_wconf 85' lang='lat' dir='ltr'>quae</span> <span class='ocrx_word' id='word_1_141' title='bbox 763 2153 973 2191; x_wconf 83' lang='lat' dir='ltr'>sequuntur,</span> <span class='ocrx_word' id='word_1_142' title='bbox 993 2144 1028 2178; x_wconf 88' lang='lat' dir='ltr'>in</span> <span class='ocrx_word' id='word_1_143' title='bbox 1044 2143 1191 2177; x_wconf 87' lang='lat' dir='ltr'>nomine</span> 
     </span>
     <span class='ocr_line' id='line_1_32' title="bbox 514 2196 1193 2242; baseline -0.007 -8"><span class='ocrx_word' id='word_1_144' title='bbox 514 2200 651 2240; x_wconf 86' lang='lat' dir='ltr'>Earini,</span> <span class='ocrx_word' id='word_1_145' title='bbox 670 2198 861 2233; x_wconf 84' lang='lat' dir='ltr'>Domitiani</span> <span class='ocrx_word' id='word_1_146' title='bbox 882 2197 1033 2231; x_wconf 86' lang='lat' dir='ltr'>eunuchi</span> <span class='ocrx_word' id='word_1_147' title='bbox 1058 2209 1098 2230; x_wconf 86' lang='lat' dir='ltr'>ex</span> <span class='ocrx_word' id='word_1_148' title='bbox 1117 2196 1193 2242; x_wconf 86' lang='lat' dir='ltr'>pul—</span> 
     </span>
     <span class='ocr_line' id='line_1_33' title="bbox 515 2250 1191 2287; baseline -0.007 0"><span class='ocrx_word' id='word_1_149' title='bbox 515 2252 698 2287; x_wconf 83' lang='lat' dir='ltr'>cherrimis</span> <span class='ocrx_word' id='word_1_150' title='bbox 731 2261 765 2286; x_wconf 90' lang='lat' dir='ltr'>et</span> <span class='ocrx_word' id='word_1_151' title='bbox 799 2250 1015 2285; x_wconf 74' lang='lat' dir='ltr'>amatissimis</span> <span class='ocrx_word' id='word_1_152' title='bbox 1044 2262 1051 2283; x_wconf 89' lang='lat'><strong>:</strong></span> <span class='ocrx_word' id='word_1_153' title='bbox 1080 2258 1113 2283; x_wconf 92' lang='lat' dir='ltr'>et</span> <span class='ocrx_word' id='word_1_154' title='bbox 1146 2250 1191 2283; x_wconf 82' lang='lat' dir='ltr'>ait</span> 
     </span>
     <span class='ocr_line' id='line_1_34' title="bbox 516 2301 1191 2351; baseline -0.007 -11"><span class='ocrx_word' id='word_1_155' title='bbox 516 2319 644 2340; x_wconf 87' lang='lat' dir='ltr'>nomen</span> <span class='ocrx_word' id='word_1_156' title='bbox 663 2304 806 2351; x_wconf 88' lang='lat' dir='ltr'>quidem</span> <span class='ocrx_word' id='word_1_157' title='bbox 827 2304 930 2338; x_wconf 75' lang='lat' dir='ltr'>dulce</span> <span class='ocrx_word' id='word_1_158' title='bbox 947 2317 1035 2345; x_wconf 84' lang='lat' dir='ltr'>esse,</span> <span class='ocrx_word' id='word_1_159' title='bbox 1058 2301 1151 2349; x_wconf 85' lang='lat' dir='ltr'>quod</span> <span class='ocrx_word' id='word_1_160' title='bbox 1175 2315 1191 2335; x_wconf 84' lang='lat' dir='ltr'>n</span> 
     </span>
     <span class='ocr_line' id='line_1_35' title="bbox 516 2355 1190 2397; baseline -0.007 -4"><span class='ocrx_word' id='word_1_161' title='bbox 516 2371 598 2393; x_wconf 87' lang='lat' dir='ltr'>vere</span> <span class='ocrx_word' id='word_1_162' title='bbox 627 2359 670 2393; x_wconf 89' lang='lat' dir='ltr'>sit</span> <span class='ocrx_word' id='word_1_163' title='bbox 696 2357 888 2392; x_wconf 85' lang='lat' dir='ltr'>deductum</span> <span class='ocrx_word' id='word_1_164' title='bbox 916 2355 1070 2397; x_wconf 79' lang='lat' dir='ltr'>(Graecis</span> <span class='ocrx_word' id='word_1_165' title='bbox 1098 2355 1190 2389; x_wconf 88' lang='lat' dir='ltr'>enim</span> 
     </span>
     <span class='ocr_line' id='line_1_36' title="bbox 518 2409 1192 2459; baseline -0.004 -14"><span class='ocrx_word' id='word_1_166' title='bbox 518 2415 572 2459; x_wconf 79' lang='grc' dir='ltr'>ἔαρ</span> <span class='ocrx_word' id='word_1_167' title='bbox 598 2425 654 2445; x_wconf 74' lang='lat' dir='ltr'>ver</span> <span class='ocrx_word' id='word_1_168' title='bbox 670 2410 810 2453; x_wconf 82' lang='lat' dir='ltr'>sonat),</span> <span class='ocrx_word' id='word_1_169' title='bbox 834 2419 867 2444; x_wconf 84' lang='lat' dir='ltr'>at</span> <span class='ocrx_word' id='word_1_170' title='bbox 893 2409 986 2443; x_wconf 85' lang='lat' dir='ltr'>idem</span> <span class='ocrx_word' id='word_1_171' title='bbox 1009 2418 1192 2443; x_wconf 83' lang='lat' dir='ltr'>contuma-</span> 
     </span>
     <span class='ocr_line' id='line_1_37' title="bbox 517 2465 1194 2510; baseline -0.006 -11"><span class='ocrx_word' id='word_1_172' title='bbox 517 2467 615 2499; x_wconf 86' lang='lat' dir='ltr'>cibus</span> <span class='ocrx_word' id='word_1_173' title='bbox 637 2465 777 2510; x_wconf 67' lang='lat' dir='ltr'>syllabis</span> <span class='ocrx_word' id='word_1_174' title='bbox 804 2472 962 2498; x_wconf 74' lang='lat' dir='ltr'>constare</span> <span class='ocrx_word' id='word_1_175' title='bbox 984 2476 1061 2509; x_wconf 78' lang='lat' dir='ltr'>quae</span> <span class='ocrx_word' id='word_1_176' title='bbox 1080 2475 1194 2508; x_wconf 83' lang='lat' dir='ltr'>neque</span> 
     </span>
     <span class='ocr_line' id='line_1_38' title="bbox 518 2511 1193 2563; baseline -0.004 -12"><span class='ocrx_word' id='word_1_177' title='bbox 518 2518 709 2552; x_wconf 77' lang='lat' dir='ltr'>hexametri</span> <span class='ocrx_word' id='word_1_178' title='bbox 744 2530 859 2563; x_wconf 84' lang='lat' dir='ltr'>neque</span> <span class='ocrx_word' id='word_1_179' title='bbox 898 2511 1193 2550; x_wconf 63' lang='grc' dir='ltr'>ὲνὸεκασυὶλάὲων</span> 
     </span>
     <span class='ocr_line' id='line_1_39' title="bbox 520 2570 1194 2616; baseline -0.004 -12"><span class='ocrx_word' id='word_1_180' title='bbox 520 2571 689 2616; x_wconf 64' lang='lat' dir='ltr'>rhythmo</span> <span class='ocrx_word' id='word_1_181' title='bbox 718 2579 924 2615; x_wconf 76' lang='lat' dir='ltr'>congruant.</span> <span class='ocrx_word' id='word_1_182' title='bbox 949 2570 976 2602; x_wconf 93' lang='lat' dir='ltr'>Ii</span> <span class='ocrx_word' id='word_1_183' title='bbox 1001 2570 1092 2602; x_wconf 75' lang='lat' dir='ltr'>enim</span> <span class='ocrx_word' id='word_1_184' title='bbox 1118 2581 1194 2601; x_wconf 67' lang='lat' dir='ltr'>ver-</span> 
     </span>
     <span class='ocr_line' id='line_1_40' title="bbox 521 2621 1195 2668; baseline -0.004 -12"><span class='ocrx_word' id='word_1_185' title='bbox 521 2637 578 2657; x_wconf 79' lang='lat' dir='ltr'>sus</span> <span class='ocrx_word' id='word_1_186' title='bbox 597 2623 754 2668; x_wconf 68' lang='lat' dir='ltr'>dactylos</span> <span class='ocrx_word' id='word_1_187' title='bbox 772 2632 908 2656; x_wconf 82' lang='lat' dir='ltr'>tantum</span> <span class='ocrx_word' id='word_1_188' title='bbox 933 2631 989 2656; x_wconf 80' lang='lat' dir='ltr'>aut</span> <span class='ocrx_word' id='word_1_189' title='bbox 1009 2621 1195 2668; x_wconf 73' lang='lat' dir='ltr'>spondaeus</span> 
     </span>
     <span class='ocr_line' id='line_1_41' title="bbox 519 2675 1193 2721; baseline -0.004 -11"><span class='ocrx_word' id='word_1_190' title='bbox 519 2685 579 2710; x_wconf 83' lang='lat' dir='ltr'>aut</span> <span class='ocrx_word' id='word_1_191' title='bbox 592 2676 760 2709; x_wconf 68' lang='lat' dir='ltr'>trochaeos</span> <span class='ocrx_word' id='word_1_192' title='bbox 770 2676 942 2721; x_wconf 81' lang='lat' dir='ltr'>recipiunt</span> <span class='ocrx_word' id='word_1_193' title='bbox 951 2675 1070 2708; x_wconf 77' lang='lat' dir='ltr'>‚Vocis</span> <span class='ocrx_word' id='word_1_194' title='bbox 1080 2683 1193 2708; x_wconf 76' lang='lat' dir='ltr'>autem</span> 
     </span>
    </p>
   </div>
   <div class='ocr_carea' id='block_1_12' title="bbox 1250 2090 1929 2718">
    <p class='ocr_par' dir='ltr' id='par_1_13' title="bbox 1250 2090 1929 2284">
     <span class='ocr_line' id='line_1_42' title="bbox 1250 2090 1928 2137; baseline 0.004 -15"><span class='ocrx_word' id='word_1_195' title='bbox 1250 2090 1388 2124; x_wconf 85' lang='lat' dir='ltr'>istiusce</span> <span class='ocrx_word' id='word_1_196' title='bbox 1403 2091 1547 2124; x_wconf 80' lang='lat' dir='ltr'>Earinus</span> <span class='ocrx_word' id='word_1_197' title='bbox 1564 2099 1632 2124; x_wconf 85' lang='lat' dir='ltr'>tres</span> <span class='ocrx_word' id='word_1_198' title='bbox 1654 2091 1776 2137; x_wconf 84' lang='lat' dir='ltr'>primae</span> <span class='ocrx_word' id='word_1_199' title='bbox 1787 2091 1928 2137; x_wconf 62' lang='lat' dir='ltr'>syllaba:</span> 
     </span>
     <span class='ocr_line' id='line_1_43' title="bbox 1250 2142 1929 2189; baseline 0.003 -13"><span class='ocrx_word' id='word_1_200' title='bbox 1250 2144 1382 2177; x_wconf 77' lang='lat' dir='ltr'>breves.</span> <span class='ocrx_word' id='word_1_201' title='bbox 1400 2143 1467 2177; x_wconf 89' lang='lat' dir='ltr'>Sed</span> <span class='ocrx_word' id='word_1_202' title='bbox 1483 2142 1570 2189; x_wconf 88' lang='lat' dir='ltr'>quid</span> <span class='ocrx_word' id='word_1_203' title='bbox 1591 2144 1745 2183; x_wconf 82' lang='lat' dir='ltr'>obstitit,</span> <span class='ocrx_word' id='word_1_204' title='bbox 1766 2145 1854 2178; x_wconf 82' lang='lat' dir='ltr'>scire</span> <span class='ocrx_word' id='word_1_205' title='bbox 1873 2157 1929 2178; x_wconf 71' lang='lat' dir='ltr'>ve-</span> 
     </span>
     <span class='ocr_line' id='line_1_44' title="bbox 1251 2196 1928 2242; baseline 0.003 -13"><span class='ocrx_word' id='word_1_206' title='bbox 1251 2197 1310 2229; x_wconf 87' lang='lat' dir='ltr'>lim</span> <span class='ocrx_word' id='word_1_207' title='bbox 1323 2222 1331 2237; x_wconf 92' lang='lat'>,</span> <span class='ocrx_word' id='word_1_208' title='bbox 1351 2197 1538 2242; x_wconf 86' lang='lat' dir='ltr'>quominus</span> <span class='ocrx_word' id='word_1_209' title='bbox 1552 2196 1610 2230; x_wconf 85' lang='lat' dir='ltr'>hic</span> <span class='ocrx_word' id='word_1_210' title='bbox 1629 2197 1755 2230; x_wconf 79' lang='lat' dir='ltr'><strong>Noster</strong></span> <span class='ocrx_word' id='word_1_211' title='bbox 1771 2197 1928 2231; x_wconf 77' lang='lat' dir='ltr'>iambicis</span> 
     </span>
     <span class='ocr_line' id='line_1_45' title="bbox 1253 2249 1775 2284; baseline 0.002 -2"><span class='ocrx_word' id='word_1_212' title='bbox 1253 2258 1311 2282; x_wconf 84' lang='lat' dir='ltr'>aut</span> <span class='ocrx_word' id='word_1_213' title='bbox 1331 2258 1492 2282; x_wconf 74' lang='lat' dir='ltr'>scazonte</span> <span class='ocrx_word' id='word_1_214' title='bbox 1509 2249 1689 2283; x_wconf 82' lang='lat' dir='ltr'>uteretur?</span> <span class='ocrx_word' id='word_1_215' title='bbox 1708 2251 1775 2284; x_wconf 78' lang='lat' dir='ltr'>En.</span> 
     </span>
    </p>

    <p class='ocr_par' dir='ltr' id='par_1_14' title="bbox 1253 2303 1928 2561">
     <span class='ocr_line' id='line_1_46' title="bbox 1309 2303 1927 2337; baseline 0.003 -2"><span class='ocrx_word' id='word_1_216' title='bbox 1309 2315 1342 2335; x_wconf 79' lang='lat'>2.</span> <span class='ocrx_word' id='word_1_217' title='bbox 1364 2303 1559 2336; x_wconf 74' lang='lat' dir='ltr'>Nomitmtur</span> <span class='ocrx_word' id='word_1_218' title='bbox 1573 2306 1650 2336; x_wconf 83' lang='lat' dir='ltr'>anni</span> <span class='ocrx_word' id='word_1_219' title='bbox 1665 2303 1849 2337; x_wconf 81' lang='lat' dir='ltr'>Pulmanni</span> <span class='ocrx_word' id='word_1_220' title='bbox 1869 2316 1927 2337; x_wconf 80' lang='lat' dir='ltr'>co-</span> 
     </span>
     <span class='ocr_line' id='line_1_47' title="bbox 1253 2355 1928 2403; baseline 0.003 -15"><span class='ocrx_word' id='word_1_221' title='bbox 1253 2355 1332 2389; x_wconf 80' lang='lat' dir='ltr'>dex.</span> <span class='ocrx_word' id='word_1_222' title='bbox 1347 2356 1493 2389; x_wconf 78' lang='lat' dir='ltr'><em>——Pars</em></span> <span class='ocrx_word' id='word_1_223' title='bbox 1507 2358 1634 2401; x_wconf 77' lang='lat' dir='ltr'>optima.</span> <span class='ocrx_word' id='word_1_224' title='bbox 1654 2357 1726 2389; x_wconf 85' lang='lat' dir='ltr'>Ver</span> <span class='ocrx_word' id='word_1_225' title='bbox 1741 2357 1834 2390; x_wconf 89' lang='lat' dir='ltr'>enim</span> <span class='ocrx_word' id='word_1_226' title='bbox 1852 2357 1928 2403; x_wconf 82' lang='lat' dir='ltr'>pul-</span> 
     </span>
     <span class='ocr_line' id='line_1_48' title="bbox 1253 2409 1926 2455; baseline 0 -13"><span class='ocrx_word' id='word_1_227' title='bbox 1253 2409 1425 2442; x_wconf 68' lang='lat' dir='ltr'>cherrima</span> <span class='ocrx_word' id='word_1_228' title='bbox 1455 2418 1505 2443; x_wconf 85' lang='lat' dir='ltr'>est</span> <span class='ocrx_word' id='word_1_229' title='bbox 1534 2409 1616 2442; x_wconf 79' lang='lat' dir='ltr'>anni</span> <span class='ocrx_word' id='word_1_230' title='bbox 1638 2418 1841 2455; x_wconf 77' lang='lat' dir='ltr'>tempestas,</span> <span class='ocrx_word' id='word_1_231' title='bbox 1860 2422 1926 2455; x_wconf 81' lang='lat' dir='ltr'>qun</span> 
     </span>
     <span class='ocr_line' id='line_1_49' title="bbox 1254 2462 1928 2508; baseline 0 -13"><span class='ocrx_word' id='word_1_232' title='bbox 1254 2475 1379 2508; x_wconf 85' lang='lat' dir='ltr'>nempe</span> <span class='ocrx_word' id='word_1_233' title='bbox 1398 2462 1497 2495; x_wconf 58' lang='lat' dir='ltr'>viola?</span> <span class='ocrx_word' id='word_1_234' title='bbox 1520 2470 1552 2495; x_wconf 84' lang='lat' dir='ltr'>et</span> <span class='ocrx_word' id='word_1_235' title='bbox 1571 2474 1656 2495; x_wconf 85' lang='lat' dir='ltr'>rosae</span> <span class='ocrx_word' id='word_1_236' title='bbox 1672 2487 1681 2501; x_wconf 94' lang='lat'>‚</span> <span class='ocrx_word' id='word_1_237' title='bbox 1703 2471 1806 2508; x_wconf 79' lang='lat' dir='ltr'>atque</span> <span class='ocrx_word' id='word_1_238' title='bbox 1824 2475 1928 2495; x_wconf 81' lang='lat' dir='ltr'>omne</span> 
     </span>
     <span class='ocr_line' id='line_1_50' title="bbox 1255 2515 1689 2561; baseline 0.002 -13"><span class='ocrx_word' id='word_1_239' title='bbox 1255 2515 1378 2548; x_wconf 75' lang='lat' dir='ltr'>florum</span> <span class='ocrx_word' id='word_1_240' title='bbox 1399 2528 1508 2561; x_wconf 80' lang='lat' dir='ltr'>genus</span> <span class='ocrx_word' id='word_1_241' title='bbox 1527 2515 1689 2549; x_wconf 77' lang='lat' dir='ltr'>nascitur.</span> 
     </span>
    </p>

    <p class='ocr_par' dir='ltr' id='par_1_15' title="bbox 1255 2567 1927 2718">
     <span class='ocr_line' id='line_1_51' title="bbox 1310 2567 1926 2614; baseline 0 -13"><span class='ocrx_word' id='word_1_242' title='bbox 1310 2568 1344 2601; x_wconf 79' lang='grc'>3.</span> <span class='ocrx_word' id='word_1_243' title='bbox 1360 2568 1509 2614; x_wconf 69' lang='lat' dir='ltr'>Hyblam.</span> <span class='ocrx_word' id='word_1_244' title='bbox 1525 2569 1681 2601; x_wconf 72' lang='lat' dir='ltr'>Momm-1</span> <span class='ocrx_word' id='word_1_245' title='bbox 1701 2567 1845 2608; x_wconf 53' lang='lat' dir='ltr'>sienne,</span> <span class='ocrx_word' id='word_1_246' title='bbox 1865 2569 1926 2601; x_wconf 86' lang='lat' dir='ltr'>ubi</span> 
     </span>
     <span class='ocr_line' id='line_1_52' title="bbox 1255 2619 1925 2660; baseline 0 -6"><span class='ocrx_word' id='word_1_247' title='bbox 1255 2621 1355 2654; x_wconf 80' lang='lat' dir='ltr'>multi</span> <span class='ocrx_word' id='word_1_248' title='bbox 1376 2621 1494 2660; x_wconf 68' lang='lat' dir='ltr'>flores,</span> <span class='ocrx_word' id='word_1_249' title='bbox 1521 2619 1614 2654; x_wconf 88' lang='lat' dir='ltr'>unde</span> <span class='ocrx_word' id='word_1_250' title='bbox 1636 2620 1738 2653; x_wconf 75' lang='lat' dir='ltr'>melle</span> <span class='ocrx_word' id='word_1_251' title='bbox 1756 2620 1925 2655; x_wconf 77' lang='lat' dir='ltr'>abundat.</span> 
     </span>
     <span class='ocr_line' id='line_1_53' title="bbox 1256 2673 1927 2718; baseline 0.001 -12"><span class='ocrx_word' id='word_1_252' title='bbox 1256 2694 1306 2699; x_wconf 93' lang='lat'>—</span> <span class='ocrx_word' id='word_1_253' title='bbox 1328 2676 1511 2718; x_wconf 70' lang='lat' dir='ltr'>Atticosque</span> <span class='ocrx_word' id='word_1_254' title='bbox 1518 2675 1629 2718; x_wconf 75' lang='lat' dir='ltr'>flores.</span> <span class='ocrx_word' id='word_1_255' title='bbox 1655 2673 1753 2714; x_wconf 74' lang='lat' dir='ltr'>Quos</span> <span class='ocrx_word' id='word_1_256' title='bbox 1773 2673 1927 2707; x_wconf 74' lang='lat' dir='ltr'>delibant</span> 
     </span>
    </p>
   </div>
  </div>
 </body>
</html>
