1978 3305
458 236 552 280 322
828 235 890 276 M.
917 235 1054 277 VAL.
1095 235 1487 279 MARTIALIS

526 323 657 381 Quod
688 325 777 367 sine
803 333 844 366 te
871 323 1032 366 factum
1059 333 1144 377 est,
1164 323 1249 367 hoc
1273 325 1410 385 magis
1435 325 1717 386 archetypum
1742 336 1818 369 est.

456 450 606 483 ctatione
632 457 772 482 ventosa
799 449 948 482 multum
976 447 1129 482 detrahis
1188 449 1859 496 licet,pluriscenseatur,antiquiusque

457 503 587 547 pretiO,
613 509 647 535 et
671 501 779 534 efficis
805 509 843 534 ut
868 513 946 535 vasa
968 509 1025 534 tua
1045 513 1129 534 con-
1188 501 1358 535 videatur.
1376 501 1459 536 Vid.
1475 501 1582 548 epigr.
1604 515 1659 545 w,
1674 516 1791 549 supra.
1810 525 1860 529 ——

457 554 545 588 vivis
564 554 728 587 molestiae
751 562 785 586 et
808 552 912 586 taedio
931 553 1021 594 sint;
1044 552 1130 586 adeo
1190 554 1297 600 Illyos.
1312 554 1489 588 Caelatoris
1512 555 1651 600 egregii.

457 616 497 640 ut
516 615 697 652 argentum
715 606 867 646 factum,
886 605 923 639 id
941 614 1014 648 est,
1035 619 1130 647 vasa,
1244 621 1276 640 2.
1300 607 1398 651 Quod
1417 609 1482 640 sine
1500 615 1538 640 te.
1558 608 1633 641 Hoc
1655 615 1724 650 est,
1747 608 1861 653 inquit

456 658 600 704 (argenti
612 659 704 692 enim
718 659 797 692 facti
809 659 953 692 nomine
968 671 1045 692 vasa
1055 671 1132 693 cen·
1191 660 1365 699 Raderus,
1385 672 1462 693 vasa
1481 673 1558 706 quae
1578 668 1616 693 tu
1636 673 1707 693 non
1723 660 1861 706 attigisti

456 721 575 745 §entur
597 710 793 757 argentea),
808 711 834 744 si
860 711 936 745 siue
956 719 989 745 te
1012 711 1076 753 sit,
1099 720 1134 746 et
1191 725 1255 746 nec
1281 712 1505 754 adulterasti,
1538 713 1645 758 magis
1672 713 1862 758 archetypa

457 764 482 796 si
499 764 605 805 absis,
619 764 726 809 magis
742 764 786 797 sit
803 763 1052 810 archetypum:
1068 764 1132 798 sci·
1190 764 1413 799 sunt.Videat
1433 766 1559 806 lector,
1580 774 1612 798 et
1627 765 1741 811 eligat.

1026 906 1296 962 XXXV.

787 1065 837 1091 ιΝ
882 1061 1163 1091 prssmtos
1202 1042 1540 1090 CONJUGESJ*

667 1181 818 1247 QUUM
847 1190 935 1233 sitis
958 1187 1140 1243 similes,
1164 1204 1375 1249 paresque
1402 1190 1512 1242 vita,

673 1263 794 1305 Uxor
815 1263 1020 1322 pessima,
1043 1259 1254 1319 pessimus
1280 1259 1484 1313 maritu53

669 1332 833 1384 Miror,
862 1347 960 1383 non
979 1330 1090 1373 bene
1115 1330 1350 1373 convenire
1378 1328 1514 1373 vobis.

513 1469 526 1482 ¹'
544 1473 586 1505 Et
610 1471 670 1504 hio
690 1471 788 1504 nulla
814 1478 863 1503 est
889 1469 1049 1503 lectionis
1076 1481 1135 1502 va·
1196 1477 1250 1502 ter
1268 1468 1438 1514 significat
1454 1477 1487 1502 et
1500 1467 1648 1501 similem
1664 1468 1803 1502 duobus
1822 1470 1873 1503 in-

462 1527 563 1558 rietas
583 1525 617 1557 iu
640 1524 738 1557 libris
752 1523 883 1557 calamo
900 1522 1064 1563 exaratis,
1078 1530 1135 1555 aut
1197 1520 1332 1563 dolem,
1353 1529 1387 1555 et
1408 1520 1643 1555 concordiam.
1665 1522 1718 1554 Ita
1736 1523 1871 1568 perspi-

463 1579 556 1624 typis
577 1577 721 1611 excusis.
1197 1587 1305 1608 cuum
1320 1574 1388 1607 hoc
1401 1573 1610 1620 epigramma
1628 1573 1678 1608 fit.
1696 1573 1869 1613 Com-enit,

518 1631 551 1664 3.
574 1632 646 1664 Νοη
677 1631 750 1662 hene
779 1630 948 1662 convenire.
972 1628 1081 1661 Jocus
1104 1628 1138 1661 in
1199 1639 1310 1673 quum
1328 1627 1470 1673 pessimi
1492 1626 1600 1660 ethic
1634 1636 1668 1661 et
1699 1627 1772 1668 illa;
1801 1640 1873 1661 non

464 1696 550 1717 voce
571 1684 732 1727 ambigua
755 1685 926 1721 convenire,
946 1693 1024 1727 quae
1046 1679 1140 1726 pari·
1200 1682 1362 1719 convenit,
1391 1693 1499 1726 quum
1522 1680 1691 1714 rixentur.
1706 1680 1772 1713 En.

1025 1822 1311 1878 XXXVI.

750 1981 769 2007 Α
791 1981 815 2007 ι)
854 1978 1129 2007 CAESAREM
1171 1958 1595 2007 DOMlTIANUMf

538 2106 690 2149 [zmil
718 2101 1016 2163 pyramidum,
1039 2102 1210 2155 Caesar,
1237 2101 1443 2146 miracula
1471 2103 1584 2155 ride3

541 2238 784 2304 ΙἸυραμίδων
815 2245 981 2304 γέλασον
1013 2245 1200 2297 βασιλῆϊα
1227 2242 1438 2302 θαύματα,
1466 2244 1642 2302 Καῖσαρ·

520 2381 531 2395 '
553 2387 685 2417 Domus
705 2384 776 2416 haec
804 2382 956 2416 Palatina
976 2381 1118 2416 Caesaris
1135 2409 1143 2423 ‚
1205 2382 1257 2415 liae
1288 2383 1467 2416 montibus
1496 2383 1648 2430 praefert.
1672 2383 1876 2423 Postremo,

465 2438 568 2483 digna
591 2445 662 2471 erat
689 2443 868 2482 spectatu3
891 2443 930 2468 ut
953 2447 1028 2481 quae
1053 2435 1143 2468 inter
1203 2442 1322 2480 argute
1343 2435 1548 2470 concludit:
1572 2448 1780 2483 quamquam
1807 2446 1874 2470 tam

465 2491 653 2524 nobiliores
694 2489 789 2522 orbis
834 2489 977 2521 fabricas
1018 2488 1138 2521 referri
1202 2496 1294 2522 vasta
1307 2514 1317 2528 ‚
1336 2489 1448 2534 ampla
1468 2499 1501 2523 et
1516 2490 1648 2523 excelsa
1666 2497 1716 2524 est
1733 2488 1872 2524 domus.

464 2552 576 2589 posset
593 2569 601 2582 ,
630 2555 731 2588 quam
760 2542 864 2575 Poeta
898 2540 1138 2587 pyramidibus
1201 2550 1315 2574 tamen
1339 2550 1389 2574 est
1409 2543 1528 2575 minoi·
1548 2543 1701 2575 Domino
1731 2542 1875 2577 Cir-zare.

462 2597 617 2642 aulisquo
641 2595 781 2640 lligypti
805 2594 1012 2639 anteponit.
1035 2603 1136 2640 atque
1201 2594 1352 2628 Rudcrw.

456 2648 643 2683 altitudine
665 2649 769 2680 otiam
796 2647 970 2680 altissimi-z
988 2647 1134 2680 Thessa-
1255 2658 1283 2680 ῐ.
1309 2647 1410 2689 Regia
1438 2647 1649 2693 prr-amidam.
1676 2648 1726 2681 De*
1748 2648 1875 2693 quilius
