1978 3305
366 218 945 262 EPIGRAMMATUM
984 218 1107 261 LIB.
1148 220 1200 261 V.
1424 221 1485 266 83

675 369 902 424 LXIV.

488 523 553 550 An
593 522 719 550 suos
757 502 1091 551 immunitos*

156 647 451 699 SEXTANTES,
481 643 676 699 Calliste,
708 644 815 687 duos
842 644 1019 688 infunde
1047 645 1237 698 Falerni;

226 717 292 758 Tu
325 730 454 774 super
478 715 666 768 aestivas,
692 713 879 768 Alcime,
909 713 1027 757 solve
1059 716 1191 759 nives.

156 785 415 845 Pinguescat
443 784 577 827 nimio
607 783 803 827 madidus
833 784 938 827 milii
958 785 1097 838 ⁴crinis
1128 801 1301 829 amomo
1320 824 1330 839 ‚

224 856 546 914 Lassenturque
576 854 685 898 rosis
715 864 912 914 tempora
938 853 1147 899 sutilibus.

138 991 155 1006 *
183 992 312 1026 Invitat
334 1005 368 1026 se
389 993 502 1037 ipsum
525 991 568 1025 ad
589 992 758 1037 genialem

85 1047 192 1080 vitam
205 1071 214 1088 ,
230 1044 326 1091 quod
344 1044 506 1078 omnibus
522 1043 757 1084 moriendum,

87 1099 190 1133 etiam
213 1098 419 1132 Caesaribus.

142 1164 176 1186 1.
207 1151 372 1185 Sextantes
399 1151 476 1183 duos
496 1177 504 1189 ,
539 1158 602 1183 etc.
635 1150 760 1183 Triens

84 1212 235 1250 quatuor
244 1204 386 1248 cyathos
400 1228 408 1244 ‚
427 1211 561 1236 sextans
575 1201 664 1235 duos
677 1215 760 1236 con-

85 1258 172 1291 tinet
190 1257 333 1302 cyathos
343 1282 352 1297 ‚
372 1264 406 1289 et
420 1264 470 1289 est
484 1264 575 1288 sexta
592 1267 670 1300 pars
685 1267 760 1288 sex-

85 1309 188 1343 tarii:
206 1308 279 1342 vid.
302 1309 364 1342 lib.
384 1309 420 1348 I,
446 1308 555 1353 epigr.
577 1319 711 1347 xxv111;
729 1317 763 1342 et

85 1362 212 1396 Tabul.
233 1362 386 1394 Numer.
408 1360 452 1394 ad
472 1361 534 1394 fin.
555 1361 573 1393 Ι
592 1361 669 1393 Vol.
693 1361 759 1394 En.

84 1437 136 1442 —
156 1414 299 1448 Calliste.
320 1413 483 1447 Minister
502 1414 630 1447 Poetae.

140 1480 173 1501 2.
187 1467 321 1506 Alcine,
337 1467 440 1510 sande
458 1470 558 1505 nives,
579 1459 760 1511 cd.fantiq.

86 1520 221 1554 Ferrar.
242 1519 325 1553 anni
346 1523 455 1564 1471.
473 1518 554 1552 Ald.
571 1519 674 1551 Junt.
692 1519 760 1552 Co-

86 1573 148 1606 lin.
166 1572 303 1618 Gryph.
319 1571 477 1605 Pulman.
492 1571 634 1604 Junian.
649 1571 758 1616 Lang.

89 1625 220 1670 Delph.
236 1633 300 1658 etc.
318 1624 444 1658 Alcime
460 1651 468 1663 ,
490 1624 571 1656 solve
586 1626 667 1656 nives
682 1623 758 1656 cod.

87 1677 332 1719 Florentinus;
361 1684 394 1710 et
424 1677 473 1710 sic
505 1676 687 1709 Gruterus.
709 1698 760 1702 —

92 1732 141 1763 Tu
167 1744 258 1776 super
285 1731 368 1762 solve
394 1729 558 1772 (funde).
583 1729 658 1762 Hoc
681 1736 757 1762 est:

86 1783 220 1829 Aquam
239 1781 388 1828 gelidam
415 1794 433 1815 e
458 1781 598 1814 nivibus
620 1793 759 1825 expres-

87 1848 157 1869 sam
184 1834 302 1869 funde.
326 1835 395 1867 Alii
417 1835 509 1867 enim
531 1842 565 1867 et
590 1833 760 1867 Gruterus

85 1888 205 1934 legunt
227 1889 307 1921 solve
323 1889 415 1920 nives.
435 1908 485 1913 --
501 1887 648 1919 AEstt'vas
667 1889 758 1919 nives.

86 1943 219 1986 Aquam
246 1941 398 1974 nivatam
419 1951 479 1973 seu
499 1938 646 1984 gelidam
667 1951 685 1971 e
706 1940 759 1972 ni-

85 1993 188 2027 vibus
208 2005 422 2038 expressam,
436 2004 503 2037 qua
520 1992 600 2024 vina
616 2004 760 2037 genero-

87 2046 216 2080 sissima
232 2045 433 2086 diluebant3
452 2045 513 2077 lib.
529 2045 631 2085 XIV,
649 2045 758 2089 epigr.

87 2111 182 2132 cxvn
194 2112 203 2141 ;
217 2099 272 2132 vel
286 2097 463 2132 decoctam
475 2105 509 2130 et
518 2097 615 2130 vitris
630 2096 758 2130 demis-

87 2163 160 2185 sam
181 2151 218 2185 in
235 2151 352 2193 nives,
368 2158 409 2183 ut
433 2149 667 2195 refrigeretur.
683 2150 760 2183 Hoc

87 2203 238 2238 Neronis
250 2204 444 2237 inventum.
460 2202 620 2248 Antiquae
633 2203 686 2236 hae
702 2202 760 2236 de-

86 2256 186 2289 liciae.
204 2256 332 2290 Seneca
345 2283 354 2298 ,
375 2256 474 2302 epist.
498 2267 545 2299 79
567 2267 575 2288 ε
598 2270 610 2281 κ
625 2256 656 2288 Ο
675 2256 761 2289 infe-

86 2308 189 2342 licem
218 2309 368 2354 aegruml
393 2307 535 2350 Quare?
565 2308 656 2348 Quia
688 2321 759 2341 non

87 2362 170 2394 vino
192 2361 309 2394 nivem
331 2360 435 2394 diluit
451 2372 458 2393 :
477 2360 557 2406 quia
577 2373 647 2394 non
666 2361 759 2406 rigo-

88 2427 161 2447 rem
193 2414 345 2459 potionis
378 2426 447 2447 suae
460 2438 470 2455 ‚
503 2425 606 2458 quam
643 2414 758 2459 capaci

88 2467 220 2512 scypho
238 2467 375 2500 miscuit
390 2492 398 2506 ‚
418 2473 562 2499 renovat
580 2466 687 2499 fracta
706 2467 759 2499 in-

89 2532 194 2565 super
216 2519 334 2565 glacie.
355 2535 368 2548 n
393 2518 462 2551 Sed
490 2527 524 2551 et
551 2531 680 2552 meram
705 2519 759 2551 ni-

89 2584 166 2605 vem
179 2572 355 2606 bibebant.
375 2570 478 2604 Unde
493 2571 643 2603 Martial.
660 2572 760 2611 XIV,

90 2637 211 2657 cxvn:
244 2643 258 2655 α
281 2625 359 2657 Non
386 2632 508 2668 potare
538 2624 674 2664 nivem,
702 2623 760 2657 sed

818 1005 944 1038 aquam
965 1001 1085 1038 potare
1107 993 1277 1038 rigentem
1303 997 1354 1029 De
1381 997 1462 1031 nive
1478 1024 1487 1038 ,

818 1053 1011 1078 commenta
1031 1053 1082 1079 est
1100 1045 1279 1091 ingeniosa
1299 1048 1384 1083 sitis.
1403 1066 1417 1079 ιι
1438 1052 1489 1085 Ex

818 1106 965 1143 utraque
985 1098 1241 1132 consuetudine
1257 1125 1265 1141 ‚
1285 1109 1324 1134 ut
1340 1103 1466 1148 opinor
1484 1131 1493 1145 ,

818 1150 909 1184 Plin.
938 1151 999 1183 lib.
1028 1151 1136 1192 XIX,
1157 1164 1230 1197 cap.
1255 1157 1272 1192 4
1294 1166 1302 1186 ;
1326 1171 1339 1183 «
1355 1155 1399 1188 Et
1416 1157 1488 1201 ipsa

818 1211 951 1236 naturae
964 1204 1133 1236 elementa
1150 1204 1182 1237 vi
1195 1206 1353 1249 pecuniae
1367 1207 1492 1243 discre-

819 1263 851 1288 ta
871 1264 960 1289 sunt.
984 1256 1030 1289 Hi
1052 1256 1148 1290 nives
1164 1281 1174 1297 ‚
1196 1258 1247 1290 illi
1264 1259 1409 1303 glaciem
1428 1275 1489 1307 po-

819 1317 891 1341 tant
905 1335 913 1350 ,
931 1321 1118 1354 poenasque
1137 1311 1310 1344 montium
1331 1313 1367 1345 in
1390 1314 1490 1347 volu-

818 1369 947 1406 ptatem
959 1362 1046 1406 gulae
1062 1371 1213 1397 vertunt.
1224 1363 1388 1398 Servatur
1397 1367 1491 1412 algor

819 1414 979 1454 aestibus,
1004 1415 1286 1461 excogitaturque
1306 1425 1345 1451 ut
1370 1419 1490 1453 alienis

819 1467 994 1500 mensibus
1008 1467 1064 1499 nix
1078 1469 1196 1512 algeat.
1206 1469 1295 1502 »Nix
1306 1479 1417 1504 autem
1431 1485 1491 1506 ve·

820 1519 907 1552 nalis
924 1528 995 1552 erat
1015 1519 1058 1552 ad
1075 1520 1168 1553 hunc
1184 1533 1296 1555 usum.
1317 1523 1489 1558 Caeterum

819 1584 907 1617 aqua
920 1572 1036 1605 nivata
1055 1573 1243 1606 utebantur
1262 1575 1363 1608 etiam
1383 1576 1425 1609 ad
1442 1579 1490 1611 la-

818 1625 990 1658 vationem
1005 1651 1013 1665 ‚
1030 1626 1056 1657 οἱ
1083 1625 1204 1658 ἄσωτοι
1228 1628 1282 1660 καὶ
1297 1624 1488 1674 Sicinium-ot

818 1682 880 1709 τῶν
900 1678 1070 1710 πλουσίων.
1091 1678 1279 1718 Quomodo
1294 1688 1406 1714 autem
1427 1696 1492 1717 ser·

818 1739 957 1763 varetur
985 1730 1043 1762 nix
1072 1731 1135 1763 ista
1153 1756 1162 1770 ,
1183 1730 1285 1765 docet
1311 1733 1489 1770 Plutarch.

817 1781 876 1815 lib.
897 1783 949 1814 VI
963 1806 973 1821 ‚
994 1782 1140 1827 Symph.
1160 1784 1272 1828 probl.
1297 1787 1331 1818 6.
1349 1787 1486 1822 Herald.

873 1839 903 1867 3.
938 1836 1130 1878 Pinguescat
1161 1838 1256 1869 nimio
1271 1863 1280 1875 ,
1319 1846 1384 1872 etc.
1416 1841 1489 1874 Un-

819 1887 956 1931 guentis
975 1886 1121 1920 delibuti
1139 1913 1147 1929 ,
1172 1896 1206 1921 et
1228 1889 1370 1925 floribus
1389 1904 1489 1927 coro·

818 1940 890 1972 nati
900 1939 1173 1973 convivabantur
1185 1950 1331 1976 veteres.
1345 1965 1395 1970 -—
1409 1946 1489 1979 Pin-

817 2001 945 2037 gnoscat
975 1995 1081 2025 nimio.
1112 1993 1167 2026 Sic
1194 1997 1344 2040 λιπαροὺς
1372 2001 1492 2032 πλοκά-

819 2058 895 2089 μους
912 2044 1076 2078 dixerunt
1090 2045 1215 2079 Graeci.
1229 2047 1337 2080 Nimio
1354 2058 1468 2084 autem
1481 2078 1489 2091 ‚

818 2096 855 2130 id
873 2106 943 2139 est,
962 2098 1086 2131 multo.
1107 2097 1221 2132 Gloss.
1240 2100 1344 2133 Nimis
1358 2128 1367 2140 ,
1388 2103 1489 2147 ἄγαν,

818 2151 902 2184 πάνυ
917 2177 926 2192 ,
951 2148 1088 2195 σφόδρα.
1115 2151 1229 2184 Plaut.
1253 2153 1289 2185 in
1309 2154 1487 2199 Amphitr.

823 2220 836 2232 «
849 2203 1020 2248 Legiones
1032 2202 1185 2237 educunt
1200 2216 1277 2237 suas
1294 2205 1397 2240 nimis
1410 2210 1489 2253 pul·

818 2256 910 2289 chris
946 2256 1048 2289 armis
1077 2255 1283 2301 praeditas.»
1315 2278 1367 2284 ·—
1391 2262 1492 2294 Amo.

819 2321 878 2341 mo.
909 2309 1102 2354 Unguento
1134 2307 1217 2340 inde
1247 2309 1337 2343 sacto
1352 2337 1360 2352 ,
1381 2325 1488 2358 quum

819 2360 1027 2394 valetudinis
1044 2387 1053 2401 ,
1076 2368 1150 2393 tum
1170 2361 1357 2407 voluptatis
1378 2378 1490 2401 causa.

821 2415 1008 2446 Amomum
1026 2413 1061 2446 in
1079 2414 1243 2447 Armenia
1258 2416 1422 2452 nascitur.

875 2471 907 2505 4.
930 2467 1020 2498 Rosis
1037 2465 1191 2498 sutilibus.
1208 2465 1364 2503 Coronas
1390 2483 1409 2503 e
1440 2485 1494 2505 ro.

821 2531 935 2551 sarum
960 2518 1050 2551 foliis
1070 2519 1296 2553 consuebant.
1328 2544 1377 2547 -—
1404 2524 1492 2557 Sul!-

822 2572 912 2604 lilrus.
948 2571 1173 2613 Plectilibus‚
1197 2585 1272 2618 quac
1306 2585 1323 2605 e
1352 2579 1492 2610 ramulis

823 2625 1088 2658 innectebantur
1099 2624 1422 2672 plectebanturquc,
1434 2643 1478 2663 un
1487 2650 1498 2657 -

1228 2699 1285 2743 {3²
