1978 3305
339 228 916 276 EPIGRAMMATUM
953 228 1078 271 LIB.
1100 227 1216 271 VII.

1376 245 1471 290 207

148 321 211 364 Ut
231 334 328 363 mea
347 334 427 362 nec
441 353 452 374 ‚
471 317 586 378 juste
606 334 715 379 quos
739 317 851 373 odit,
874 316 1031 377 pagina
1052 314 1191 368 laedit,

219 391 277 433 Et
301 388 408 433 mihi
435 388 489 432 de
516 386 636 432 nullo
658 388 774 432 fama
794 387 954 431 rubore
976 385 1129 447 placet.

147 458 266 517 Quid
286 458 486 520 prodest,
506 459 684 520 cupiant
703 475 839 520 quum
862 456 1039 518 quidam
1059 466 1209 500 nostra
1230 456 1366 501 videri
1380 491 1391 508 ‚

216 530 259 573 Si
278 545 364 590 qua
387 529 635 590 Lycambeo
657 529 866 590 sanguine
891 525 976 571 tela
998 526 1202 570 madent?

149 600 477 661 Vipereumque
504 609 685 643 vomant
714 607 865 643 nostro
892 597 972 641 sub
996 598 1172 641 nomine
1198 598 1339 652 virus.

218 670 307 727 Qui
329 669 481 714 Phoebi
503 669 645 713 radios
670 669 783 713 ferre
807 668 1009 728 diemque
1030 666 1224 728 negant?

149 740 360 784 Ludimus
384 740 560 783 innocui
584 757 592 782 :
615 741 697 784 scis
718 739 803 783 hoc
825 739 966 800 benet:
988 737 1089 798 juro
1110 738 1298 798 potentis

217 812 300 854 Per
318 810 492 871 genium
517 810 683 866 Famae,
705 807 1059 869 Castalidumque
1079 824 1254 869 gregem
1279 825 1288 851 :

147 882 314 941 Perque
344 889 439 924 tuas
464 895 611 936 aures,
635 881 783 941 magni
806 879 913 924 mihi
937 878 1127 922 numinis
1151 879 1306 933 instar,

220 952 402 1005 Lector,
423 950 662 994 inhumana
686 949 794 994 liber
813 949 868 993 ab
890 948 1062 993 invidia.

134 1083 169 1117 3.
179 1081 259 1117 Ald.
274 1084 295 1116 J
298 1091 373 1118 unt.
392 1090 426 1116 et
439 1083 516 1117 Col.
526 1085 650 1127 pagina
667 1083 749 1116 lesit.

133 1140 167 1177 4.
194 1136 279 1169 ΜὶΙιί
304 1135 343 1169 de
369 1136 472 1176 nullo,
498 1143 563 1169 etc.
589 1135 670 1169 Non
700 1136 751 1168 fa-

79 1201 171 1222 mam
188 1196 289 1234 capto
305 1201 348 1222 ex
367 1188 478 1222 aliena
498 1188 658 1229 infamia3
678 1187 749 1222 vid.

79 1241 190 1287 Epist.
209 1242 270 1275 lib.
291 1242 322 1281 I,
345 1249 419 1275 not.
445 1254 462 1275 2
480 1265 490 1284 ‚
507 1253 583 1287 pag.
604 1242 664 1282 51,
679 1242 750 1274 vol.

79 1295 97 1327 Ι
105 1319 115 1335 ,
126 1293 210 1328 edit.
220 1303 346 1328 nostrae
356 1320 365 1336 ,
374 1293 437 1328 uhi
445 1294 517 1327 haec
526 1293 673 1339 explico.
682 1294 750 1327 En.

133 1349 167 1381 6.
181 1347 220 1381 Sc·
237 1360 299 1394 qua
316 1346 504 1394 Lycambeo.
519 1346 751 1380 Archilochus

79 1400 188 1434 Poeta
208 1399 497 1434 Lacedaemonius
523 1411 643 1433 versus
669 1399 754 1433 iam-

78 1452 176 1486 bicos
202 1461 272 1486 tam
298 1454 438 1487 acerbos
461 1451 599 1499 scripsit
623 1452 660 1485 in
685 1453 753 1498 Ly-

79 1505 224 1539 camben
232 1530 242 1547 ,
253 1505 351 1551 quod
361 1505 565 1552 desponsam
576 1504 642 1551 ipsi
653 1517 752 1538 suam

78 1557 187 1591 filiam
198 1559 409 1604 negavisset,
423 1567 463 1592 ut
471 1559 595 1604 laqueo
608 1570 752 1604 suspen-

80 1609 164 1644 dere
181 1624 218 1645 se
237 1611 341 1645 simul
358 1624 438 1645 cum
460 1611 533 1645 filia
554 1611 654 1644 illum
671 1623 753 1645 coe·

79 1664 180 1709 gerit.
194 1664 321 1698 Sensus
336 1672 408 1698 est:
425 1663 520 1706 Quid
535 1662 678 1709 prodest
695 1676 753 1697 oc·

79 1716 174 1750 culto
184 1726 294 1762 poetae
304 1730 422 1751 versus
432 1715 611 1750 mordaces
623 1725 657 1750 et
666 1729 752 1750 con-

79 1770 282 1804 tumeliosos
295 1769 410 1811 edere,
424 1782 537 1816 quum
552 1782 673 1803 omnes
688 1782 753 1803 no-

80 1822 195 1856 verint
212 1822 400 1856 caudidum
416 1835 533 1856 meum
551 1822 753 1867 ingenium?

81 1874 166 1908 vid.
177 1875 279 1918 X,111
291 1884 326 1910 et
339 1888 465 1910 xxx111.

135 1929 170 1962 8.
200 1929 267 1974 Qui
293 1929 406 1962 Plzoebi
431 1929 547 1962 radios.
582 1928 653 1970 Qui
681 1941 753 1962 non

81 1980 209 2015 audent
235 1994 354 2016 versus
382 1995 445 2016 suo
475 1981 619 2015 nomine
650 1980 753 2015 edere

80 2033 118 2066 in
138 2034 266 2068 lucem.

137 2100 169 2131 9.
203 2087 354 2120 Ludimus
389 2089 528 2120 innocuis
561 2087 665 2120 verbis
697 2088 753 2120 lzoc

77 2140 150 2183 juro
164 2138 219 2173 ed.
236 2140 414 2185 antiquiss.
430 2140 564 2174 Ferrar.
580 2153 624 2174 an
642 2144 710 2185 147
721 2151 750 2173 1.

82 2191 161 2225 Ald.
180 2193 279 2226 Junt.
300 2192 414 2226 Colin.
432 2193 569 2239 Gryph.
590 2193 750 2226 Pulman.

81 2245 207 2290 Delph.
225 2253 290 2279 etc.
311 2245 513 2279 Lectionem
531 2254 687 2280 nostram
705 2254 753 2279 te-

81 2304 215 2331 stantur
230 2296 334 2331 codd.
350 2297 451 2332 Bodl.
468 2299 608 2332 Thuan.
628 2307 662 2332 et
675 2299 753 2331 Flo-

81 2358 171 2383 rent.
197 2362 300 2395 quam
318 2351 469 2384 restituit
489 2350 692 2385 Scriverius.

139 2414 195 2436 10.
223 2402 456 2449 Castaliumque
479 2404 514 2436 in
540 2403 643 2437 codd.
670 2404 751 2436 Pul-

81 2455 221 2497 manni,
249 2456 386 2489 Thuan.
419 2457 499 2489 Vat.
534 2465 567 2490 et
596 2456 751 2490 Florent.

83 2507 338 2555 Castalidumque
355 2517 454 2542 cetum
469 2510 490 2542 J
494 2509 616 2542 untina
635 2517 752 2543 nostra

80 2561 117 2594 in
133 2561 305 2607 margine,
323 2562 346 2595 i.
367 2574 396 2595 e.
415 2569 543 2602 coetum,
562 2569 673 2596 metro
693 2562 753 2595 ob-

81 2621 211 2656 stante;
232 2622 329 2647 cetum
357 2623 391 2648 et
415 2628 542 2660 gregem
567 2627 637 2647 non
663 2615 751 2647 mul-

82 2675 155 2699 tum
176 2666 344 2701 differunt
372 2668 406 2701 in
434 2667 538 2701 codd.
567 2668 611 2701 ob
629 2668 751 2701 simili-

809 1081 969 1115 tudinem
985 1081 1166 1115 literarum
1185 1090 1197 1113 t
1214 1091 1249 1116 et
1265 1097 1299 1124 c,
1318 1093 1351 1117 et
1366 1098 1383 1117 c
1398 1094 1432 1119 et
1442 1100 1479 1132 g,

809 1135 1008 1169 charactere
1023 1134 1306 1181 Longobardico.
1323 1138 1376 1171 Ex
1390 1151 1486 1174 men-

809 1187 893 1222 dosa
910 1188 975 1222 hac
995 1188 1145 1222 lectione
1166 1189 1266 1222 facile
1291 1201 1390 1224 eruas
1411 1195 1485 1228 cllo-

810 1254 890 1282 rum,
912 1239 1008 1287 quod
1025 1241 1172 1286 propius
1190 1241 1323 1276 accedit
1340 1243 1385 1277 ad
1404 1246 1482 1280 lite-

809 1306 928 1327 rarum
947 1301 1096 1327 tractum
1116 1294 1154 1327 in
1169 1307 1256 1329 voce
1272 1309 1410 1342 gregem.
1429 1300 1485 1335 Sic

814 1364 829 1376 α
842 1346 1024 1380 Pieridum
1032 1346 1160 1381 chorus
1172 1364 1185 1378 u
1200 1360 1256 1393 ap.
1265 1349 1369 1384 Ovid.
1378 1352 1483 1389 Trist.

810 1399 858 1441 V,
877 1411 923 1432 111
937 1424 946 1440 ‚
969 1411 1032 1441 103
1053 1400 1176 1434 «Pierii
1197 1401 1314 1435 chori»
1326 1416 1366 1437 ex
1381 1406 1482 1441 Pont.

811 1452 858 1493 V,
875 1464 908 1493 1,
927 1452 992 1493 583
1016 1470 1030 1482 ιι
1046 1452 1218 1487 Naiadum
1240 1455 1338 1488 chori
1356 1475 1369 1487 υ
1392 1458 1482 1495 Fast,

811 1505 850 1544 I,
869 1504 953 1538 512.
973 1505 1027 1539 Cf.
1052 1505 1143 1540 Fast.
1158 1507 1204 1548 V,
1231 1509 1295 1549 803
1313 1509 1432 1545 Nostri
1448 1514 1484 1555 I,

810 1558 1054 1601 Lxxvn3VII,
1071 1570 1175 1601 Lx1x;
1193 1560 1281 1602 XII;
1301 1574 1363 1604 111,
1382 1573 1417 1598 et
1433 1566 1484 1600 sic

809 1611 939 1656 passim
958 1610 1052 1656 apud
1079 1620 1208 1656 poetaS.
1232 1613 1322 1648 Grex
1342 1619 1485 1665 proprie

811 1663 942 1697 dicitur
956 1663 1000 1697 de
1012 1663 1285 1710 quadrupedum
1295 1680 1485 1717 congrega-

811 1716 920 1755 tione,
939 1725 1044 1762 atque
1061 1718 1222 1752 translate
1234 1719 1278 1753 de
1295 1722 1356 1755 vili
1373 1724 1486 1759 homi-

813 1782 898 1803 num
914 1769 1138 1804 multitudine
1148 1782 1350 1818 usurpatur.
1361 1777 1485 1812 Cicero

812 1831 928 1856 tamen
949 1831 983 1856 et
996 1824 1139 1857 Terent.
1158 1824 1202 1857 de
1218 1825 1401 1863 hominum
1418 1844 1486 1866 nu-

811 1889 908 1909 mero
922 1877 1016 1909 bono
1034 1889 1137 1910 sensu
1157 1886 1320 1915 utuntur.
1342 1883 1483 1918 Confer.

811 1929 929 1963 Nostri
950 1929 1013 1963 lib.
1037 1929 1108 1970 IX,
1126 1931 1233 1976 epigr.
1260 1945 1426 1979 Lxxwa,
1452 1947 1485 1971 et

810 1982 871 2015 lib.
892 1982 963 2015 XII
974 2008 984 2024 ,
1002 1982 1110 2028 epigr.
1128 1996 1183 2025 Χῖ,
1199 1985 1261 2018 ubi
1276 1985 1321 2021 de
1337 1988 1486 2024 lectione

809 2047 906 2080 grege
935 2047 1008 2068 non
1028 2034 1180 2070 dubitari
1214 2047 1339 2083 potest.
1355 2063 1407 2068 —
1421 2045 1487 2077 Per

809 2091 935 2132 genium
950 2089 1074 2123 Famae.
1091 2088 1150 2122 Me
1170 2090 1367 2127 innocuum
1379 2108 1451 2129 esse
1467 2111 1486 2131 a

812 2141 1074 2184 maledicentia,
1091 2143 1172 2187 juro
1190 2156 1254 2189 per
1272 2146 1398 2181 famam
1420 2162 1486 2183 no-

812 2194 915 2227 minis
935 2194 1026 2238 mei,
1048 2203 1081 2228 et
1105 2207 1168 2240 per
1187 2204 1288 2230 tuum
1309 2199 1461 2236 favorem
1475 2230 1484 2244 ,

810 2247 930 2280 lector.
952 2247 1071 2282 Genius
1098 2248 1191 2281 enim
1217 2259 1268 2283 est
1292 2253 1343 2285 rei
1368 2257 1484 2300 cujus-

810 2312 960 2345 cumque
973 2301 1098 2345 grafia,
1119 2313 1248 2343 venus,
1270 2304 1378 2350 lepos.
1399 2308 1481 2342 Vid.

810 2352 872 2386 lib.
886 2354 937 2385 VI
950 2379 959 2394 ‚
976 2353 1084 2398 epigr.
1109 2365 1170 2394 Lx,
1189 2367 1237 2388 vs.
1260 2369 1314 2390 10.

868 2417 881 2437 1
895 2418 925 2439 1.
944 2406 1089 2438 Numinis
1104 2407 1211 2439 instar.
1232 2409 1393 2451 Lectori,
1412 2422 1484 2448 tau-

811 2470 915 2503 quam
926 2452 1077 2502 Deofsuae
1087 2459 1187 2492 sortis
1200 2461 1332 2497 arbitro
1341 2490 1350 2505 ‚
1364 2478 1483 2511 preces

811 2510 928 2544 fundit
951 2523 989 2544 ac
1011 2519 1090 2545 vota
1113 2523 1293 2560 nuncupat
1313 2519 1479 2564 scriptor;

812 2573 852 2597 ut
869 2564 939 2597 Jul.
954 2564 1066 2598 Caesar
1084 2566 1202 2599 Romae
1218 2579 1321 2613 quam
1333 2584 1481 2607 summum

812 2629 922 2649 namen
936 2625 1035 2651 vocat
1046 2626 1080 2651 et
1090 2627 1252 2663 precatur
1262 2622 1315 2664 ,in
1327 2623 1479 2661 Pharsal.

810 2670 872 2702 lib.
892 2671 927 2710 I,
946 2682 994 2703 vs.
1017 2683 1098 2715 199.
1117 2671 1184 2705 En.
