1978 3305
493 234 589 281 250
862 239 922 280 M.
947 238 1095 280 VAL.
1133 240 1519 284 MARTIALIS

629 325 796 367 Rursus
821 333 864 367 et
889 325 932 366 in
958 323 1117 369 similes
1142 325 1303 370 decidis
1330 343 1466 387 usque
1496 336 1628 371 toros.

560 394 717 450 Quaere
746 393 933 454 aliquem
960 395 1116 440 Curios
1141 412 1312 457 semper
1335 397 1575 458 Fabiosque
1600 396 1874 458 loquentem,

627 465 879 520 Hirsutum,
908 473 951 507 et
978 464 1088 509 dura
1115 468 1353 512 rusticitate
1382 477 1564 511 trucem.

560 534 783 589 Invenies;
807 534 882 578 sed
911 534 1044 579 habet
1072 537 1205 581 tristis
1234 553 1408 598 quoque
1435 537 1564 581 turba
1592 537 1778 582 cinaedos
1801 555 1808 580 :

626 603 817 648 Difficile
848 615 914 649 est
936 622 1040 650 vero
1066 607 1254 664 nubere,
1277 607 1427 663 Galla,
1450 608 1557 651 viro.

541 720 576 750 6.
597 717 720 751 Similes
741 727 834 752 toros.
859 720 1023 755 Mollium
1041 730 1075 757 et
1092 722 1158 755 im-

487 770 631 803 bellium
645 770 870 806 cinaedorum.
933 774 938 779 ’

541 835 575 868 7.
595 824 712 868 Quaere
727 825 881 872 aliquem,
904 835 970 861 etc.
994 828 1047 862 Ne
1069 829 1159 862 ulte-

486 875 559 910 rius
582 884 616 910 te
644 875 825 924 decipiant
850 879 929 925 pexi
957 880 1014 914 isti
1041 890 1075 914 et
1100 894 1159 915 co-

485 929 590 972 mati,
623 943 738 976 quaere
770 931 922 978 aliquem
956 946 1000 967 ex
1029 933 1071 968 iis
1099 934 1159 980 qui

484 994 644 1016 sermone
654 991 687 1017 et
702 985 816 1018 cultus
826 986 987 1031 neglectu
1003 995 1037 1020 et
1048 987 1161 1020 horri-

484 1033 570 1068 dum
588 1045 750 1071 comante
771 1038 879 1072 barba
899 1039 1103 1084 gravitatem
1126 1048 1160 1074 et

483 1087 685 1123 virilitatem
700 1090 925 1136 profitentur.
941 1093 1020 1126 Lib.
1032 1094 1068 1132 Ι,
1089 1093 1161 1139 epi-

483 1153 627 1186 gramm.
645 1156 725 1177 xxv.

538 1209 571 1240 9.
591 1196 658 1229 Sed
673 1196 786 1237 habet,
810 1205 874 1231 etc.
902 1199 996 1232 Cave
1018 1207 1133 1232 tamen
1147 1222 1156 1238 ‚

1219 735 1299 756 nam
1311 731 1345 757 et
1362 723 1400 756 hi
1418 730 1499 756 sunt
1510 734 1763 768 nonnunquam
1773 722 1893 757 Socra-

1219 776 1277 810 tici
1297 774 1436 810 cinaedi.

1277 841 1331 862 10.
1354 828 1498 874 Difficile
1524 836 1571 861 est
1588 841 1664 861 vero
1681 827 1794 860 nubere
1810 830 1891 861 viro.

1217 882 1302 916 Juv.
1317 882 1385 916 Sat.
1404 895 1434 916 11
1444 908 1452 921 ,
1464 894 1514 915 vs.
1534 883 1554 916 8
1568 893 1576 914 :
1591 881 1734 914 «Fronti
1747 880 1842 914 nulla
1857 881 1895 914 fi-

1219 934 1290 968 des.
1312 935 1401 977 Quis
1416 934 1512 969 enim
1530 947 1602 967 non
1621 934 1721 968 vicus
1740 932 1897 967 abundat

1218 987 1395 1021 Tristibus
1416 987 1611 1022 obscoenis?
1630 1005 1643 1016 n
1660 999 1774 1032 neque
1799 986 1894 1020 enim

1219 1041 1334 1074 minus
1366 1039 1499 1086 hispidi
1534 1040 1585 1073 illi
1619 1039 1823 1085 philosophi
1861 1047 1896 1073 et

1219 1093 1498 1139 μακροπώγωνες,
1514 1105 1617 1139 quam
1630 1092 1774 1126 formosi
1790 1099 1824 1125 et
1840 1092 1897 1126 lae·

1217 1159 1276 1180 ves
1298 1154 1381 1180 sunt
1397 1159 1484 1179 verae
1504 1159 1625 1191 sponsoe
1638 1173 1646 1186 ,
1665 1157 1738 1178 non
1754 1144 1894 1192 sponsi,

1218 1212 1292 1233 non
1312 1202 1387 1233 viri.
1401 1200 1470 1233 En.

1102 1336 1267 1392 LIX.

935 1494 1002 1522 DE
1054 1474 1436 1522 efficiLiAN0.*

551 1605 659 1649 NON
686 1614 830 1650 coenat
855 1607 947 1650 sine
973 1623 1080 1668 apro
1106 1616 1273 1663 noster,
1293 1607 1413 1663 Tite,
1439 1606 1706 1651 Caecilianus.

621 1675 788 1720 Bellum
821 1678 1052 1721 convivam
1079 1676 1337 1722 Caecilianus
1365 1674 1518 1721 habet!

534 1784 548 1799 *
580 1790 705 1836 Neque
736 1791 772 1823 in
806 1791 874 1824 hoc
905 1791 1157 1837 epigrammate

481 1841 672 1888 quidquam
693 1844 829 1877 variant
848 1844 929 1878 libri
949 1845 1071 1890 scripti
1097 1853 1157 1878 aut

480 1896 873 1930 excusi.—Helluonem
885 1897 1072 1943 quemdam
1082 1909 1156 1931 car-

481 1948 533 1994 pit
548 1949 609 1994 qui
623 1949 716 1982 solus
732 1949 876 1996 opipara
894 1951 1055 1984 convivia
1072 1963 1156 1984 con·

480 2002 649 2035 sumebat.

539 2067 568 2087 1.
584 2054 658 2088 Sine
672 2068 762 2100 apro.
775 2055 881 2089 Unde
893 2057 1017 2089 Juven.
1036 2055 1104 2090 Sat.
1122 2069 1134 2089 ι
1148 2083 1157 2097 ,

487 2119 499 2139 1
511 2111 528 2147 4
539 2119 588 2141 πει(
596 2117 722 2154 quanta
734 2117 783 2142 est
796 2109 887 2154 gula,
897 2121 973 2154 quae
989 2109 1054 2143 sibi
1066 2117 1156 2142 totos

1215 1791 1321 1825 Ponit
1346 1803 1467 1837 apros,
1488 1791 1616 1825 animal
1645 1798 1790 1836 propter
1812 1802 1893 1824 con-

1216 1845 1309 1878 vivia
1323 1853 1443 1878 natum
1461 1861 1492 1885 ι»,
1505 1852 1571 1878 etc.
1584 1845 1721 1890 Aprum
1731 1855 1812 1889 ergo
1827 1843 1892 1877 sibi

1216 1897 1282 1931 soli
1311 1898 1510 1944 apponebat
1534 1897 1763 1938 Caecilianus,
1787 1907 1894 1942 quem

1217 1950 1328 1984 facete
1346 1953 1420 1996 ejus
1436 1950 1618 1984 convivam
1637 1950 1798 1995 appellat.
1820 1950 1893 1982 Do-

1217 2003 1336 2037 mitius
1358 2012 1474 2037 tamen
1494 2003 1628 2037 mavult
1646 2001 1690 2036 de
1711 2003 1809 2048 Apro
1827 2002 1892 2035 ho-

1217 2056 1310 2090 mine
1346 2056 1557 2102 intelligere,
1596 2058 1694 2102 cujus
1732 2053 1893 2089 meminit

1217 2110 1322 2143 Poeta
1342 2109 1403 2142 lib.
1425 2110 1456 2142 X
1469 2135 1478 2148 ,
1492 2122 1548 2155 ep.
1569 2121 1623 2142 xv.
1642 2109 1756 2153 Eligat
1772 2109 1890 2141 lector.

1118 2245 1247 2300 LX.

814 2396 878 2422 Al)
916 2395 1093 2423 JOVEM
1132 2374 1563 2424 οΑΡιίὐιιΝυΜ.“

689 2504 906 2547 ΎᾹΒΡΙΞΙῘΕ
938 2504 1182 2547 venerande
1213 2513 1357 2547 I'GCtOl*
1385 2502 1492 2547 aulae
1510 2538 1520 2551 ,

536 2613 545 2624 ⁶
570 2618 628 2650 ΑιΙ
644 2617 768 2655 jau-m,
794 2617 937 2664 dempto
961 2631 1087 2664 nempe
1108 2624 1152 2662 τῷ

483 2670 703 2714 Capitolinum,
717 2671 842 2705 lemma
853 2681 903 2706 est
920 2673 953 2705 in
972 2671 1050 2707 edd.
1070 2680 1152 2706 vett.

1273 2631 1298 2650 ι.
1324 2619 1466 2662 Tarpeia*
1486 2617 1579 2650 aulae.
1599 2616 1674 2649 Hoc
1697 2624 1764 2656 est,
1785 2616 1889 2662 Capi-

1215 2671 1307 2707 tolii.
1329 2672 1362 2704 in
1383 2683 1452 2715 qu«)
1473 2670 1650 2703 colebatur
1668 2669 1816 2715 Jupiter.
