1978 3305
403 240 971 286 EPIGRAMMATUM
1010 239 1132 281 LIB.
1171 239 1254 280 xl.
1427 237 1518 281 611

759 393 888 449 XL.

645 551 710 578 DE
748 550 1002 579 LUPERCO.

336 676 599 718 Fonmosm
630 672 845 733 Glyceren
874 682 991 716 amat
1012 675 1262 734 Lupercus,

334 745 390 787 Et
420 742 534 786 solus
560 751 698 797 tenet,
721 743 990 803 imperatque
1020 741 1159 798 solus3

331 813 476 869 Quam
505 822 598 856 toto
625 813 704 856 sibi
730 828 878 856 mense
906 829 995 856 non
1020 812 1205 857 fututam

331 883 482 939 Quum
512 883 643 927 tristis
673 891 943 943 quereretur,
969 892 1012 926 et
1034 885 1206 944 roganti

331 953 519 997 Causam
545 952 726 996 reddere
750 951 881 996 vellet
902 952 1098 1009 AEliano3

331 1023 597 1084 Respondit,
622 1022 818 1084 Glycerae
846 1022 992 1067 dolere
1018 1023 1180 1068 dentes,

177 1165 212 1200 4.
229 1162 333 1206 Quum
357 1163 463 1193 tristis.
487 1162 606 1203 Quum
622 1170 798 1194 caussatus
857 1160 952 1194 dere.
970 1160 1069 1195 Idem
1088 1170 1138 1195 est
1160 1162 1282 1196 ironiae
1297 1176 1405 1209 genus
1425 1165 1532 1209 infra,

122 1222 172 1247 est
181 1213 339 1247 dolorem
352 1213 510 1247 dentium
525 1214 562 1246 in
573 1226 611 1247 ea
623 1213 798 1247 obstitisse
857 1214 966 1260 epigr.
984 1227 1145 1248 Lxxxvnl
1159 1241 1168 1256 ‚
1182 1223 1201 1256 4
1214 1241 1223 1256 ,
1239 1218 1339 1261 cujus
1354 1217 1418 1251 iste
1433 1219 1533 1253 finis:

122 1279 192 1312 quo
209 1267 324 1300 minus
340 1267 514 1312 potiretur
531 1266 640 1300 amica
652 1291 661 1307 ,
679 1275 798 1311 aperte
859 1268 1046 1300 «Ventrem
1057 1266 1146 1300 dixit
1157 1268 1286 1303 habere
1295 1271 1504 1305 sesolutum.
1516 1290 1528 1302 ι,

123 1319 296 1353 fatebatur
323 1332 357 1353 se
385 1319 491 1365 capiti
522 1319 685 1364 Glycerae
715 1319 797 1352 illu·
859 1318 942 1352 Vid.
965 1332 1041 1365 quae
1062 1320 1110 1353 ibi
1136 1329 1315 1357 notantur.

753 1455 918 1509 XLI.

644 1611 708 1638 DE
748 1590 1011 1638 AMYNTA.*

190 1738 434 1782 INDULGET
458 1736 606 1796 pecori
632 1736 814 1778 nimium
840 1734 943 1778 dum
967 1745 1117 1796 pastor
1141 1739 1372 1798 AmyntaS‚

260 1808 316 1850 Et
346 1805 503 1867 gaudet
535 1805 673 1861 fama,
696 1805 951 1866 luxuriaque
975 1807 1139 1867 gregis;

190 1875 405 1920 Cedentes
428 1876 550 1920 oneri
572 1892 737 1932 ramos,
761 1875 1012 1936 sylvamque
1037 1876 1243 1921 fluentem

190 2006 272 2051 Τὴν
298 2005 442 2064 ἀγέλην
469 2004 664 2063 περίαλλα
688 2007 809 2061 φιλῶν
837 2007 856 2046 ὁ
885 2000 1081 2063 συφορέὸς
1106 1997 1319 2065 Ᾱμύντας,

258 2074 420 2134 Χαίρων
447 2075 483 2115 τ’
510 2072 660 2134 εὐκλείῃ
683 2073 866 2132 ποιμνίου
890 2075 1126 2134 εὐτραφέος,

190 2140 386 2195 Εἴξαντας
414 2145 528 2204 βαρέϊ
553 2138 779 2203 κλαδαροὺς
805 2140 1073 2203 κατεὲρίσατο
1100 2148 1274 2199 κλῶνας,

174 2279 188 2293 '
212 2283 448 2329 Allegoricum
478 2291 528 2316 est
557 2283 792 2328 epigramma,
852 2284 946 2315 suria
971 2282 1029 2316 hic
1057 2282 1229 2328 significat
1260 2285 1522 2331 pinguedinem.

121 2349 192 2382 quo
215 2335 374 2382 deplorat
402 2347 520 2369 casum
547 2336 707 2381 Amyntae
730 2347 792 2381 pa·
907 2335 942 2368 3.
964 2335 1125 2368 Cedentes.
1147 2336 1273 2370 Sensus
1292 2346 1341 2371 est
1359 2350 1366 2371 :
1387 2341 1522 2387 Amyn-

122 2388 243 2430 storis,
265 2388 308 2422 de
330 2389 455 2422 arbore
475 2387 739 2433 praecipitantis.
851 2396 901 2420 tas
922 2387 1129 2421 conscendit
1148 2400 1318 2434 quercum
1337 2392 1522 2436 glandibus

180 2455 192 2475 1
202 2468 209 2474 .
226 2441 394 2486 Indulget,
412 2449 476 2474 etc.
488 2442 581 2474 Dum
594 2440 792 2474 vehementi
851 2449 1010 2473 onustam
1020 2466 1028 2480 ,
1051 2449 1084 2474 et
1098 2441 1314 2475 incurvatam
1325 2469 1334 2485 ,
1354 2445 1453 2490 cujus
1466 2459 1520 2479 ra-

122 2493 240 2527 studio
261 2494 395 2539 saginat
415 2506 551 2539 porcos.
851 2493 915 2526 mis
948 2493 1187 2527 fatiscentibus
1205 2521 1214 2535 ‚
1247 2504 1279 2528 et
1316 2496 1522 2532 cedentibus

179 2560 210 2579 2.
232 2547 279 2579 Et
295 2547 414 2591 gaudet
425 2548 529 2589 fama.
553 2547 629 2579 Hoc
647 2554 714 2581 est.
737 2545 790 2577 in·
851 2546 969 2586 oneri,
1001 2558 1066 2579 nec
1094 2554 1208 2580 tamen
1230 2547 1367 2592 fractis,
1394 2551 1523 2585 cecidit

123 2601 195 2644 quit
214 2599 423 2640 Farnabius,
441 2598 526 2632 dum
544 2597 682 2631 laudem
701 2610 792 2643 quae-
851 2599 1152 2644 Amyntas33tq11e
1165 2612 1321 2634 excussas
1338 2615 1438 2647 opes,
1452 2604 1519 2637 hoc

124 2653 168 2684 rit
188 2664 229 2685 ex
248 2652 436 2697 pinguibus
455 2652 550 2686 factis
573 2651 701 2685 suibus.
728 2651 791 2683 Lu·
852 2659 924 2691 est,
943 2651 1099 2696 glandes,
1122 2661 1258 2686 secutus
1275 2655 1388 2699 periit.

1184 2722 1247 2785 35)
1269 2723 1280 2737 ²
