1978 3305
377 208 966 252 EPIGRAMMATUM
1004 207 1132 249 LIB.
1163 207 1249 248 VI.

1425 204 1513 267 137

178 299 234 341 Et
258 296 393 340 Maris
415 297 549 357 AEgaei
573 287 743 357 sparsas
767 311 846 356 per
873 294 1019 339 littora
1042 293 1256 349 conchas,

248 368 306 425 Et
332 381 428 427 quae
457 367 676 428 Cecropio
707 375 857 410 monte
887 373 1103 426 vagantur
1131 379 1256 425 apes;

179 438 376 497 Quaeque
402 447 558 481 sonant
579 436 710 498 pleno
734 452 950 497 vocesque
968 450 1210 496 manusque
1235 434 1408 478 theatro
1424 468 1435 488 ,

249 508 400 565 Quum
428 507 616 569 populus
641 507 772 551 subiti
792 506 974 552 Caesaris
1002 522 1080 549 ora
1105 505 1235 549 videt.

178 576 291 621 Nolo
319 587 427 638 quot
450 587 606 638 arguto
629 576 747 621 dedit
771 586 949 620 exorata
971 574 1144 620 Catullo

249 649 405 692 Lesbia
428 665 437 691 ε
468 663 608 709 pauca
634 648 777 708 cupit,
801 648 875 708 qui
899 663 1131 690 numerare
1153 655 1307 708 potest.

163 775 197 812 4.
221 772 255 805 5.
276 771 314 804 Si
335 784 398 817 per
416 769 520 805 codd.
538 771 677 813 liceret,
696 783 785 817 prae-

109 824 215 857 ferret
228 824 310 857 Ant.
326 824 365 857 de
378 825 470 872 Roas
482 837 493 857 .·
508 825 542 858 E
545 833 557 856 t
577 832 655 871 quot
670 824 786 858 Cecro-

104 879 161 922 pio
186 884 288 910 monte
312 885 476 922 vagantur·
499 874 576 917 (vel
602 871 785 922 vagentur)

109 943 202 975 apes;
232 930 378 977 Quotque
409 938 523 963 sonant
554 925 633 974 (vel
657 930 785 970 sonent)

104 983 220 1027 pleno,
243 991 308 1018 etc.
331 982 504 1017 Ovidiana
525 983 706 1029 repetione
730 987 784 1017 τοῦ

109 1044 194 1082 quot.
219 1037 295 1069 Art.
325 1037 404 1069 Am.
422 1037 478 1072 II,
510 1036 578 1081 517
604 1049 677 1082 sqq.
706 1037 785 1077 III,

114 1093 183 1133 149
200 1089 386 1131 ;Trist.V,
406 1102 442 1130 1,
464 1089 525 1129 31,
548 1097 582 1122 et
599 1090 643 1126 V,
663 1102 679 1122 ει
695 1115 704 1130 ,
725 1090 784 1123 23.

109 1161 161 1166 —
195 1142 246 1174 Et
276 1155 346 1189 quae
379 1141 542 1187 Cecropio.
577 1142 784 1188 Hymettum

110 1194 283 1240 intellige,
304 1194 348 1228 de
370 1207 440 1240 quo
458 1195 644 1228 Pausanias
666 1195 702 1228 in
724 1197 785 1228 At-

109 1247 210 1280 ticis:
234 1239 384 1294 Ῠμηττός
405 1249 472 1292 φύει
495 1249 596 1293 νομὰς
619 1248 785 1293 μελίτταις

111 1298 383 1339 ἐπιτηδειοτάτας
404 1313 412 1333 :
436 1301 606 1345 [ismenus
625 1304 786 1345 pastiones

110 1353 202 1385 liubet
233 1353 343 1398 apibus
377 1356 564 1398 aptissimas.
594 1354 786 1399 Cecropius

109 1417 194 1439 vero
215 1405 367 1447 dicitur,
387 1405 424 1439 id
444 1415 515 1447 est,
535 1407 679 1440 Atticus.

151 1460 184 1492 5.
197 1460 302 1492 Pleno
313 1473 462 1506 vocesque
472 1473 639 1506 manusque
652 1460 786 1494 theatro.

109 1512 236 1545 Plausu
256 1514 349 1545 euim
375 1521 408 1546 et
427 1513 548 1546 faustis
568 1513 786 1546 acclamatio-

110 1565 215 1598 nibus
236 1565 503 1611 excipiebantur
522 1566 558 1598 in
583 1566 786 1612 spectaculis

110 1618 354 1663 Imperatores.
378 1619 423 1651 Et
448 1619 502 1652 his
529 1619 786 1652 acclamationi-

110 1671 176 1704 bus
191 1671 399 1717 Imperatori
414 1672 615 1706 felicitatem
631 1685 788 1718 compre-

110 1724 286 1757 cabantur.
305 1725 396 1759 Nota
424 1726 459 1759 τὸ
479 1717 639 1770 emmim
659 1727 787 1764 σύνηθες

847 770 995 813 sowy-izv
1014 771 1250 815 ἐπευχιμένων.
1264 769 1354 802 Nam
1367 781 1436 802 vox
1451 778 1525 803 erat

837 823 988 866 feliciter.
1008 823 1093 856 Aliis
1115 823 1220 856 etiam
1238 821 1418 855 blanditiis
1440 835 1523 856 one-

844 875 1122 910 rabantur.Vide
1135 875 1281 909 Tertull.
1299 875 1360 908 lib.
1378 874 1422 908 de
1440 875 1524 920 Spe-

845 929 989 963 ctaculis
1001 955 1009 970 ‚
1028 941 1102 975 cap.
1127 929 1170 963 25
1186 941 1194 970 ς
1220 927 1358 961 Phaedr.
1376 929 1423 969 V,
1451 928 1518 961 fab.

844 983 881 1024 I,
903 982 920 1015 3
937 982 1101 1024 ;Suet0n.
1114 982 1151 1014 in
1169 982 1325 1027 Augusto
1341 989 1375 1014 et
1394 981 1431 1013 in
1450 982 1522 1013 Do-

846 1035 1012 1077 mitiano;
1034 1035 1211 1068 Plutarch.
1233 1035 1270 1067 in
1286 1034 1438 1067 Othone.
1453 1034 1522 1067 En.

901 1091 934 1121 (5.
950 1089 1054 1133 Quum
1063 1088 1198 1134 populus
1212 1115 1220 1127 ‚
1234 1096 1300 1121 etc.
1315 1087 1387 1120 Ubi
1399 1088 1523 1133 plausu

846 1150 880 1175 et
897 1142 1016 1175 faustis
1032 1140 1339 1174 acclamationibus
1352 1140 1525 1186 excipitur

847 1195 881 1227 iu
903 1194 1109 1240 spectaculis
1129 1194 1255 1227 Caesar.

901 1261 934 1292 7.
952 1249 1038 1281 Nolo
1056 1255 1140 1293 quot.
1157 1248 1248 1292 Lege
1262 1246 1390 1280 Catulli
1407 1246 1525 1279 Carm.

846 1313 887 1342 v,
908 1313 928 1345 7
942 1326 951 1341 ‚
972 1300 1016 1334 ad
1044 1300 1205 1333 Lesbiam
1225 1312 1232 1333 :
1258 1318 1271 1330 «ι
1287 1301 1339 1332 Da
1361 1299 1411 1332 mi
1432 1298 1526 1331 basia

846 1354 957 1392 mille,
979 1352 1108 1387 deinde
1135 1361 1292 1394 centum,
1312 1352 1402 1385 Dein
1431 1351 1525 1384 mille

846 1407 971 1448 altera,
985 1406 1067 1440 dein
1081 1405 1233 1439 secunda
1248 1414 1390 1439 centum
1401 1429 1411 1445 ‚
1426 1413 1491 1438 etc.
1506 1422 1519 1434 ι

846 1461 929 1494 Haec
955 1473 1040 1493 vero
1070 1460 1184 1500 basia,
1215 1467 1338 1505 utpote
1363 1470 1525 1491 numera·

845 1513 945 1554 bilia,
967 1526 1076 1559 pauca
1100 1525 1172 1546 esse
1193 1513 1368 1546 existimat
1388 1512 1525 1544 Noster.

901 1567 935 1600 8.
958 1567 1068 1599 Pauca
1097 1568 1202 1610 cupit,
1235 1573 1299 1599 etc.
1325 1583 1338 1595 «
1358 1564 1525 1610 Pauperis

847 1628 896 1652 est
913 1632 1096 1653 numerare
1112 1631 1218 1664 pecus
1232 1627 1305 1660 n‚et
1322 1618 1444 1651 Horat.
1465 1630 1524 1649 nu-

847 1672 1003 1705 merabilis
1015 1700 1024 1713 ,
1052 1681 1157 1718 utpote
1182 1685 1317 1717 parvus,
1350 1671 1450 1716 epist.
1483 1669 1526 1703 ad

849 1725 1009 1767 Pisones,
1024 1728 1106 1759 206.
1122 1726 1272 1759 Theocr.
1292 1725 1359 1758 loc.
1378 1724 1437 1758 cit.
1458 1724 1525 1757 En.

686 1861 958 1918 XXXV.

568 2015 634 2044 ΑΒ
673 1993 1073 2044 CAECILIANUMf

181 2134 369 2176 SEPTEM
398 2130 647 2193 clepsydras
672 2148 833 2194 magna
858 2132 936 2176 tibi
965 2149 1075 2177 voce
1105 2134 1271 2193 petenti

164 2265 180 2279 ¹
186 2271 227 2303 In
235 2270 420 2304 molestum
427 2269 659 2304 caussidicum
667 2296 676 2312 ‚
684 2283 789 2316 quem

111 2323 203 2357 inter
218 2322 410 2357 dicendum
425 2323 606 2357 bibentem
619 2350 628 2364 ‚
644 2332 682 2357 ut
697 2324 789 2357 vires

110 2384 311 2414 revocaret,
330 2376 504 2421 horasque
521 2376 655 2410 orando
672 2377 790 2423 exple-

110 2438 166 2463 ret
176 2455 186 2471 ,
199 2438 303 2476 poeta
314 2438 434 2463 monet
445 2455 454 2470 ‚
464 2438 503 2462 ut
516 2429 543 2462 si
556 2430 641 2462 velit
653 2430 787 2468 bibere,

111 2483 295 2516 exhauriat
309 2494 435 2529 aquam
449 2481 658 2529 clepsydrae;
673 2482 710 2516 id
720 2491 788 2523 est,

113 2545 153 2569 ut
172 2537 241 2570 cito
257 2536 357 2570 finiat
376 2535 571 2569 orationem
582 2561 592 2577 ,
612 2548 680 2581 qua
697 2536 789 2570 occi-

111 2588 219 2622 debat
237 2588 431 2623 auditores.
448 2589 532 2622 [tad.

171 2653 200 2674 1.
219 2642 341 2687 Septem
360 2642 552 2689 clepsrdras.
575 2641 788 2687 Clepsydra,

849 2283 867 2304 e
877 2272 1007 2304 κλέπτω
1021 2270 1148 2312 furari,
1165 2279 1199 2303 et
1210 2268 1296 2315 ὕδωρ
1309 2282 1416 2316 aqua,
1433 2271 1530 2317 quod

849 2324 988 2357 furatur
1023 2324 1131 2357 oculis
1161 2336 1285 2369 aquam
1312 2324 1500 2358 stillantem
1519 2352 1529 2367 ,

849 2389 910 2410 seu
921 2376 1189 2422 hydrologium:
1205 2377 1389 2423 aquarium
1405 2386 1456 2412 est
1468 2378 1533 2411 ho-

849 2429 1038 2475 rologium.
1063 2430 1254 2463 vasculum
1289 2431 1421 2477 quippe
1455 2439 1531 2465 erat

856 2491 915 2516 aut
938 2494 978 2515 ex
999 2483 1111 2524 vitro,
1137 2492 1195 2517 aut
1213 2495 1255 2517 ex
1283 2483 1348 2517 alia
1367 2484 1533 2525 materia,

849 2548 913 2581 per
925 2534 1022 2582 quod
1037 2536 1213 2581 graciliter
1228 2536 1421 2570 fistulatum
1439 2550 1531 2582 aqua

849 2589 981 2623 inclusa
1003 2590 1166 2635 guttatim
1187 2588 1348 2624 defluens
1366 2591 1534 2624 metieba-

849 2650 906 2676 tur
923 2651 1072 2688 tempus.
1091 2644 1181 2678 Nam
1199 2644 1382 2678 orantibus
1396 2645 1432 2677 in
1453 2645 1530 2678 foro
