1978 3305
443 211 536 258 309.

806 216 866 258 M.
890 216 966 258 VA
984 218 1034 259 L.
1075 217 1470 260 MARTIALIS

1077 365 1212 421 XV.

881 523 948 550 Αῐ)
1003 500 1405 551 DOMITIANIIM.*

508 647 625 690 DUM
656 661 769 689 nova
799 647 1036 690 Pannonici
1064 655 1268 690 narratur
1293 645 1429 707 gloria
1456 646 1582 699 belli,

578 717 734 759 Omnis
760 716 879 760 etad
908 716 1110 760 reducem
1139 716 1243 760 dum
1275 715 1370 760 litat
1394 733 1469 760 ara
1497 719 1675 771 Jovem3

508 787 597 830 Dat
623 786 836 848 populus,
858 782 934 830 dat
957 796 1104 848 gratus
1131 802 1263 847 eques
1278 822 1290 842 ,
1313 783 1387 831 dat
1410 787 1539 831 thura
1561 797 1759 839 senatus,

578 859 634 900 Et
663 857 804 901 ditant
828 858 977 901 Latias
1004 858 1130 901 tertia
1155 857 1270 901 dona
1293 857 1445 901 tribus.

504 997 640 1054 Me'cqo'
671 1000 694 1043 ἠ
725 994 943 1038 Παννονίου
971 991 1057 1041 νίκη
1086 995 1277 1053 πολέμοιο
1305 994 1501 1053 θροεῖται,

578 1068 647 1121 Τῷ
676 1063 737 1108 Διῒ
762 1065 828 1108 καὶ
857 1065 936 1107 θύει
962 1067 1040 1114 πᾶς
1069 1065 1394 1124 ἐπανερχομένῳ·

509 1138 598 1187 Πᾶς
624 1133 848 1179 λιὸανωτὸν
879 1138 949 1185 ἕως
978 1134 1145 1188 ἱππεός,
1174 1134 1302 1188 βουλή
1328 1152 1373 1177 τε
1400 1129 1564 1189 δίδωσι,

581 1207 720 1248 Φυλῶν
749 1208 788 1248 τ’
819 1205 1022 1249 Αὐσονίωὴ
1048 1203 1103 1247 τὰ
1135 1205 1255 1265 τρίτα
1283 1199 1396 1265 δῶρα
1421 1206 1548 1249 πέλει.

495 1355 508 1369 ‘⁸
529 1358 748 1404 Epigramma
768 1365 819 1391 est
840 1356 884 1390 de
906 1357 1026 1391 laurea
1044 1356 1118 1389 Do-

442 1412 596 1452 mitiani,
617 1423 721 1457 quam
744 1410 826 1444 Jovi
849 1409 1053 1455 Capitolino
1078 1420 1119 1442 ex

440 1467 532 1500 bello
557 1464 748 1498 Sarmatico
774 1463 915 1504 intulit;
934 1475 1044 1508 quum
1069 1471 1119 1495 ta-

440 1532 520 1552 men
549 1517 593 1550 de
621 1517 784 1551 Sarmatis
811 1516 1029 1562 triumphare
1054 1528 1119 1548 no-

439 1572 556 1606 luerit.
581 1571 669 1603 Nam
689 1597 698 1611 ‚
724 1579 764 1603 ut
785 1570 928 1603 Sueton.
949 1581 1024 1615 cap.
1050 1571 1094 1601 60
1108 1594 1117 1608 ,

441 1624 663 1658 Domitianus
691 1640 704 1653 «
728 1622 773 1656 de
807 1622 917 1657 Cattis
948 1622 1120 1667 Dacisque

442 1687 521 1723 post
537 1678 631 1711 varia
650 1676 768 1722 praelia
793 1674 971 1722 duplicem
993 1675 1120 1708 trium·

440 1732 551 1777 phum
575 1730 644 1775 egit
672 1742 679 1763 :
707 1729 752 1762 de
776 1729 939 1763 Sarmatis
965 1729 1119 1761 lauream

442 1783 549 1818 modo
578 1783 776 1827 Capitolino
797 1782 879 1815 Jovi
903 1782 1034 1815 retulit.
1058 1799 1070 1810 n

502 1853 529 1870 1.
554 1835 674 1870 Codex
699 1836 884 1868 Pulmauni
910 1847 917 1868 :
941 1842 1123 1867 numeratur

443 1890 549 1935 gloria
567 1889 662 1928 belli;
677 1897 712 1922 et
728 1889 776 1921 sic
793 1888 874 1933 legit
892 1888 1120 1921 Schrevelius.

444 1944 485 1976 In
509 1942 669 1976 Palatino
691 1940 812 1975 codice
827 1953 834 1973 :
852 1944 1122 1985 narraturi-orcgra

445 1996 526 2029 belli.
548 1996 640 2028 Hinc
660 1994 851 2028 Scriverius
871 1994 1014 2039 conjicit
1036 1994 1123 2026 lorea

443 2062 510 2095 pro
527 2049 647 2081 laurea.
668 2049 713 2080 At
725 2047 929 2093 Rutgersius
943 2045 1123 2080 divinabat

445 2105 590 2142 ram-ica,
609 2113 680 2135 non
699 2099 869 2134 damnans
892 2108 1008 2133 tamen
1030 2099 1122 2133 Scri-

444 2156 533 2188 verii
552 2156 800 2200 conjecturam.
822 2154 954 2185 Anton.
977 2153 1015 2185 de
1034 2153 1124 2199 lt'oq»¹

446 2208 653 2254 proposuit,
675 2208 804 2239 adorea.
816 2205 909 2239 Vide
927 2206 1066 2239 Festum
1089 2207 1122 2252 in

452 2261 610 2295 «Adorea
633 2278 646 2290 ι
662 2287 671 2302 ,
694 2260 814 2305 ibique
838 2259 1020 2304 Scalig.—
1035 2259 1123 2291 Pan-

448 2318 561 2347 nonici.
594 2314 671 2347 Hoc
703 2322 778 2354 est,
809 2312 1016 2353 Sarmatici;
1045 2312 1126 2345 licet

447 2368 628 2400 Pannonia
644 2367 688 2400 sit
703 2367 801 2411 regio
817 2365 883 2398 alia
900 2378 916 2398 a
935 2365 1102 2398 Sarmatia
1116 2391 1125 2404 ‚

446 2419 490 2453 de
507 2421 638 2466 quibus
655 2418 736 2452 vide
748 2419 950 2452 Cluverium
966 2430 973 2451 :
992 2426 1125 2458 tamen,

447 2482 486 2507 ut
503 2473 656 2506 arbitror
667 2498 675 2512 ‚
690 2472 905 2505 Pannoniam
920 2472 1024 2508 sumit
1041 2471 1125 2504 Poe-

450 2535 482 2559 ta
505 2539 569 2571 pro
579 2526 758 2559 Sarmatia.
777 2526 920 2558 Sueton.
942 2525 975 2557 in
994 2525 1123 2557 Domit.

449 2592 523 2624 cap.
538 2582 571 2611 (ἦ.
585 2600 636 2605 —-
646 2579 819 2611 Narratur.
832 2578 899 2610 Alii
916 2603 924 2617 ‚
934 2586 1124 2610 nume-ratur.

509 2646 537 2664 ἰ.
557 2632 674 2662 ,lom-m.
689 2632 859 2665 Jove-mne
874 2643 993 2664 verum
1013 2631 1071 2675 qui
1092 2631 1126 2663 in

1179 1357 1327 1402 patriam
1342 1350 1549 1399 reduxerat,
1563 1356 1659 1391 unde
1674 1356 1710 1390 id
1725 1365 1857 1403 tempo-

1179 1410 1227 1443 ris
1249 1408 1413 1443 Fortunae
1441 1410 1573 1444 Reduci
1599 1411 1769 1457 templum
1791 1411 1855 1443 istc

1180 1461 1380 1496 dedicavit?
1402 1476 1445 1496 an
1467 1464 1660 1509 principem
1695 1475 1800 1509 quem
1821 1471 1855 1496 et

1179 1515 1287 1548 Jovem
1307 1523 1458 1548 terrarum
1478 1517 1605 1549 merito
1626 1516 1684 1550 hic
1700 1525 1855 1556 caneret,

1180 1577 1214 1602 et
1230 1581 1333 1614 quem
1349 1569 1504 1610 lib.VII,
1517 1570 1625 1615 epigr.
1644 1581 1803 1610 xctx,vs.
1824 1581 1836 1602 1
1847 1595 1854 1601 .

1186 1622 1339 1655 Tonantis
1361 1622 1464 1655 titulo
1485 1621 1683 1667 significat?
1704 1621 1796 1655 Mihi
1820 1621 1856 1654 in

1180 1675 1325 1720 ancipiti
1343 1683 1404 1708 est.
1422 1675 1489 1708 En.

1236 1728 1270 1762 3.
1288 1729 1360 1761 Dat
1375 1729 1529 1773 Populus,
1549 1736 1613 1761 etc.
1637 1728 1690 1761 Ab
1711 1740 1856 1761 enume-

1181 1781 1318 1814 ratione
1330 1781 1483 1827 partium
1499 1780 1655 1814 ostendit
1675 1789 1783 1814 totam
1798 1793 1857 1813 ur-

1181 1835 1261 1868 bem
1285 1842 1319 1867 et
1345 1834 1504 1879 rempub.
1527 1834 1672 1867 effusam
1695 1834 1730 1867 in
1758 1842 1858 1874 vota,

1181 1888 1227 1920 ob
1254 1887 1424 1934 principis
1456 1886 1647 1921 adventum
1683 1896 1716 1920 et
1747 1887 1858 1920 victo-

1182 1941 1282 1974 riam.
1299 1940 1410 1985 Supra
1427 1941 1615 1985 epigr.V111
1627 1966 1636 1982 ‚
1655 1952 1690 1974 v.
1709 1940 1744 1978 3,
1766 1943 1785 1980 4
1797 1965 1806 1980 ,
1824 1940 1856 1973 5.

1239 1998 1272 2033 4.
1297 1994 1346 2026 Et
1367 1993 1462 2025 litant
1482 1994 1585 2026 Latioe
1604 1992 1706 2026 codd.
1723 1994 1803 2025 Vat.
1826 2000 1860 2025 et

1183 2047 1209 2079 F
1213 2047 1337 2080 lorent.
1359 2047 1404 2078 Et
1423 2046 1531 2078 dicant
1545 2047 1650 2079 Latioe
1669 2044 1858 2091 legendum

1183 2108 1300 2132 censet
1316 2098 1455 2132 Theod.
1477 2099 1667 2132 Marcilius.
1687 2100 1734 2130 Et
1752 2098 1859 2130 dican!

1184 2153 1287 2185 Latiae
1311 2160 1370 2184 tres
1396 2155 1456 2184 tria
1476 2152 1559 2184 dona
1582 2150 1641 2184 dat
1663 2152 1686 2184 d
1693 2152 1859 2190 firmans,-

1184 2204 1358 2251 prosodiae
1380 2205 1496 2238 minus
1517 2216 1664 2245 memor,
1685 2203 1860 2249 siquidem

1185 2267 1395 2304 perpetuum
1414 2258 1606 2303 corripitur
1630 2257 1728 2303 prior
1748 2257 1783 2290 iu
1809 2257 1860 2289 di-

1185 2320 1277 2350 sant,·
1289 2323 1393 2357 quem
1419 2320 1534 2344 tamen
1551 2309 1622 2343 vid.
1636 2311 1671 2343 in
1691 2312 1774 2343 Var.
1793 2309 1862 2342 No-

1186 2365 1239 2398 tis.
1258 2365 1304 2398 Et
1320 2361 1424 2396 dimin
1438 2365 1548 2397 Latias
1565 2364 1600 2397 in
1617 2361 1696 2397 edd.
1715 2371 1798 2396 vett.
1817 2363 1861 2395 Et

1186 2418 1291 2450 ditant
1307 2418 1412 2450 Latiae
1432 2416 1542 2450 codex
1566 2414 1861 2449 PulmanniXido

1186 2480 1304 2504 notam
1322 2471 1422 2503 infra.
1439 2492 1482 2496 —
1495 2471 1541 2502 E!
1553 2470 1656 2502 ditant
1669 2470 1788 2502 Latias.
1806 2469 1861 2500 Bi.-

1184 2529 1252 2569 jam
1280 2523 1323 2556 de
1347 2523 1457 2557 Cattis
1482 2532 1515 2556 ct
1542 2523 1640 2556 Dacis
1663 2521 1860 2567 triumpha-

1188 2586 1282 2610 verat
1312 2576 1553 2615 Domitianus,
1581 2584 1684 2620 atque
1716 2577 1760 2607 ita
1789 2576 1859 2619 jam

1189 2632 1240 2664 bis
1261 2630 1395 2675 populo
1414 2628 1506 2662 dona
1525 2627 1771 2662 distribuerat:
1792 2629 1861 2672 jam
