1978 3305
381 245 970 290 EPIGRAMMATUM
1007 247 1130 290 LIB.
1170 247 1226 289 X.
1408 244 1500 306 5¹7

243 331 376 376 Otia?
396 349 476 377 nec
507 334 663 377 retinet
686 350 845 395 rusque
869 333 1077 394 focusque
1097 333 1273 377 senem?

174 402 344 446 Gaudia
366 412 414 447 tu
434 403 584 448 differs
608 421 616 447 :
641 413 685 447 at
710 421 796 448 non
818 413 861 448 et
885 404 1068 448 stamina
1091 403 1239 448 differt

242 475 455 534 Atropos,
478 483 606 534 atque
626 475 767 518 omnis
787 475 988 519 scribitur
1008 474 1117 519 hora
1139 474 1226 518 tibi.

175 544 424 587 Praestiteris
450 560 551 588 caro
575 538 688 604 (quis
712 561 801 588 non
831 545 915 588 hoc
942 540 1135 601 laudeffl)
1160 544 1320 596 amico,

245 615 305 657 Ut
334 615 480 674 potior
508 615 596 658 vita
624 615 678 658 sit
706 614 784 658 tibi
814 623 963 658 sancta
993 613 1112 657 fides.

172 682 256 726 Sed
281 683 463 727 reddare
491 684 576 728 tuis
604 683 780 728 tandem
809 699 1011 727 mansure
1041 683 1234 740 Sabinis,

241 754 388 813 Teque
413 764 508 797 tuas
531 770 732 798 numeres
756 755 869 798 inter
895 754 1122 798 amicitias.

101 890 239 934 gionem
258 899 456 924 montanam
468 915 478 932 ,
491 889 585 924 unde
600 890 772 925 oriundus

102 943 217 975 Numa
230 969 241 985 ,
257 943 412 977 Curibus
431 944 578 985 scilicet,
600 952 634 978 et
650 944 686 977 in
704 957 773 990 qua

101 994 272 1040 praedium
283 995 403 1030 Ovidii
411 997 681 1030 Nomentanum.
693 997 774 1031 Clu-

100 1059 171 1081 ver.
191 1048 269 1082 Ital.
284 1049 346 1082 lib.
362 1049 416 1090 II,
430 1062 506 1094 cap.
530 1050 563 1082 8.
580 1049 649 1082 Alii
667 1062 773 1095 expo-

101 1109 192 1134 nunt
204 1102 362 1143 Romam,
371 1115 389 1135 a
399 1102 512 1135 Numa
528 1101 683 1135 secundo
695 1115 776 1148 rege

102 1162 250 1187 auctam.
265 1176 318 1181 —
334 1155 534 1187 Nomentana
551 1157 626 1188 otia.
649 1155 777 1189 Praedii

101 1206 152 1238 tui
164 1206 374 1240 Nomentani
385 1207 559 1240 literatum
570 1208 693 1241 otium.
707 1208 776 1241 No·

101 1267 258 1292 mentum
287 1272 371 1293 vero
395 1260 552 1293 Umbriae
578 1259 771 1306 oppidum,

101 1311 319 1345 Albanorum
360 1313 495 1346 colonia
531 1326 551 1346 a
581 1313 774 1359 Tarquinio

101 1373 306 1409 expugnata.

156 1417 189 1450 5.
208 1417 351 1451 Gaudia.
376 1417 461 1460 Sed,
486 1426 525 1451 ut
547 1417 637 1452 dixit
665 1419 773 1453 Poeta

99 1469 161 1503 lib.
181 1471 198 1503 I
211 1496 220 1511 ,
236 1470 345 1516 epigr.
358 1483 434 1504 XVI.
456 1488 468 1500 ιι
481 1470 618 1504 Gaudia
630 1484 703 1505 non
718 1485 773 1505 re-

101 1531 261 1564 manent,
281 1522 340 1556 sed
359 1523 503 1569 fugitiva
523 1523 771 1558 volant.uVid.

100 1588 242 1621 quoque
265 1576 325 1610 lib.
344 1577 409 1617 IV,
432 1576 538 1621 epigr.
564 1590 635 1617 nv,
659 1589 708 1610 vs.
727 1589 770 1622 9:

105 1646 119 1658 a
135 1628 195 1662 Nil
216 1627 323 1662 adicit
344 1641 452 1674 penso
473 1630 634 1663 Lachesis
652 1647 684 1670 »‚
704 1638 769 1663 etc.

155 1683 189 1715 6.
211 1682 372 1726 Atropos,
394 1695 464 1714 una
486 1695 504 1715 e
524 1683 636 1716 tribus
654 1683 769 1716 Parcis

102 1741 136 1766 et
158 1735 346 1779 asperrima
360 1761 369 1776 ‚
390 1735 519 1780 quippe
537 1747 616 1780 quae
637 1744 769 1768 stamen

100 1795 247 1828 secaret3
264 1786 356 1821 unde
370 1787 464 1821 illius
482 1800 614 1821 nomen
629 1787 769 1833 Aer-opos

101 1839 232 1873 Graecis
248 1837 288 1879 (ἀ
303 1840 465 1886 privativ.
483 1850 516 1874 ct
533 1843 657 1886 τρέπειν
668 1863 678 1880 ‚
694 1854 768 1874 ver-

832 888 909 931 tere)
934 890 1028 924 idem
1054 899 1153 924 sonat
1171 903 1209 925 ac
1221 892 1332 936 flecti,
1358 894 1434 923 rer-tl
1463 890 1506 923 ad

831 956 952 990 preces
969 946 1083 977 nescia.
1094 944 1333 978 ED.—-Omnis
1346 943 1506 976 scribitur.

832 997 908 1030 Hoc
926 1005 994 1038 est,
1008 996 1101 1030 diem
1114 1022 1124 1038 7
1139 997 1260 1030 horam
1272 1022 1282 1038 ,
1293 997 1508 1029 minutulum

834 1049 1001 1095 temporis
1030 1049 1217 1084 articulum
1244 1049 1308 1082 tibi
1336 1049 1484 1094 imputat
1499 1075 1508 1089 ,

835 1115 899 1136 nec
912 1103 1023 1138 veniae
1044 1101 1173 1148 aliquid
1190 1101 1297 1136 dabit.
1313 1103 1381 1136 En.

890 1168 924 1200 7.
944 1155 1070 1194 Amico,
1085 1155 1263 1195 Caesonio,
1279 1163 1319 1188 ut
1336 1155 1399 1188 lib.
1413 1155 1485 1186 VII
1497 1179 1506 1195 ,

836 1208 947 1253 epigr.
961 1220 1053 1242 xL111
1067 1216 1100 1241 et
1116 1208 1273 1250 xuv‚vel
1287 1207 1506 1251 alteri,cujus

834 1273 964 1294 nomen
980 1261 1074 1294 latet.

887 1328 918 1357 9.
934 1314 1010 1347 Tuis
1019 1313 1157 1347 Sabinis.
1168 1312 1401 1359 Popularibus
1421 1312 1505 1353 tuis;

833 1379 983 1412 quorum
998 1379 1016 1399 e
1038 1366 1178 1414 regione
1195 1374 1234 1399 tu
1250 1364 1433 1399 oriundus.

891 1432 948 1453 10.
977 1420 1080 1465 Teque
1102 1427 1190 1459 tuas,
1215 1427 1281 1452 etc.
1303 1418 1385 1451 Tibi
1406 1430 1504 1451 carus

833 1471 893 1508 sis,
915 1480 954 1505 te
976 1484 1118 1517 quoque
1141 1471 1303 1517 respicias
1326 1483 1334 1504 ε
1357 1483 1438 1503 nam
1468 1478 1505 1504 ut

831 1525 1018 1558 Terentius
1033 1533 1129 1557 recte
1145 1533 1152 1553 :
1168 1526 1337 1557 Plurimus
1354 1537 1420 1556 sum
1435 1536 1507 1567 ego-

831 1586 894 1610 met
904 1578 987 1610 milei.
1003 1578 1046 1611 Et
1059 1576 1204 1622 quidem
1223 1577 1337 1610 virum
1355 1577 1502 1622 probum

831 1638 865 1663 et
900 1630 985 1664 alios
1022 1638 1194 1663 amantem
1210 1655 1220 1671 ‚
1254 1638 1287 1662 et
1319 1642 1354 1663 se
1389 1642 1504 1662 amare

830 1682 952 1723 decet,
970 1691 1035 1717 etc.
1060 1683 1162 1716 Arist.
1188 1683 1303 1727 Magn.
1331 1683 1421 1715 Mor.
1443 1682 1504 1715 lib.

829 1736 884 1777 II,
904 1748 980 1782 cap.
1007 1737 1049 1770 13
1078 1744 1112 1769 et
1135 1740 1191 1776 14.
1214 1736 1279 1779 Qui
1303 1735 1362 1767 sibi
1384 1737 1502 1766 amicus

828 1797 894 1829 est,
920 1790 999 1821 Ιιιιηε
1020 1791 1097 1821 scito
1117 1790 1247 1821 amicum
1265 1788 1404 1821 onun'bus
1426 1801 1500 1826 ame,

829 1841 910 1875 Sen.
927 1841 1026 1886 epist.
1050 1843 1081 1875 6.

709 1979 767 2039 X
779 1977 894 2036 LV.

412 2136 462 2163 IN
502 2135 816 2164 DELICATUM
856 2114 1191 2164 LECTOREM.*

169 2260 215 2302 Si
238 2260 341 2319 quid
366 2259 460 2303 lene
483 2262 565 2304 mei
585 2260 735 2304 dicunt
755 2270 798 2304 et
817 2259 943 2304 dulce
966 2259 1119 2313 libelli,

154 2395 168 2409 ‘¹
199 2398 387 2430 Delitiatum
423 2398 538 2431 Colin.
577 2398 769 2430 Deliciatum

100 2451 197 2484 Junt.
219 2451 269 2483 Dc
285 2450 398 2483 libellis
411 2453 474 2483 suis
487 2451 563 2483 MS.
582 2450 767 2483 Pulmann.

153 2503 463 2536 —Encomiastica
476 2527 486 2543 ‚
506 2503 673 2548 nuptialia
685 2528 694 2544 ‚
714 2515 772 2535 na-

101 2555 207 2589 talitia
218 2582 227 2597 ,
245 2556 410 2589 amatoria
426 2564 461 2589 et
477 2555 622 2597 similia;
641 2568 718 2601 quae
734 2563 771 2589 ut

101 2609 241 2643 materia
255 2608 382 2642 blanda
400 2617 433 2642 et
452 2609 559 2649 lenis,
579 2608 625 2642 ita
647 2621 771 2641 nume-

101 2675 157 2696 ros
176 2674 318 2708 quoque
334 2663 426 2696 lenes
439 2688 447 2704 ‚
469 2670 501 2696 et
524 2660 648 2696 blanda
668 2662 772 2695 verba

827 2396 1037 2431 desiderant.
1051 2396 1086 2429 Si
1106 2397 1168 2430 tibi
1185 2398 1258 2431 haec
1276 2399 1369 2431 velut
1389 2398 1503 2432 minus

829 2451 918 2483 acria
928 2450 1115 2495 displicent
1127 2474 1137 2490 ‚
1158 2450 1212 2483 abi
1232 2450 1315 2483 hinc
1325 2477 1334 2491 ,
1349 2459 1381 2483 et
1395 2450 1497 2485 rodas

829 2516 922 2541 ossa,
950 2503 1046 2535 bibas
1072 2512 1204 2536 acetum
1218 2529 1227 2544 ‚
1248 2503 1338 2548 legas
1361 2503 1503 2537 maledi-

830 2568 886 2596 ca,
900 2564 966 2590 etc.
984 2555 1073 2588 Mihi
1086 2556 1200 2601 placet
1213 2581 1223 2597 ‚
1238 2555 1385 2590 subinde
1398 2557 1501 2591 etiam

831 2609 920 2642 lenia
940 2617 975 2642 et
994 2608 1109 2643 dulcia
1125 2609 1272 2643 miscere
1287 2610 1419 2643 amaris.

891 2675 920 2696 1.
939 2663 1023 2695 Pena
1037 2661 1115 2696 cod.
1130 2662 1261 2695 Beverl.
1279 2683 1329 2688 —
1348 2663 1435 2695 Leuc.
1452 2690 1456 2693 Α
1473 2690 1477 2694 ,
1495 2690 1498 2693 Δ

1206 2723 1294 2777 33³
