1978 3305
340 236 930 283 EPIGRAMMATUM
969 237 1092 278 LIB.
1134 236 1220 277 IX.

1392 237 1480 288 41¹

146 325 381 371 Nolentem
407 329 623 385 sequitur,
651 333 888 383 tenuesque
914 338 1087 366 reversa
1115 338 1193 382 per
1218 336 1369 377 auras,

216 395 298 441 Vel
329 395 462 456 pede,
493 393 562 438 vel
592 403 740 454 tergo,
773 392 920 448 clune,
952 391 1019 435 vel
1049 409 1193 454 ungue
1226 391 1358 435 sedet.

149 466 339 510 Lubrica
365 465 550 526 Corycio
581 465 778 525 quamvis
805 464 889 507 sint
920 463 1089 524 pulpita
1119 461 1290 517 nimbo,

219 538 276 580 Et
306 536 477 597 rapiant
506 534 667 579 celeres
693 533 790 577 vela
820 543 976 594 negata
1005 534 1138 587 Noti3

148 608 334 650 Securos
359 608 485 666 pueri
516 604 714 666 neglecta
745 603 1018 665 perambulat
1043 613 1162 646 artus
1178 639 1188 658 ‚

220 678 277 720 Et
306 685 437 720 nocet
460 675 615 718 artifici
643 683 800 718 ventus
830 683 873 717 et
901 672 1018 716 unda
1047 672 1166 716 nihil.

150 748 210 790 Ut
234 762 416 807 peccare
445 744 550 789 velis
566 780 577 800 ,
603 761 736 805 quum
761 743 916 788 feceris
945 744 1115 798 onmia,
1143 741 1231 786 falli

216 817 317 861 Non
343 824 466 877 potes
491 832 499 858 ε
523 824 615 859 arte
640 831 750 875 opus
777 824 864 870 est,
889 824 938 858 ut
965 813 1040 857 tibi
1066 829 1218 874 parma
1244 813 1381 857 cadat.

148 939 361 1050 Εσπέμένη
393 939 551 980 ἀέκοντι
577 936 822 986 παλίσσυτος
850 932 920 987 ἵζει
950 938 1012 979 ἐπ
1039 953 1158 995 ακρου

217 1003 479 1061 Ηποδὸς,
461 1026 484 1055 η
511 1010 660 1062 νώτοι,
691 1003 817 1057 ίξ-ἇος,
850 1006 873 1054 ἢ
906 1007 1060 1066 ὄνυχος.

148 1067 207 1121 Ην
238 1080 304 1121 καὶ
330 1079 485 1128 ὅλισθος
515 1080 585 1139 ἔχη
616 1078 791 1137 θυμέλην
820 1071 1019 1137 ῥανίὸεσσι
1048 1078 1231 1136 κρόκοιῡ,

218 1135 277 1191 Ην
306 1149 373 1191 καὶ
398 1149 596 1209 ἀνειλίσσῃ
629 1148 702 1198 τὰς
728 1147 865 1197 ὀθόνας
892 1145 1057 1205 ἅνευος,

148 1221 236 1261 'IGW
265 1221 411 1278 μΕλΕων
438 1236 654 1279 αυὲριμνῦυ
678 1235 894 1262 Επεσσυται
916 1216 1156 1277 αποῡνθήτί·

220 1289 322 1331 Οῧτ’
345 1290 477 1347 ἀνέμῳ
506 1288 679 1340 παίκτης
709 1290 962 1343 βλάπτεται,
991 1288 1082 1330 οὔτε
1112 1287 1254 1348 κρόκῳ.

148 1359 295 1402 Πάντα
325 1366 470 1413 ποιῶν,
499 1352 677 1420 Ᾱγαθῖν’,
707 1360 754 1401 ἵν’
784 1358 991 1419 ἁμάρτῃς,
1023 1360 1093 1400 οὐκ
1118 1359 1343 1416 ἀτυχήσεις·

218 1431 370 1489 Τέχνης
397 1424 480 1486 δεῖν
509 1431 660 1477 πέλτην
691 1433 769 1479 ὦζε
796 1447 856 1472 σοι
887 1430 1096 1471 ἐκπεσέειν.

135 1555 166 1590 4,
181 1549 288 1589 Crine,
305 1551 359 1582 vel
372 1563 474 1594 ungue
483 1550 567 1582 sedet
580 1550 754 1583 Gruterus

80 1615 125 1636 ex
136 1603 242 1635 Palat.
253 1603 349 1648 legit.

137 1655 170 1688 5.
183 1656 327 1688 Lubrica.
340 1656 477 1701 Pulpita
488 1656 545 1689 hic
556 1656 757 1701 significant

81 1708 215 1741 theatra
234 1708 270 1740 in
287 1708 417 1754 quibus
433 1707 598 1742 ludebant
616 1708 731 1754 pilarii
746 1720 753 1740 :

80 1761 213 1794 lubrica
226 1768 342 1794 autem
356 1761 485 1794 fiebant
496 1761 757 1806 aspersionibus

82 1826 100 1845 c
124 1826 226 1846 croco
248 1821 281 1846 et
302 1814 384 1847 vino
405 1813 512 1847 dulci.
535 1814 613 1846 Lib.
638 1814 754 1858 Spect.

81 1866 190 1911 epigr.
209 1878 269 1899 111.

135 1921 170 1952 6.
194 1920 240 1951 Et
263 1921 390 1964 rapiant
406 1919 525 1952 madidi
545 1918 654 1951 codex
674 1919 756 1951 Pul-

82 1971 221 2013 manni;
237 1970 345 2005 sedin
359 1972 514 2017 margine
527 1971 637 2005 aliena
652 1983 758 2004 manu

83 2023 255 2069 adjectum
277 2032 366 2065 erat,
388 2025 518 2064 celeres,
542 2023 637 2070 quod
661 2024 758 2057 exhi-

81 2077 167 2110 bent
185 2075 266 2110 edd.
286 2085 371 2111 vett.
393 2077 461 2110 Alii
481 2078 620 2122 legunt,
641 2078 691 2110 Et
706 2090 758 2108 ra-

78 2131 294 2173 Jn'antjbrtes.
306 2150 356 2156 —
373 2130 421 2162 Et
435 2133 572 2175 rapiant.
591 2130 760 2171 Quamvis

83 2195 207 2227 magna
224 2183 274 2215 vis
291 2190 475 2215 ventorum
491 2183 566 2216 vela
580 2181 760 2216 hincinde

82 2235 215 2279 rapiat,
240 2235 442 2281 aperiatque
472 2236 646 2269 theatrum
675 2236 761 2269 velis

85 2285 321 2333 undequaque
335 2295 462 2321 tectum
474 2302 483 2329 ;
501 2296 615 2322 tamen
629 2301 699 2321 non
713 2289 760 2322 sic

83 2338 213 2385 abripit
236 2341 450 2384 parmulam,
475 2349 512 2373 ut
538 2353 608 2374 non
630 2340 762 2374 incidat

85 2400 147 2425 aut
172 2391 321 2426 insideat
343 2393 396 2426 vel
421 2401 539 2438 terg0‚
568 2395 623 2426 vel
651 2394 761 2427 mani-

84 2446 149 2478 bus
161 2443 352 2490 pedibusve
366 2445 540 2490 Agathini.
553 2446 651 2479 Velis
667 2447 761 2479 enim

84 2499 265 2542 tegebatur
300 2498 475 2531 theatrum
496 2525 505 2538 ,
550 2511 626 2544 quae
659 2501 763 2531 ‘reneis

84 2553 196 2595 negari
216 2550 444 2592 dicebantur,
465 2563 573 2596 quum
589 2578 597 2590 ‚
630 2563 762 2584 summa

86 2614 168 2636 cura
186 2603 306 2649 ligata,
325 2604 630 2637 vehementiorum
647 2613 761 2638 tamen

85 2664 270 2690 ventorum
288 2656 370 2691 flatu
388 2658 512 2702 agitata
531 2657 685 2691 molliter
702 2656 764 2690 flu-

92 2717 259 2742 ctuarent.
269 2710 346 2743 Lib.
361 2711 426 2750 XI,
437 2710 527 2756 epig.
539 2722 598 2743 xx1
612 2722 620 2743 :
633 2711 764 2752 «Quam

814 1549 1030 1594 Pompeiano
1065 1549 1139 1581 vela
1175 1557 1294 1593 negata
1339 1548 1440 1581 Noto.
1470 1564 1483 1575 »

813 1602 939 1635 Sensus
964 1610 1014 1635 est
1037 1614 1045 1634 :
1063 1603 1198 1635 Ventus
1219 1601 1406 1634 vehemens
1425 1612 1488 1633 nec

813 1667 900 1700 aqua
925 1655 960 1687 in
986 1655 1122 1688 theatro
1147 1667 1263 1699 sparsa
1292 1652 1491 1699 impediunt

814 1707 1046 1753 Agathinum,
1070 1707 1262 1752 quominus
1290 1707 1428 1739 missam
1453 1706 1487 1738 iu

814 1761 923 1794 altum
942 1773 1098 1805 parmam
1117 1759 1278 1804 excipiat.

875 1826 910 1857 7.
943 1813 1012 1845 Alii
1039 1813 1179 1857 legunt,
1206 1812 1405 1857 perambulat·
1436 1825 1490 1842 αι·-

815 1878 890 1899 mos.
901 1886 951 1891 -—
963 1867 1071 1899 Pueri.
1086 1865 1260 1911 Agathini.
1270 1865 1490 1909 —iVeglectm

816 1918 939 1952 Parma
959 1919 1108 1958 scilicet,
1128 1931 1234 1964 quam
1253 1930 1317 1951 nec
1337 1917 1491 1963 cogitans

818 1971 958 2016 excipit.

871 2025 904 2057 8.
924 2024 1057 2063 Ventus,
1075 2032 1107 2056 et
1117 2025 1202 2056 unda
1217 2024 1307 2056 nillil.
1323 2021 1493 2063 Quamvis

817 2089 972 2122 parmam
995 2078 1030 2110 in
1052 2089 1130 2110 aere
1151 2076 1322 2109 lubricam
1346 2075 1493 2121 sparsio-

818 2129 920 2163 nibus
933 2155 941 2171 ,
961 2138 994 2162 et
1010 2130 1170 2175 agitatam
1189 2129 1333 2162 tui-bine
1350 2129 1446 2161 venti
1458 2128 1494 2160 in

818 2181 972 2216 diversas
989 2183 1127 2228 rapiant
1144 2190 1279 2227 partes;
1302 2181 1360 2214 ille
1382 2190 1494 2214 tannen

819 2236 865 2268 ita
893 2236 1041 2269 feliciter
1069 2235 1218 2280 excipit,
1252 2246 1290 2267 ac
1314 2234 1341 2266 si
1365 2246 1497 2266 summa

820 2289 903 2321 caelo
922 2288 1158 2334 tranquillitas
1175 2288 1276 2320 foret.

876 2354 909 2384 9.
945 2342 988 2374 L't
1024 2354 1154 2385 peccare
1184 2340 1274 2372 velis.
1310 2339 1386 2372 Hoc
1423 2348 1472 2372 est
1488 2365 1497 2376 ,

820 2394 954 2426 etiamsi
977 2401 1010 2426 et
1040 2406 1198 2439 parmam
1228 2392 1325 2425 humi
1359 2392 1426 2425 labi
1452 2392 1496 2425 si-

821 2458 902 2479 nere
918 2446 1015 2479 velis.
1027 2468 1071 2472 ——
1087 2446 1162 2479 Non
1182 2453 1282 2490 potes.
1299 2443 1381 2478 Vid.
1397 2458 1493 2490 supr.

821 2498 864 2532 ad
885 2512 933 2531 vs.
958 2498 975 2530 3
994 2524 1003 2539 ,
1024 2499 1189 2531 Nolentem
1206 2501 1357 2544 sequitur.

880 2564 934 2585 10.
956 2552 1038 2585 Arte
1055 2565 1131 2596 opus
1150 2559 1205 2584 est.
1228 2551 1305 2585 Hoc
1327 2560 1375 2584 est
1397 2562 1404 2583 ἰ
1430 2551 1497 2583 Alii

822 2617 865 2638 ne
893 2613 1031 2645 errent,
1058 2613 1166 2638 artem
1195 2603 1384 2645 adhibent;
1411 2606 1499 2649 Aga-

825 2658 914 2691 thini
938 2666 1052 2691 autem
1080 2666 1173 2691 tanta
1198 2665 1247 2691 est
1271 2656 1440 2690 industria
1462 2665 1498 2689 ut

825 2719 898 2744 arte
920 2709 1092 2756 indigeat,
1115 2711 1143 2744 si
1163 2723 1279 2744 errare
1298 2710 1391 2743 velit.
