1978 3305
378 233 964 278 EPIGRAMMATUM
1002 233 1128 277 LIB.
1155 233 1304 276 VIII.

1444 230 1539 277 353

347 321 404 363 Et
430 321 576 364 Caesar
599 337 759 381 genero
790 337 936 365 sacros
960 320 1171 375 honores,
1516 350 1545 364 ω

346 391 548 447 Quorum
577 391 785 452 pacificus
810 400 876 435 ter
902 390 1127 452 ampliavit

315 490 319 493 -
344 462 368 503 J
372 476 479 504 anus
503 462 702 516 nomina3
722 460 847 505 Silius
874 461 1119 522 frequentes

347 529 519 574 Mavult
546 532 607 575 sic
632 547 862 575 numerare
894 531 1154 575 consulatus.

192 672 249 695 ῐο.
279 662 328 694 Et
357 662 469 695 Coesar
491 675 617 706 genero.
651 662 815 707 Agrippae

134 713 265 747 Juliam
283 714 392 747 filiam
413 714 449 747 in
464 714 724 748 matrimonium
744 714 814 747 col-

135 767 262 800 locavit
280 768 454 812 Augustus
465 791 473 802 ,
492 778 642 812 eumque
659 774 712 800 ter
728 779 813 800 con-

136 820 246 853 sulem
266 820 392 853 evexit.

193 884 207 905 1
220 885 250 905 1.
266 871 437 916 Pactficus,
453 880 520 906 etc.
534 871 721 918 Templum
733 872 753 904 J
756 872 813 905 ani

134 925 187 958 bis
220 923 450 958 claudebatur
482 933 562 958 ante
601 924 785 958 Octavium
801 949 811 964 ‚

135 976 231 1022 quod
242 986 315 1011 erat
325 977 465 1023 signum
474 978 581 1023 pacis.
589 977 710 1011 Tertio
719 977 812 1011 clau-

135 1028 301 1071 debatur,
322 1031 428 1064 immo
442 1039 506 1073 ter,
519 1031 582 1064 sub
599 1030 674 1076 ipso
694 1031 812 1076 Augu-

135 1090 188 1115 sto
200 1108 209 1123 ‚
224 1084 326 1117 semel
342 1082 482 1128 quidem
500 1096 581 1116 cum
594 1084 642 1116 Μ.
660 1083 811 1128 Agrippa

875 661 1066 695 secuudum
1096 663 1247 696 consule.
1271 661 1378 696 Unde
1405 663 1547 696 nomina

876 727 998 747 eorum
1027 715 1209 748 illustrata.
1239 715 1308 747 Alii
1331 724 1378 747 ter
1390 716 1548 749 referunt

875 766 1111 811 adampliavit,
1125 775 1158 800 et
1177 766 1224 800 sic
1242 768 1431 812 explicant:
1448 769 1548 810 Quo-

872 832 952 852 rum
970 819 1111 853 tertium
1137 820 1319 853 consulum
1337 822 1480 854 nomina
1498 834 1551 854 re-

872 873 1074 906 ferebantur
1096 873 1132 905 in
1157 873 1281 913 fastos,
1304 873 1364 918 qui
1386 873 1420 906 in
1442 874 1548 906 tutela

874 933 907 957 et
929 925 1082 971 auspicio
1103 925 1195 959 Jani.
1213 925 1333 971 Epigr.
1352 926 1388 958 H
1410 938 1527 971 supra.

930 990 944 1010 1
954 977 986 1011 3.
1006 978 1131 1011 Mavult
1141 980 1196 1011 sic.
1211 979 1308 1011 Duos
1326 978 1418 1012 filios
1433 991 1551 1024 gerere

872 1031 1115 1071 consulatum,
1151 1043 1255 1076 quain
1289 1031 1362 1076 ipse
1393 1039 1446 1064 ter
1478 1044 1550 1064 esse

874 1083 1015 1122 consul,
1047 1091 1085 1116 ut
1113 1084 1302 1130 Pompeius
1328 1093 1361 1116 et
1385 1084 1548 1129 Agrippa.

702 1188 972 1273 LX'VII.

593 1355 647 1383 IN
687 1355 1059 1384 CAECILIANUM.
1076 1337 1091 1353 ⁴*

205 1459 368 1502 HoRAS
390 1457 579 1517 quinque
606 1472 715 1516 puer
741 1455 938 1499 nondum
966 1456 1042 1500 tibi
1068 1459 1240 1502 nuntiat
1256 1494 1267 1508 ,
1293 1468 1333 1502 et
1362 1469 1406 1503 tu

275 1530 368 1571 Jam
396 1528 581 1570 conviva
607 1526 737 1579 mihi,
761 1525 1017 1581 Caeciliane,
1034 1529 1175 1579 venis,

187 1646 202 1660 ⁶
218 1649 442 1684 Caecilianum
463 1648 646 1682 convivam
665 1659 810 1692 praema-

135 1712 213 1737 ture
230 1701 273 1736 ad
292 1714 425 1736 coenam
446 1701 670 1734 ventitantem
686 1725 695 1741 ‚
712 1701 810 1745 jubet

135 1764 194 1789 aut
211 1755 378 1789 maturius
395 1763 453 1787 aut
469 1753 577 1787 serius
593 1752 726 1792 adesse,
743 1753 810 1786 hoc

136 1817 206 1850 est,
225 1808 371 1842 omnino
393 1807 522 1840 abesse.

194 1874 223 1895 1.
243 1863 350 1895 Horas
365 1863 510 1907 quinque.
524 1857 691 1892 Nondum
706 1859 810 1904 quin-

135 1923 205 1948 tam
217 1940 226 1956 ,
239 1925 499 1960 praeproperam
514 1912 620 1945 nimis
634 1924 738 1945 coenae
750 1911 811 1944 ho-

135 1980 221 2001 ram.
254 1968 399 2002 Coenare
428 1965 519 1999 enim
555 1965 641 1998 hora
676 1972 811 1998 tantum

136 2033 228 2054 nona
247 2014 378 2063 (immo
407 2018 532 2052 hiemis
556 2026 714 2063 tempore
737 2029 810 2050 non

137 2082 215 2107 ante
244 2072 427 2106 decimam.
448 2064 541 2114 En.)
561 2070 717 2103 solebant
740 2070 810 2102 Ro-

136 2126 243 2159 mani.
255 2126 328 2159 Cic.
344 2125 440 2158 Fam.
455 2125 526 2164 IX,
540 2135 642 2163 xxvx;
664 2122 807 2155 Rhetor.

137 2178 182 2212 ad
191 2179 344 2212 Herenn.
355 2178 417 2211 lib.
427 2177 492 2217 IV,
503 2189 534 2210 c.
547 2178 566 2209 5
577 2175 711 2217 13Ph'n.
726 2175 807 2208 min.

136 2232 197 2265 lib.
220 2232 293 2272 III,
315 2243 370 2276 ep.
401 2243 431 2270 1,
451 2238 485 2262 et
499 2230 628 2262 Noster
649 2228 726 2261 Lib.
744 2228 808 2266 IV,

138 2284 248 2330 epigr.
273 2295 344 2316 vru
371 2294 380 2316 2
411 2299 424 2311 ι
443 2283 596 2328 Imperat
623 2288 812 2313 exstructos

138 2337 295 2382 frangere
319 2346 412 2368 nona
439 2342 544 2367 toros.
565 2351 578 2362 ι·
605 2332 696 2366 Vide
723 2345 810 2378 quo·

138 2401 207 2435 que
226 2389 258 2421 J.
279 2386 450 2421 Salmuth.
479 2385 523 2420 ad
557 2385 780 2418 Pancirolum
801 2410 810 2425 ‚

138 2455 213 2488 cap.
236 2440 280 2474 de
297 2441 366 2474 cibi
391 2437 553 2485 capiendi
577 2436 684 2470 modo
707 2438 812 2470 Vete-

139 2508 218 2529 rum
238 2521 246 2536 ‚
265 2506 342 2540 pag.
368 2492 453 2526 538.
472 2513 525 2518 —-
546 2491 631 2523 Puer
653 2489 787 2522 nondum
801 2515 808 2528 ‚

140 2556 206 2582 etc.
240 2547 428 2580 Servorum
456 2552 529 2577 erat
560 2542 723 2576 nuntiare
749 2542 812 2575 ho-

141 2613 206 2634 ras.
228 2600 306 2633 Juv.
329 2606 389 2632 sat.
410 2610 452 2637 x,
472 2599 563 2629 216:
585 2594 813 2629 «...Clamore

144 2665 230 2699 opus
253 2661 324 2691 est,
345 2660 381 2684 ut
411 2649 536 2684 sentiat
560 2648 674 2687 auris,
698 2647 812 2688 Quem

217 2727 275 2767 ΙΙ.

869 1647 963 1681 dicat
992 1648 1126 1682 venisse
1152 1662 1263 1694 puer,
1291 1659 1377 1696 quot
1408 1653 1546 1687 nuntiet

870 1701 982 1734 horas.
1003 1718 1016 1729 ι»
1051 1701 1269 1737 Nuntiabant
1299 1704 1409 1750 igitur
1442 1706 1545 1741 horaz

869 1755 989 1798 pueri,
1009 1762 1042 1787 et
1055 1755 1245 1789 monebant
1259 1756 1398 1802 quando
1410 1758 1544 1802 lavare,

869 1815 1022 1852 gestare,
1049 1819 1184 1841 coenare
1213 1819 1402 1854 oporteret.
1427 1813 1540 1854 Quam

870 1872 952 1892 vero
964 1872 1091 1892 nonam
1107 1859 1288 1903 dicebant,
1300 1863 1356 1895 illa
1373 1864 1465 1909 apud
1478 1880 1542 1901 nos

869 1914 945 1945 trois
965 1913 1072 1945 leem-es
1087 1913 1130 1946 du
1148 1917 1221 1947 sair.
1238 1915 1319 1948 Dies
1333 1917 1427 1950 enim
1445 1920 1540 1965 apud

868 1965 1064 2003 Romanos,
1082 1965 1119 1998 in
1141 1976 1253 2012 partes
1272 1968 1343 2001 ΧΠ
1361 1968 1540 2007 divideba-

870 2025 945 2059 tur,
977 2030 1124 2063 quarum
1163 2020 1275 2064 prima
1303 2021 1438 2056 oriente
1468 2026 1539 2059 sole

869 2067 997 2109 (nobis
1015 2073 1065 2103 six
1081 2071 1185 2104 loeures
1206 2073 1249 2105 du
1270 2076 1368 2106 marin
1379 2072 1404 2114 ).
1428 2078 1540 2111 Aliter

868 2123 982 2157 Graeci
997 2123 1125 2168 quibus
1146 2123 1265 2159 decem
1284 2136 1420 2161 tantum
1433 2130 1538 2164 horae.

868 2174 973 2209 Unde
1002 2175 1177 2210 distichon
1207 2191 1353 2224 sequens
1385 2174 1428 2222 1²25
1463 2184 1541 2230 ὧραι

867 2229 994 2272 μόχθοις
1010 2229 1226 2263 inmorant-
1243 2232 1274 2264 αἱ
1295 2228 1332 2264 δὲ
1349 2239 1423 2278 μετ’
1439 2236 1540 2276 αὐτὰς

867 2285 1045 2325 Γραίμμασι
1067 2279 1271 2326 Satn-cuneum
1294 2288 1398 2320 ΖΗΘῙ
1415 2290 1540 2334 λέγουσι

868 2334 1011 2377 Βροτοῖς.
1036 2333 1112 2367 Hoc
1141 2343 1208 2375 est,
1233 2353 1246 2364 ιι
1268 2349 1328 2370 sex
1352 2338 1448 2374 horae
1477 2354 1541 2388 per

867 2385 1002 2419 labores
1011 2385 1203 2431 exigendam
1213 2400 1289 2433 quae
1301 2401 1498 2436 sequuntur
1506 2396 1543 2428 li—

869 2437 952 2471 teris
965 2437 1086 2471 dicunt
1097 2447 1248 2484 quatuor
1258 2442 1387 2478 VIVE.
1397 2462 1410 2474 .
1428 2447 1542 2481 Porro

870 2499 1020 2534 quatuor
1040 2491 1093 2524 hae
1121 2491 1228 2526 literae
1253 2495 1288 2535 ζ,
1309 2508 1327 2530 τ,
1342 2521 1353 2537 ,
1376 2501 1412 2538 θ,
1435 2513 1468 2539 ι,
1494 2501 1541 2535 ibi

871 2555 1035 2576 numeros
1051 2544 1247 2589 significant
1257 2571 1266 2587 ‚
1279 2556 1312 2580 et
1321 2557 1402 2583 sunt
1415 2564 1449 2595 7,
1462 2554 1496 2592 8,
1509 2568 1542 2597 9,

877 2607 930 2628 10.
950 2596 1087 2629 Hehraei
1107 2609 1188 2630 vero
1207 2599 1333 2643 quibu?⁸
1351 2601 1425 2637 dies
1443 2615 1543 2638 natu-

872 2649 951 2681 ralis
964 2649 1144 2683 constabat
1163 2650 1258 2684 horis
1275 2653 1410 2695 XXIV,
1428 2669 1547 2690 nume-

1245 2723 1307 2768 23
