1978 3305
379 249 967 294 EPIGRAMMATUM
1004 249 1126 291 LIB.
1169 250 1220 290 V.
1441 265 1499 309 ”²7

700 399 892 454 LVII.

635 555 702 582 AD
741 553 967 582 CINNAM.

97 673 247 728 QUUM
272 688 382 715 voco
409 681 450 714 te
480 671 736 726 dominum,
765 669 855 713 noli
885 669 991 725 tibi,
1017 670 1157 713 Cinna
1175 704 1187 724 ,
1216 669 1413 731 placere3

163 743 285 802 Saepe
315 742 444 785 etiam
474 756 648 784 servum
677 741 738 784 sic
765 738 952 783 resaluto
978 755 1136 783 meum.

152 893 184 915 1.
209 880 331 915 Codex
359 881 565 918 Pulmanni,
592 881 656 914 noli
685 881 766 921 tibi,

828 893 909 913 vum
951 881 1169 926 appellabat,
1201 881 1256 914 vel
1295 894 1402 926 quum
1438 883 1503 927 ipsi

97 932 201 966 Cinna
219 960 228 974 ,
256 934 380 978 placere
403 947 414 967 .·
434 934 469 966 in
493 933 573 967 edd.
595 942 678 968 vett.
697 934 770 966 nolo
828 932 1068 975 blandiretur,
1085 934 1139 967 vel
1165 946 1276 979 quum
1302 935 1399 967 illum
1426 935 1505 968 irri-

96 986 164 1020 tibi.
184 1008 237 1012 ——
258 986 336 1020 Noli
355 986 421 1020 tibi.
444 986 511 1019 Alii
535 987 607 1019 nolo
621 1014 629 1025 ‚
653 986 770 1020 minus

94 1038 195 1072 bene.
215 1039 363 1072 Cinnam
380 1039 564 1072 domiuum
579 1047 769 1073 assentato-

94 1091 146 1124 rie
172 1092 318 1126 vocabat
341 1092 466 1132 Poeta,
499 1104 607 1137 quum
635 1091 770 1138 aliquid

95 1144 137 1176 ab
160 1156 201 1177 eo
218 1145 404 1190 impetrare
425 1145 550 1185 vellet;
570 1145 617 1177 sic
643 1153 677 1178 et
700 1157 771 1178 ser-

831 986 940 1020 deret.

886 1053 918 1073 2.
937 1039 992 1073 Sic
1017 1039 1152 1072 resaluto
1187 1047 1271 1072 tuum
1303 1039 1505 1073 Beverlandi

831 1092 952 1126 Codex
981 1092 1257 1137 manuscriptus;
1286 1101 1319 1126 et
1348 1093 1394 1127 ita
1425 1093 1507 1137 legit

833 1145 956 1178 Petrus
972 1145 1175 1178 Scriverius.

691 1280 915 1336 LVIII.

546 1432 615 1460 AD
658 1410 1052 1461 POSTHUMUM.*

98 1555 223 1599 CRAs
244 1564 286 1598 te
307 1555 548 1608 victurum⁷
575 1570 668 1597 cras
693 1554 824 1609 dicis,
850 1553 1087 1597 Posthume
1114 1570 1300 1614 semper.

167 1624 251 1669 Dic
278 1624 382 1668 mihi
404 1640 499 1668 cras
524 1624 662 1677 istud,
683 1624 943 1679 Posthume,
970 1623 1144 1685 quando
1169 1624 1318 1668 venit?

97 1695 242 1752 Quam
270 1694 398 1755 longe
426 1711 522 1739 cras
551 1693 695 1739 istud?
717 1694 791 1738 ubi
820 1693 911 1738 est?
936 1703 1012 1738 aut
1036 1694 1151 1738 unde
1175 1695 1447 1756 petendum?

168 1765 393 1826 Numquid
417 1765 535 1826 apud
557 1765 741 1809 Parthos
767 1765 1082 1825 Armeniosque
1106 1764 1240 1810 latet?

97 1837 193 1879 Jam
219 1852 313 1880 cras
338 1835 452 1880 istud
477 1835 611 1880 habet
634 1837 792 1879 Priami
816 1835 884 1879 vel
908 1836 1106 1879 Nestoris
1131 1851 1282 1881 annos.

168 1907 277 1951 Cras
307 1906 420 1951 istud
450 1907 627 1968 quanti,
656 1906 725 1951 dic
755 1906 884 1960 mihi,
910 1907 1047 1967 possit
1071 1905 1184 1950 emi?

150 2035 165 2051 '
182 2039 358 2086 Epicurea
382 2040 592 2085 παραίνεσις,
614 2052 765 2074 commo·

99 2092 153 2127 dis
178 2093 408 2139 praesentihus
429 2092 617 2127 fruendum
637 2092 746 2127 hodie
760 2119 769 2135 ,

99 2146 152 2180 καὶ
164 2143 268 2192 μηδὲν
286 2144 551 2192 ἀναῧαλλόμενοι.

155 2211 186 2233 1.
212 2198 293 2232 Cras
316 2207 344 2231 te
361 2201 531 2233 victurum.
545 2200 598 2232 De
621 2211 771 2244 praesen-

98 2251 191 2285 tibus
217 2250 398 2293 fruendis;
422 2252 483 2286 lib.
501 2253 519 2284 I
533 2278 542 2295 ‚
561 2252 671 2298 epigr.
687 2264 748 2286 xw
760 2277 771 2294 ,

98 2312 132 2338 et
160 2304 222 2337 lih.
245 2305 301 2345 ΙΙ,
333 2317 398 2346 xc;
430 2305 576 2339 Anthol.
603 2317 678 2351 cap.
710 2309 769 2349 47.

97 2378 150 2384 -
164 2356 245 2390 Cras
260 2357 352 2397 dicis,
371 2366 435 2391 etc.
452 2358 496 2392 Et
509 2370 584 2392 cras
599 2358 667 2391 hoc
679 2370 772 2392 com-

97 2408 306 2455 perendinat
331 2410 468 2455 juvenis
493 2411 657 2456 ignavuS‚
676 2409 770 2456 apud

97 2464 191 2497 Pers.
218 2462 286 2496 Sat.
305 2463 351 2505 V,
377 2475 425 2496 vs.
449 2465 510 2496 66.
529 2462 637 2496 Ludit
664 2464 771 2497 Poeta

98 2516 133 2549 in
152 2516 329 2561 frequenti
347 2515 556 2561 repetitione
575 2516 671 2549 istius
689 2529 768 2549 cras.

152 2569 186 2602 3.
212 2569 316 2613 Quam
340 2569 432 2613 longe
453 2582 521 2601 cras
543 2569 628 2601 istud
650 2569 704 2601 ubi
727 2577 771 2601 est

96 2621 118 2653 J
121 2629 194 2654 unt.
211 2621 316 2667 Quam
333 2623 424 2666 longe
439 2630 486 2654 est
502 2634 571 2654 cras
585 2621 666 2666 legit
679 2621 770 2655 Scri-

97 2686 223 2707 venus.

886 2043 919 2080 4.
949 2039 1052 2084 Apud
1076 2040 1223 2073 Parthos.
1250 2040 1392 2074 Parthia
1417 2043 1508 2075 Asiae

830 2092 928 2137 regio
951 2118 960 2134 ‚
996 2104 1106 2138 quam
1147 2091 1254 2126 hodie
1290 2102 1415 2127 vocant
1447 2095 1503 2127 alii

831 2146 943 2179 Araclz
959 2171 967 2185 ‚
989 2145 1047 2178 alii
1061 2145 1239 2179 chorasan.
1257 2146 1422 2180 Armenia
1439 2146 1505 2181 du-

830 2198 912 2244 plex
937 2211 945 2231 :
971 2198 1106 2243 Major,
1134 2197 1242 2231 hodie
1267 2199 1475 2232 Tarcomam'a
1493 2215 1504 2237 ‚·

831 2251 962 2292 Minor,
983 2250 1109 2293 hodie,
1128 2249 1322 2284 secundum
1343 2253 1477 2298 aliquos
1494 2280 1505 2294 ‚

830 2304 1002 2338 Anaduole
1015 2315 1030 2343 ;
1046 2302 1238 2338 secundum
1250 2304 1334 2337 alios
1344 2331 1353 2347 ‚
1367 2306 1503 2351 Pegian.

887 2357 920 2391 5.
945 2357 1020 2390 Jam
1048 2370 1118 2389 cras
1143 2356 1237 2389 istud.
1262 2357 1399 2391 Moram
1423 2359 1503 2393 vita*

830 2409 934 2443 hilari
958 2410 1190 2455 interponens
1217 2422 1325 2443 annos
1347 2411 1503 2445 Nestoris

830 2463 885 2495 vel
909 2462 1037 2496 Priami
1060 2470 1262 2508 assequutus
1281 2475 1332 2505 es,
1351 2476 1502 2510 quorum

831 2523 910 2549 aetas
930 2523 965 2548 et
989 2515 1133 2548 historia
1152 2515 1316 2550 omnibus
1341 2526 1424 2550 nota
1441 2527 1503 2551 est.

886 2570 921 2601 6.
951 2567 1032 2601 Cras
1051 2568 1137 2601 istud
1160 2570 1292 2614 quanti,
1323 2577 1389 2603 etc.
1418 2571 1502 2604 Cras

832 2622 899 2654 hoc
921 2629 1024 2654 tuum
1042 2620 1141 2667 quod
1165 2621 1333 2667 praeteriit
1350 2635 1421 2656 non
1441 2637 1504 2669 po—

833 2682 898 2707 test
933 2672 1061 2707 redimi
1087 2686 1094 2706 :
1122 2674 1281 2708 futurum
1315 2676 1505 2720 quantuli?
