1978 3305
476 233 1063 279 EPIGRAMMATUM
1100 232 1226 275 LIB.
1266 232 1321 274 V.
1571 246 1600 291 ς)

402 321 531 367 Salvo
561 323 732 367 Caesare
757 320 880 365 finiat
906 328 1128 375 senectus,

401 394 459 437 Et
484 393 540 436 sis
564 391 724 435 invidia
748 390 920 435 favente
947 389 1070 444 felix3

401 463 472 507 Sic
497 465 661 512 Burrus
685 462 772 506 cito
798 462 952 506 sentiat
974 469 1222 522 parentem3

398 532 613 577 Admittas
638 532 834 576 timidam
857 532 1122 592 brevemque
1146 530 1341 574 chartam

399 605 522 647 Intra
551 602 701 646 limina
725 602 953 647 sanctioris
978 600 1097 644 aulae.

401 674 527 718 Nosti
552 682 750 733 tempora
775 681 823 716 tu
850 672 970 715 Jovis
995 673 1161 727 sereni,

398 743 549 800 Quum
576 741 715 803 fulget
738 741 955 803 placidus,
985 756 1148 803 suoque
1174 739 1321 796 vultu,

400 814 502 870 Quo
527 811 586 856 nil
614 811 882 874 supplicibus
914 810 1023 856 solet
1047 826 1218 872 negare.

400 884 504 929 Non
526 892 614 939 est,
635 882 753 944 quod
779 892 946 926 metuas
970 898 1120 944 preces
1143 882 1338 942 iniquas:

401 955 637 1014 Nunquam
669 953 850 1014 grandia
878 969 958 997 nec
986 951 1168 996 molesta
1193 952 1356 1012 poscit,

402 1025 512 1081 Quae
537 1023 668 1068 cedro
693 1023 898 1068 decorata
923 1039 1203 1085 purpuraque

399 1095 546 1155 Nigris
567 1094 727 1156 pagina
749 1095 885 1140 crevit
907 1092 1135 1138 umbilicis.

248 1232 281 1266 5.
299 1232 423 1266 Invidia
435 1232 577 1275 favente.
593 1233 645 1265 Ita
665 1241 704 1265 ut
721 1232 794 1278 ipsa
811 1233 865 1265 in-

192 1284 285 1319 vidia
312 1293 456 1331 cogatur
484 1285 549 1318 tihi
580 1285 714 1327 favere,
743 1293 778 1318 et
799 1294 866 1318 tuae

192 1339 293 1372 famae
311 1350 349 1371 ac
368 1338 526 1373 felicitati
545 1350 687 1383 parcere
703 1350 713 1380 ;
733 1338 777 1371 sis
794 1350 866 1372 ma-

190 1393 247 1436 jor
265 1390 408 1424 invidia.

247 1446 283 1478 6.
310 1443 364 1478 Sic
386 1444 509 1478 Burrus
535 1447 596 1477 cito
620 1446 739 1477 nesciat
757 1442 867 1477 codex

192 1497 390 1531 Pulmanni.
406 1519 458 1524 —
471 1497 525 1531 Sic
537 1497 671 1531 Burrus.
690 1496 868 1531 Parthenii

192 1551 286 1585 filius
299 1549 426 1584 indolis
438 1557 591 1596 paternae
604 1549 663 1583 det
675 1549 848 1595 specimen
858 1575 867 1591 ‚

194 1611 229 1636 et
243 1603 414 1648 intelligat
429 1610 560 1648 quanto
576 1602 620 1637 sit
633 1611 730 1649 patre
745 1611 866 1644 natus;

193 1657 242 1690 sic
267 1656 331 1690 lib.
360 1657 432 1697 VI,
451 1656 562 1702 epigr.
592 1668 697 1697 xxxv,
727 1655 771 1689 de
793 1655 867 1689 filio

192 1709 318 1755 Reguli
335 1721 344 1742 :
366 1726 379 1739 «ι
398 1710 444 1742 Et
458 1709 586 1754 patrias
603 1707 723 1742 laudes
742 1708 870 1742 sentiat

194 1774 266 1802 esse
281 1774 370 1796 suas.
391 1779 404 1792 n
430 1761 514 1796 Vid.
533 1761 593 1795 lib.
611 1762 678 1802 IV,
699 1761 869 1806 epigram-

193 1827 250 1851 ma
267 1828 346 1849 va.

248 1881 282 1914 7.
307 1868 464 1901 Timidam
478 1895 487 1908 ‚
505 1876 569 1902 etc.
583 1868 688 1902 Hunc
702 1879 870 1901 verecun-

194 1920 299 1963 dum,
322 1933 387 1955 nec
409 1921 554 1967 longum
577 1921 869 1967 epigrammatum

192 1974 364 2009 libellum,
384 1974 452 2008 En.

249 2029 284 2063 8.
298 2028 405 2061 Instat
414 2028 524 2061 limina
533 2028 631 2061 Junt.
650 2039 729 2060 ann.
750 2040 764 2061 1
775 2027 793 2060 5
804 2039 817 2060 1
829 2040 845 2060 2
860 2040 869 2069 ;

193 2082 358 2114 sanctioris
382 2083 441 2115 aevi
461 2079 573 2114 codex
598 2080 795 2113 Pulmanni.
817 2101 869 2106 —

194 2133 369 2168 Sanctior-is
383 2134 479 2168 aulae.
498 2135 573 2171 Hoc
588 2141 639 2167 est
651 2159 660 2175 ,
674 2133 868 2166 intromitte

193 2186 230 2223 ‘m
254 2187 416 2226 conclave
445 2186 609 2228 Caesaris,
637 2199 698 2226 seu
725 2187 761 2219 in
784 2186 869 2219 inti-

194 2252 287 2273 mam
306 2240 419 2274 aulam
434 2264 444 2280 ‚
467 2252 572 2285 quam
590 2248 743 2272 sanctam
762 2237 868 2281 dicit,

192 2293 250 2326 vel
272 2292 368 2338 quod
390 2292 461 2327 illic
490 2293 665 2325 coleretur
687 2293 868 2333 Minerva,

193 2345 248 2378 vel
284 2344 382 2391 quod
409 2345 630 2380 Domitianus
664 2345 737 2391 ipse
766 2345 869 2379 vellet

192 2397 315 2431 haberi
332 2399 438 2431 Deus.

248 2463 281 2494 9.
293 2451 388 2485 Nosti
398 2458 545 2494 tempora.
555 2452 712 2486 Macrob.
727 2452 866 2485 Saturn.

192 2503 256 2536 lib.
278 2504 316 2546 I,
339 2515 415 2548 cap.
447 2516 463 2536 2
494 2517 501 2537 :
533 2521 546 2533 u
566 2504 732 2538 Tentanti
756 2505 867 2545 mihi,

193 2556 437 2598 Postumiane,
458 2555 572 2590 aditus
591 2566 666 2590 tuos
686 2566 719 2591 et
742 2557 869 2590 mollis·

195 2609 279 2642 sima
294 2608 390 2643 fandi
410 2618 578 2654 tempora.
589 2610 747 2644 u-Jovzsss
757 2613 866 2643 sereni.

197 2662 339 2696 Caesaris
361 2663 560 2697 Domitiani.

985 1244 1041 1266 10.
1055 1231 1180 1277 Suoque
1196 1232 1300 1264 vultu.
1315 1229 1448 1263 Vultus
1461 1227 1605 1275 quidem

927 1285 1121 1318 Domitiani
1134 1292 1298 1318 venustus
1313 1291 1404 1325 erat,
1420 1291 1506 1316 teste
1522 1280 1607 1315 Sue-

928 1338 1026 1371 tonio
1053 1339 1089 1370 in
1112 1338 1244 1371 Domit.
1269 1348 1344 1382 cap.
1375 1337 1433 1371 18.
1457 1334 1549 1369 Vide
1572 1343 1606 1368 et

927 1391 1018 1424 Pliu.
1039 1391 1165 1436 Paneg.
1185 1389 1338 1435 Trajani.

985 1455 1041 1477 11.
1065 1444 1127 1477 Nil
1148 1443 1350 1488 supplicibus.
1378 1442 1486 1475 Initio
1509 1441 1604 1473 enim

927 1509 1048 1530 omnes
1085 1497 1176 1530 circa
1209 1508 1245 1530 se
1281 1495 1470 1540 largissime
1504 1493 1605 1527 donis

927 1557 1162 1595 prosequutus
1190 1557 1242 1582 est
1271 1562 1278 1581 ε
1308 1547 1369 1582 sed
1390 1555 1508 1594 postea
1529 1559 1606 1580 ava-

927 1602 1083 1636 rissimus
1104 1603 1236 1644 faetus,
1259 1601 1377 1635 omnia
1403 1601 1438 1634 vi
1467 1609 1500 1634 et
1521 1599 1604 1633 dolo

927 1657 1043 1702 rapuit
1057 1663 1090 1689 et
1100 1655 1275 1701 praedatus
1285 1663 1353 1693 est,
1368 1653 1605 1699 undecunque

927 1709 1054 1754 potuit.
1077 1709 1224 1743 Sueton.
1247 1708 1283 1741 in
1307 1707 1439 1740 Domit.
1463 1719 1538 1752 cap.
1561 1721 1604 1751 9,

929 1770 963 1795 et
987 1775 999 1796 1
1012 1775 1045 1795 2.

985 1827 1039 1848 12.
1063 1816 1138 1849 Non
1159 1823 1214 1848 est.
1241 1815 1321 1848 Non
1345 1823 1394 1848 est
1413 1812 1509 1859 quod
1531 1824 1605 1845 mc-

928 1876 1028 1911 tuas,
1045 1881 1065 1901 o
1089 1868 1278 1909 Partheni,
1302 1876 1336 1901 et
1355 1879 1490 1901 recuses
1510 1866 1604 1898 hunc

927 1922 1087 1955 libellum
1109 1921 1238 1955 offerre
1263 1921 1389 1955 Caesari
1410 1914 1423 1962 (
1441 1919 1605 1964 inquiunt

927 1970 1086 2017 Musae);
1111 1987 1225 2020 neque
1252 1974 1347 2007 enim
1374 1972 1508 2018 aliquid
1532 1984 1606 2005 ma-

925 2027 1011 2072 joris
1031 2029 1187 2061 muneris
1214 2027 1303 2073 petit
1330 2025 1499 2059 Martialis
1524 2037 1605 2070 pre-

927 2081 1025 2114 cibus
1054 2081 1208 2114 molestis
1236 2089 1269 2113 et
1297 2079 1491 2125 improbis,
1520 2076 1606 2110 dum

927 2133 1085 2167 libellum
1118 2133 1225 2168 cedro
1255 2132 1460 2167 decoratum
1488 2131 1603 2164 offert.

985 2199 998 2220 1
1009 2187 1043 2220 3.
1063 2187 1235 2233 Nunquam
1248 2186 1399 2231 grandia.
1414 2185 1603 2229 Nunquam

927 2251 1003 2272 mea
1029 2240 1149 2273 charta
1172 2252 1339 2284 meusque
1363 2238 1472 2279 liber,
1496 2236 1603 2270 cedro

928 2291 1109 2327 decoratus
1124 2304 1352 2339 purpuraque
1371 2291 1499 2324 tinctus
1510 2316 1518 2330 ,
1532 2303 1604 2323 ma-

927 2359 1030 2390 gnam
1048 2347 1120 2378 vim
1134 2346 1291 2391 pecuniae
1311 2353 1370 2378 aut
1387 2343 1516 2390 praedia
1538 2344 1604 2376 im-

928 2398 1101 2443 pudenter
1111 2399 1210 2444 petit.
1226 2400 1276 2431 De
1287 2395 1604 2438 umbilicis,cedro,

927 2464 1102 2496 purpura,
1121 2450 1193 2485 vid.
1217 2451 1276 2485 lib.
1300 2453 1334 2490 I,
1358 2451 1466 2496 epigr.
1487 2461 1602 2490 LXVH,

929 2513 962 2537 et
984 2516 1100 2546 LV1113
1118 2505 1180 2538 lib.
1202 2506 1260 2544 11,
1283 2504 1392 2550 epigr.
1413 2517 1446 2536 v.

985 2556 1042 2591 15.
1074 2557 1180 2591 Crevit
1203 2558 1364 2590 umbilicis.
1394 2558 1445 2589 De
1475 2555 1602 2601 quibus

931 2609 1065 2644 dictum
1083 2611 1144 2644 lib.
1161 2612 1214 2644 ΙΙΙ
1227 2637 1236 2651 ,
1256 2611 1362 2656 epigr.
1385 2622 1400 2642 2
1419 2624 1425 2641 2
1446 2608 1603 2641 umbilici

933 2671 1046 2697 autem
1063 2673 1159 2698 erant
1176 2671 1379 2698 ornamenta
1394 2662 1447 2697 vel
1461 2675 1500 2694 cx
1518 2673 1605 2700 osse,
