1978 3305
351 235 935 280 EPIGRAMMATUM
973 235 1096 276 LIB.
1124 235 1237 276 Vll.

1394 236 1487 295 247

226 326 390 368 Exorat
416 334 567 368 noctes
595 323 700 367 dum
729 322 834 366 mihi
865 337 966 382 saga
990 330 1099 365 tuas.

157 395 419 456 Consumpsi
445 393 661 455 salsasque
686 392 848 449 molas,
871 402 914 436 et
935 391 1075 435 thuris
1099 406 1306 444 acervos3
1477 411 1489 435 5

225 466 472 509 Decrevere
499 481 674 526 greges,
695 463 799 507 dum
821 462 936 507 eadit
956 478 1067 523 agna
1088 461 1303 522 frequens.

156 534 257 578 Non
287 551 470 595 porcus,
495 552 586 579 non
611 535 742 578 cortis
769 550 893 588 aves,
923 549 1011 576 non
1039 548 1122 575 ova
1149 541 1395 592 supersunt.

224 606 313 648 Aut
337 604 490 666 vigila,
517 614 593 648 aut
616 604 780 659 dormi,
803 602 1058 657 Nasidiene,
1084 602 1174 645 tihi.

84 755 202 778 meum
230 744 418 790 superioris
439 752 475 778 et
500 744 623 778 hornae
640 744 758 778 vinde-

83 796 172 830 miae.
204 797 358 830 Tantum
381 796 455 830 vini
478 797 547 830 mei
568 796 756 831 exhausisti

83 847 127 882 ad
161 848 376 895 peragendas
411 849 627 895 expiationes
659 857 756 892 tuas,

82 909 122 935 ut
150 914 264 947 neque
289 914 330 936 ex
347 901 479 948 priori,
494 915 608 949 neque
628 915 673 936 ex
691 903 756 937 hac

81 953 257 988 vindemia
273 954 469 1001 quidquam
485 955 574 989 mihi
591 956 754 1002 supersit.

81 1006 232 1042 Martial.
249 1009 310 1045 lib.
322 1009 374 1041 XI
385 1034 394 1050 ‚
407 1021 462 1054 ep.
476 1022 509 1051 L,
521 1021 570 1042 vs.
593 1021 634 1055 7:
655 1010 758 1042 «Am-

80 1059 192 1104 phora
224 1073 318 1095 nunc
345 1061 478 1107 petitur
505 1062 598 1107 nigri
626 1062 755 1096 cariosa

82 1112 241 1155 Falerni,
257 1114 384 1160 Expiet
401 1123 441 1148 ut
460 1127 600 1149 somnos
617 1116 755 1161 garrula

82 1178 159 1211 saga
181 1174 270 1201 tuos.
286 1184 299 1197 n
321 1167 411 1201 Nam
429 1167 503 1201 vini
522 1181 608 1201 usus
627 1177 699 1202 erat
718 1169 754 1201 in

80 1218 276 1261 sacrificiis,
303 1228 339 1253 et
366 1229 446 1266 post
473 1221 602 1266 molam
632 1221 754 1254 salsam

80 1271 204 1317 saepius
235 1271 458 1307 fundebatur.
479 1274 601 1315 Quum
631 1274 754 1307 vinum

79 1336 151 1357 non
166 1325 352 1367 habereut,
367 1338 454 1372 aqua
473 1326 674 1360 utebantur.

135 1382 169 1417 4.
191 1379 319 1411 Exorat
349 1386 464 1412 noctes.
496 1378 539 1412 Id
570 1388 637 1421 est,
668 1378 753 1413 dum

79 1441 157 1475 saga
175 1431 289 1476 expiat
304 1431 454 1465 infausta
474 1439 531 1465 tua
551 1432 697 1465 somnia.
709 1454 744 1459 —

79 1482 187 1527 Saga,
208 1484 424 1517 somniorum
452 1484 623 1530 interpres
642 1493 676 1518 et
694 1497 752 1517 ex-

79 1536 217 1582 piatrix.
236 1537 314 1571 Lib.
333 1537 385 1572 XI
400 1564 409 1578 ‚
428 1536 535 1583 epigr.
556 1551 595 1578 L,
611 1551 662 1571 vs.
679 1540 712 1571 8.

871 744 904 777 5.
925 744 1112 787 Consumpsi
1130 742 1301 787 salsasque.
1326 744 1367 774 ln
1387 742 1492 775 sacri-

814 795 925 837 ficiis,
946 799 1031 841 'quae
1063 795 1194 828 fiebant
1223 793 1265 827 ad
1296 806 1402 828 omen
1429 794 1491 828 ali-

815 847 914 894 quod
953 846 1197 884 avertendmn,
1224 847 1369 892 Antiqui
1395 846 1493 881 adhi-

813 902 943 935 bebant
959 901 1082 935 vinum
1097 928 1105 941 ,
1132 900 1283 934 hostiam
1296 925 1305 942 ‚
1327 900 1408 933 thus
1421 926 1432 941 ‚
1458 907 1492 933 et

814 955 914 989 salsas
932 954 1051 987 molas.

869 1010 901 1042 6.
924 1009 1108 1048 Decrevere,
1121 1014 1186 1040 etc.
1201 1007 1415 1039 Decrescunt
1431 1006 1492 1038 mi-

813 1061 850 1094 hi
867 1073 985 1107 greges
1001 1061 1122 1094 crebra
1141 1059 1391 1093 immolatione.

867 1127 901 1159 7.
922 1115 1029 1148 Cortis
1044 1127 1124 1146 aves.
1142 1113 1244 1158 Epig.
1262 1124 1348 1145 xxm
1367 1123 1488 1157 supra,

813 1178 901 1201 vers.
928 1180 942 1201 1
955 1193 965 1207 ,
983 1175 1048 1200 etc.
1068 1188 1119 1193 --
1139 1165 1213 1199 Non
1235 1178 1293 1198 ova
1312 1172 1487 1209 supersunt.

813 1219 894 1253 Haec
911 1219 998 1253 dicit
1010 1245 1019 1260 ,
1036 1219 1118 1265 quia
1140 1231 1206 1252 ova
1228 1217 1490 1251 adhibebantur

813 1271 856 1305 ad
877 1273 1106 1318 expiationes.
1123 1271 1216 1305 Vide
1235 1269 1424 1303 Alexandr.
1447 1271 1489 1303 ab

814 1324 1014 1359 Alexandro
1032 1325 1092 1358 lib.
1108 1326 1155 1366 V,
1172 1337 1248 1369 cap.
1270 1336 1328 1368 27.

869 1380 901 1412 8.
918 1379 990 1412 Aut
1003 1378 1126 1422 vigila,
1143 1385 1208 1411 etc.
1223 1378 1293 1409 Aut
1309 1388 1488 1421 nunquam

813 1431 965 1464 dormias
980 1443 1106 1476 precor
1118 1444 1126 1471 ;
1140 1438 1199 1463 aut
1212 1428 1256 1462 de
1273 1437 1308 1462 te
1323 1429 1488 1468 somnies,

813 1484 1032 1530 quaescilicet
1045 1483 1135 1516 male
1149 1482 1389 1523 somniaveris,
1403 1482 1488 1521 tuis,

813 1549 886 1570 non
907 1536 992 1570 meis
1008 1533 1357 1582 impensis'piaturus.

723 1690 837 1744 LV.

583 1852 635 1880 IN
675 1850 978 1879 CHRESTUM.

287 1985 435 2028 NULLl
462 2001 669 2039 munera,
691 1985 898 2036 Chreste,
920 1985 954 2027 si
982 1984 1162 2027 remittis
1176 2019 1186 2033 .

286 2055 379 2099 Nec
409 2054 534 2100 nobis
559 2054 749 2111 dederis,
776 2054 1102 2115 remiserisque;

287 2124 475 2169 Credam
501 2135 544 2169 te
568 2126 670 2170 satis
695 2142 786 2170 esse
810 2124 1046 2169 liberalem.

285 2195 372 2240 Sed
395 2196 430 2240 si
452 2195 595 2240 reddis
621 2196 777 2258 Apicio
791 2231 802 2248 ,
825 2197 1040 2257 Lupoque
1055 2232 1065 2251 ,

284 2266 342 2309 Et
369 2265 520 2323 Gallo,
538 2267 760 2327 Titioque,
785 2265 1037 2326 Gellioque;

133 2416 164 2436 1.
182 2403 275 2436 Nulli
298 2417 436 2437 munera.
462 2405 629 2440 Chrestus
651 2417 747 2440 acce-

75 2455 143 2500 ptis
173 2457 377 2490 muneribus
405 2457 495 2491 nihil
525 2459 748 2499 remittebat,

74 2507 135 2541 sed
164 2508 450 2549 irrumatoribus,
473 2511 534 2556 qui
560 2510 744 2547 dederant,

75 2561 228 2596 fellando
261 2563 522 2597 satisfaciebat:
552 2564 602 2606 si,
631 2564 748 2610 inquit

75 2613 179 2648 Poeta
190 2640 200 2657 ,
217 2615 263 2649 ita
281 2617 447 2650 omnibus
463 2617 627 2650 satisfacis
639 2643 648 2658 ,
661 2616 747 2650 mihi

75 2666 199 2702 reddes
216 2680 292 2703 mea
305 2667 415 2711 dona,
437 2669 591 2704 fellando
606 2682 676 2704 non
693 2682 749 2703 me

808 2406 868 2451 qui
888 2405 1036 2451 probuS,
1057 2404 1117 2438 sed
1133 2417 1272 2438 servum
1290 2417 1404 2438 meum
1423 2405 1483 2451 qui

809 2457 950 2492 Judaeus
968 2465 1029 2491 est.

834 2535 837 2538 Δ
864 2515 898 2551 4.
912 2511 1049 2555 Αρίεἰο,
1071 2511 1240 2557 Lupoque,
1265 2518 1329 2544 etc.
1349 2511 1481 2555 Turpi-

808 2563 941 2597 tudinis
957 2571 1024 2597 tuae
1038 2563 1184 2597 consciis
1200 2563 1480 2598 irrumatorihus.

864 2616 896 2649 5.
928 2617 1073 2663 Titioque
1108 2615 1271 2662 Coesioque
1305 2617 1342 2650 in
1377 2615 1480 2650 codd.

810 2669 916 2703 Palat.
940 2668 1040 2703 Bodl.
1064 2669 1180 2704 Oxon.
1214 2678 1248 2703 et
1282 2670 1481 2704 Pulmanni.

1194 2734 1278 2785 16³
