1978 3305
399 226 496 272 326

770 227 831 269 M.
857 226 997 270 VAL.
1037 226 1423 269 MARTIALIS

607 313 739 370 Quod
762 313 897 356 donas
917 349 928 369 ,
951 313 1055 358 facis
1078 314 1168 373 ipse
1188 311 1461 356 Blaesianum.

607 386 702 427 Hoc
726 382 904 444 longum
931 383 1008 427 tibi
1023 418 1035 439 ‚
1056 383 1143 426 vita
1165 382 1270 426 dum
1291 382 1506 433 manebit,
1774 403 1801 426 15

609 456 705 497 Hoc
726 462 769 496 et
791 462 890 513 post
910 454 1076 497 cineres
1098 453 1179 497 erit
1198 452 1424 496 tributum.

402 589 530 622 Blaesus
543 587 627 621 olim
644 588 756 621 fuerat
767 587 958 621 scribarum
971 600 1073 621 unus.

1192 587 1249 621 15.
1271 588 1344 620 Hoc
1370 587 1519 631 longum,
1547 587 1605 620 tibi
1626 589 1714 628 vita,
1743 595 1807 620 etc.

460 645 519 681 14.
537 640 744 674 Blaesianum.
769 640 908 674 Festum
930 641 1075 674 nomine
1134 640 1171 673 in
1187 639 1268 673 edd.
1288 647 1372 674 vett.
1391 639 1428 672 V
1426 642 1470 672 ita
1489 639 1664 680 redonabit,
1683 640 1810 672 Bever-

401 693 523 734 Blaesi,
547 693 637 726 etin
672 693 766 726 illius
785 694 943 739 gratiam.
971 692 1077 727 Unde
1134 692 1232 726 laudi
1255 692 1333 726 MS.
1360 713 1413 720 —-
1450 693 1524 725 Hoc
1555 693 1680 737 longum
1700 718 1709 732 ,
1745 700 1810 725 etc,

403 759 477 780 non
495 746 560 779 tibi
569 772 578 788 ,
591 745 652 779 sed
669 746 716 779 illi
732 759 881 791 praesens
900 746 1008 792 gloria
1019 772 1028 788 ,
1043 755 1078 780 et
1137 745 1317 788 Quamdiu
1328 745 1424 779 vives
1435 771 1445 786 ‚
1459 745 1570 779 immo
1585 753 1619 778 et
1631 753 1791 778 mortuus
1804 770 1813 784 ,

404 800 544 832 tumulo
563 807 749 845 superstes.
772 800 824 832 De
848 798 974 833 Atedio
1002 800 1078 832 Me-

403 851 508 893 liore,
524 852 661 894 lib.VI,
674 852 783 897 epigr.
805 863 941 893 xxvrn3
959 859 994 885 et
1015 852 1079 885 Pa-

404 905 480 950 pin.
497 904 592 951 Sylv.
609 904 759 938 ILVide
777 913 810 938 et
823 905 916 938 Plin.
930 905 1007 938 Sec.
1018 904 1081 938 lib.

406 958 442 997 I,
465 959 565 1003 epist.
599 970 641 1003 ¹7
657 984 666 999 ,
692 966 725 991 et
745 957 807 991 lib.
827 958 898 1000 IX,
924 957 1023 1003 epist.
1047 969 1081 1001 9.

1140 812 1179 832 ex
1199 807 1294 833 tanta
1313 799 1443 845 pietate
1461 798 1611 844 gloriam
1634 806 1668 831 et
1689 798 1814 830 famam

1140 852 1374 898 consequeris.
1407 852 1478 884 Aut
1509 851 1625 884 forsan
1659 848 1752 884 idem
1783 858 1815 883 et

1141 905 1206 938 tibi
1219 931 1229 947 ‚
1239 903 1336 950 quod
1348 917 1448 938 nunc
1460 913 1494 938 et
1505 904 1667 937 manibus
1678 902 1815 943 tribuis,

1144 966 1224 1003 post
1242 958 1378 991 obitum
1401 957 1524 1003 uliquis
1540 957 1682 990 tribuet.
1700 956 1767 989 Eu.

954 1091 1278 1147 XXXIX.

839 1248 912 1276 AD
958 1229 1394 1277 DOM1T1ANUM.*

485 1376 580 1431 Qm
608 1371 829 1417 Pallatinae
856 1382 1034 1434 caperet
1058 1374 1259 1418 convivia
1281 1389 1465 1425 mensae,

555 1443 894 1504 Ambrosiasque
919 1443 1077 1505 dapes,
1097 1461 1187 1487 non
1212 1452 1309 1488 erat
1333 1453 1434 1488 ante
1460 1443 1595 1496 locus.

488 1515 570 1559 Hic
592 1514 769 1558 haurire
796 1514 922 1558 dece-t
947 1531 1141 1569 sacrum,
1168 1515 1454 1569 Germanice,
1485 1524 1656 1569 nectar,

559 1586 618 1629 Et
645 1583 927 1646 Ganymedea
955 1584 1112 1645 pocula
1136 1585 1272 1628 mixta
1297 1601 1444 1629 manu.

492 1658 599 1700 Esse
618 1654 725 1699 velis
739 1686 753 1711 .,
779 1672 881 1711 oro,
903 1671 1024 1699 serus
1048 1656 1234 1699 conviva
1258 1656 1480 1699 Tonantis.

564 1728 621 1770 At
651 1735 697 1770 tu
725 1727 758 1770 si
787 1742 1024 1787 properas,
1044 1728 1237 1788 Jupiter3
1263 1727 1353 1788 ipse
1382 1727 1492 1770 veni.

479 1861 493 1876 ¹¹
520 1864 657 1899 Laudat
690 1866 819 1911 regiam
855 1866 1049 1899 Domitiani
1084 1878 1102 1898 a

428 1919 572 1954 Rabirio
594 1926 818 1953 exstructam.
841 1919 1000 1964 Namque
1024 1927 1104 1952 aute

430 1971 641 2007 aedificatum
658 1971 727 2005 hoc
743 1971 913 2006 Palatium
926 1998 935 2013 ,
954 1984 1024 2005 non
1041 1984 1106 2018 po-

431 2033 546 2060 terant
578 2025 613 2058 in
647 2025 724 2058 aula
757 2025 925 2058 celebrari
952 2025 1108 2059 solennia

433 2077 555 2126 populi
568 2077 748 2120 convivia;
760 2091 856 2112 nunc
871 2078 1110 2111 accumbimus

435 2143 575 2172 omues,
596 2139 631 2165 et
660 2129 782 2165 divina
813 2131 1004 2165 Domitiani
1033 2143 1110 2165 mu-

436 2197 519 2219 nera
535 2184 700 2218 bibimus.
721 2184 839 2218 Rader.

489 2250 519 2270 1.
535 2237 660 2283 Quique
672 2237 834 2270 Palatinae
849 2237 990 2277 exhibet
1005 2236 1113 2270 codex

437 2290 684 2332 Florentinus;
699 2298 733 2323 at
754 2291 820 2334 Qui
838 2290 1012 2323 Pallacinae
1030 2289 1110 2324 Ald.

439 2343 537 2376 Junt.
557 2344 676 2377 Colin.
693 2353 757 2376 etc.
778 2344 822 2377 Et
839 2343 926 2384 hoe,
945 2351 984 2377 ut
1001 2351 1112 2388 patet,

442 2397 551 2430 multo
568 2397 704 2430 melius.
723 2397 792 2429 Ευ.

496 2451 528 2482 3.
543 2450 606 2482 Hic
628 2450 751 2482 lmumrc
769 2450 839 2482 licet
859 2448 967 2483 editio
988 2449 1113 2495 Delph-

444 2511 532 2534 1101ae
555 2503 734 2547 praefixum
759 2503 881 2543 habet,
899 2503 1055 2548 quamvis
1080 2503 1115 2535 ἰιι

1163 1875 1276 1907 textu,
1297 1866 1394 1899 decet.
1420 1887 1471 1892 —-
1496 1866 1562 1899 Hic
1589 1867 1714 1899 haurire
1741 1866 1837 1899 decet.

1164 1919 1301 1964 Nempe
1311 1920 1348 1952 in
1365 1927 1428 1952 tuo
1442 1919 1575 1953 Palatio
1589 1931 1598 1952 :
1613 1920 1722 1966 epigr.
1736 1932 1838 1953 xxxvi

1166 1984 1281 2018 supra.

1225 2029 1259 2065 4.
1276 2025 1325 2058 Ee
1343 2025 1560 2072 Gany-medea.
1573 2025 1650 2058 Hoc
1668 2034 1733 2061 est,
1756 2026 1841 2058 hau-

1169 2078 1239 2112 rire
1280 2078 1409 2123 pocula
1445 2091 1523 2124 quae
1553 2090 1571 2111 a
1603 2078 1672 2111 tuis
1702 2078 1843 2124 pueris,

1171 2131 1325 2165 formoso
1349 2130 1546 2176 Ganymedi
1571 2130 1741 2165 similibus
1762 2143 1844 2177 por—

1173 2185 1348 2229 riguntur.

1230 2237 1262 2270 5.
1287 2238 1368 2270 Esse
1393 2237 1484 2270 velis.
1512 2235 1628 2270 Tarde
1654 2236 1757 2271 adeas
1781 2249 1846 2270 cae·

1172 2290 1265 2330 lum,
1284 2302 1343 2323 seu
1368 2289 1429 2322 diu
1453 2290 1557 2322 vivas.

1228 2346 1263 2376 6.
1273 2344 1323 2376 A!
1335 2351 1368 2375 m
1381 2345 1420 2381 si,
1434 2351 1500 2377 etc.
1514 2342 1545 2376 Ο
1555 2342 1743 2388 Jupiter,si
1753 2351 1848 2376 tanto

1175 2396 1365 2430 Domitiani
1386 2393 1530 2430 vidend'i
1548 2394 1721 2429 desiderio
1735 2404 1848 2429 tenea-

1176 2449 1245 2488 ris,
1272 2448 1443 2483 descende
1470 2450 1503 2482 in
1535 2457 1642 2483 terras
1660 2475 1669 2491 ,
1699 2458 1735 2482 ut
1769 2461 1848 2481 cnm

1180 2503 1237 2534 iun
1267 2503 1473 2535 muniveris.
