1978 3305
350 251 934 296 EPIGRAMMATUM
972 251 1272 294 Llss.V111.

1420 249 1517 295 313

249 342 354 384 Esse
382 338 488 383 velis
512 340 635 399 cujus
660 339 774 383 fama
799 338 1018 399 decusque
1043 337 1216 400 gregis?

181 409 321 471 Apula
345 409 490 454 Ledaei
516 410 592 453 tibi
616 409 762 454 floruit
785 408 922 452 herba
945 408 1170 464 Phalanti,

252 481 353 538 Qua
378 490 544 525 saturat
571 479 767 525 Calabris
794 478 911 523 culta
933 479 1117 524 Galesus
1144 479 1296 540 aquis?

182 551 250 594 An
269 551 561 595 Tartessiacus
587 549 744 594 stabuli
765 550 956 593 nutritor
978 549 1094 593 Iberi

249 623 376 665 Baetis
400 623 444 665 in
466 622 675 681 Hesperia
698 630 740 663 te
764 636 937 680 quoque
960 618 1065 663 lavit
1087 620 1198 663 ove?

181 694 249 735 An
275 701 350 735 tua
374 690 637 735 multifidum
662 691 910 734 numeravit
934 689 1033 733 lana
1053 690 1307 741 Timavum„

252 762 393 819 Quem
424 762 544 822 prius
570 760 770 805 astrifero
796 759 997 821 Cyllarus
1023 776 1099 804 ore
1122 758 1260 803 bibit?

181 833 217 875 T
218 848 241 876 e
271 848 352 876 nec
372 831 592 891 Amyclaeo
618 831 765 875 decuit
789 829 922 874 livere
949 847 1144 879 veneno,

111 991 228 1028 togam
265 983 456 1028 alloquitur
489 991 523 1015 et
558 983 752 1027 interrogat
775 1006 786 1021 ‚

112 1048 183 1082 quo
212 1047 340 1081 nempe
375 1035 534 1068 lanarum
577 1047 704 1080 genere
743 1034 787 1068 sit

112 1097 285 1123 contexta.
299 1109 352 1115 —
367 1088 515 1122 Facundi
539 1096 667 1133 gratum
680 1114 690 1128 ,
721 1095 786 1120 etc.

112 1142 216 1176 Docti
234 1141 367 1175 scilicet
387 1149 488 1186 atque
507 1149 642 1186 poetae,
663 1148 704 1173 ut
725 1140 786 1174 lib.

112 1194 149 1226 ΙΙ
162 1220 172 1236 ,
191 1195 300 1240 epigr.
317 1194 424 1235 1,lib.
436 1195 482 1235 V,
497 1193 606 1239 epigr.
629 1206 665 1234 v,
686 1206 735 1227 vs.
755 1205 787 1232 1,

113 1255 148 1280 et
165 1247 228 1282 lib.
250 1248 321 1288 IX,
343 1247 452 1293 epigr.
474 1260 508 1280 1..

169 1313 202 1334 2.
223 1301 306 1333 Esse
328 1301 423 1340 velis,
450 1307 515 1332 etc.
537 1300 566 1332 E
588 1299 695 1344 cujati
715 1299 788 1331 vel-

112 1354 184 1386 lere
204 1353 263 1387 es?
279 1354 331 1386 De
351 1351 598 1386 laudatissimis
623 1352 709 1385 lanae
728 1364 788 1398 ge-

113 1406 276 1448 neribus,
291 1406 353 1440 lib.
373 1406 474 1447 XIV,
495 1405 603 1451 epigr.
621 1417 698 1438 CLV.

168 1459 202 1492 3.
218 1459 342 1505 Apula.
362 1459 558 1492 Enumerat
576 1459 789 1504 praestantis-

113 1513 197 1546 sima
231 1524 358 1558 genera
386 1512 576 1553 vellerum,
604 1512 694 1544 inter
714 1523 790 1557 quae

113 1565 270 1611 primum
295 1565 544 1603 Tarentinum,
566 1563 609 1597 de
637 1577 707 1610 quo
728 1565 788 1598 lib.

113 1624 149 1652 et
168 1619 274 1664 epigr.
290 1618 407 1652 cit.—
418 1619 528 1663 Apula
542 1617 650 1650 Ledoei
667 1618 791 1663 tibiflo-

115 1674 204 1704 ruit?
214 1674 269 1704 An
287 1683 305 1704 a
325 1670 488 1717 gregibus
512 1670 548 1703 in
566 1671 703 1716 pascuis
721 1672 791 1704 Ta-

114 1724 206 1757 renti
216 1724 254 1757 in
263 1724 390 1770 Apulia
398 1750 407 1765 ‚
418 1736 522 1769 quam
532 1722 691 1757 condidit
701 1724 791 1757 Pha-

115 1776 230 1811 lantus
240 1776 527 1810 Lacedaemonius
541 1776 604 1809 lib.
615 1777 662 1816 V,
681 1777 791 1823 epigr.

114 1842 325 1872 xxxV111‚vs.
344 1843 361 1863 2
370 1852 438 1864 .—-
447 1830 557 1863 Ledaei
567 1830 634 1862 tibi.
643 1830 672 1862 E
684 1830 792 1863 Lace-

115 1881 274 1917 daemone
302 1884 394 1917 clara
421 1883 614 1917 concubitu
640 1883 736 1916 Jovis
759 1892 794 1916 et

115 1935 243 1977 Ledae,
266 1935 441 1983 Ledaeque
467 1936 570 1969 natis.
588 1957 640 1965 -—
666 1937 794 1969 Floruz’t

117 1989 225 2023 herba.
255 1990 370 2032 Quam
400 2001 482 2023 oves
509 1989 711 2023 Tarentinae
731 1989 793 2023 de-

116 2051 224 2088 pastae
244 2050 335 2077 sunt.
350 2064 402 2069 —
415 2042 581 2075 Phalanti.
592 2043 793 2076 Tarentinae

117 2095 216 2129 urhis
233 2094 427 2129 conditoris
439 2108 449 2137 ;
462 2103 501 2129 ut
513 2094 621 2130 modo
633 2104 793 2130 notatum

118 2147 163 2182 ad
184 2149 306 2194 Apula.

174 2206 208 2243 4.
228 2202 303 2246 Qua
327 2209 470 2242 sumt-at,
495 2210 562 2235 etc.
586 2202 665 2243 Qua
694 2202 795 2235 Gale-

118 2266 177 2288 sus
199 2266 217 2286 a
243 2255 400 2289 Calabris
429 2263 526 2288 ortus
555 2255 676 2300 irrigat
701 2256 794 2288 culta

118 2307 180 2340 lib.
204 2308 251 2348 V,
267 2307 364 2353 epigr
392 2320 550 2349 xxxvnt,
573 2320 622 2341 vs.
651 2321 683 2341 2.
702 2308 794 2341 Gro-

119 2360 248 2394 novius
267 2372 285 2393 e
304 2360 380 2393 MS.
399 2360 506 2405 legit:
530 2361 662 2394 Calabri
685 2363 792 2401 culta,

120 2412 159 2446 id
175 2421 225 2447 est
239 2439 248 2454 ‚
265 2413 424 2459 agricolae
442 2413 591 2447 Calabri.

176 2466 210 2500 5.
233 2468 439 2511 Tarpesiacus
451 2465 556 2499 codd.
569 2467 651 2500 Vat.
670 2474 704 2499 et
716 2467 796 2499 Flo·

119 2521 334 2553 rent.—An
354 2521 578 2553 Tartessiacas.
601 2519 704 2553 Baetis
716 2519 795 2552 His—

119 2573 231 2618 paniae
261 2572 412 2612 fluvius,
439 2571 569 2614 hodie,
595 2572 797 2618 Guadalqui-

123 2628 180 2666 vir,
211 2625 271 2671 qui
297 2634 332 2659 et
364 2626 543 2659 Tartessus
571 2637 588 2658 a
623 2625 797 2659 Strabone

120 2679 327 2724 appellatur.
343 2680 469 2712 Juven.
487 2686 549 2712 sat.
569 2690 641 2720 xn,
666 2692 715 2712 vs.
736 2683 753 2719 ‚4
766 2692 776 2712 1

847 982 1043 1015 —stabuli
1067 982 1162 1014 Iberi.
1193 981 1269 1014 Hoc
1301 989 1372 1021 est,
1403 980 1525 1012 ovium

846 1033 1094 1079 Hispanarum,
1104 1046 1181 1080 quae
1192 1045 1322 1079 nempe
1334 1040 1526 1079 pascuntur

848 1085 894 1120 ad
912 1087 1069 1121 Iberum.

902 1142 936 1173 6.
959 1139 1079 1173 Codex
1102 1139 1280 1173 Palatinus
1311 1138 1435 1172 habuit
1459 1150 1467 1171 :
1501 1147 1530 1171 le

849 1205 968 1239 quoque
992 1193 1150 1232 lanitone;
1169 1190 1363 1226 absurdum
1385 1190 1529 1237 quidem

848 1253 882 1278 et
900 1246 1089 1279 barbarum
1103 1270 1113 1286 ‚
1136 1244 1198 1278 sed
1214 1244 1307 1278 unde
1323 1245 1531 1290 Rutgersius

849 1299 981 1344 optime
1013 1306 1047 1332 et
1078 1299 1257 1344 ingeniose
1284 1297 1470 1331 restituit:
1503 1306 1532 1329 te

848 1364 967 1397 quoque
990 1352 1066 1385 lavit
1088 1365 1153 1384 ονε.
1184 1352 1295 1385 Antea
1331 1358 1430 1384 erat:
1456 1351 1533 1383 lavit

849 1417 932 1450 aqua
947 1419 959 1444 ‚·
977 1417 1092 1450 neque
1107 1418 1126 1438 e
1143 1413 1260 1438 mente
1276 1416 1391 1450 neque
1404 1416 1445 1436 ex
1459 1411 1532 1437 arte

850 1458 965 1492 Poetae
985 1484 994 1499 ‚
1025 1470 1135 1503 quum
1164 1456 1341 1491 distichon
1373 1456 1533 1502 superius

852 1511 957 1544 etiam
976 1511 1131 1545 clausum
1149 1511 1254 1544 fuerit
1270 1513 1370 1555 aquis.

905 1565 995 1609 7.At
1018 1572 1072 1597 tua
1087 1562 1297 1597 Beverlandi
1310 1563 1387 1596 MS.
1408 1583 1461 1589 -—
1477 1562 1535 1595 An

852 1625 906 1650 tua
925 1617 1123 1662 multifidum.
1143 1618 1198 1650 An
1222 1617 1264 1650 ab
1285 1617 1408 1649 Altino
1424 1615 1536 1648 nobili

861 1671 986 1704 ovibus
1024 1678 1057 1704 et
1091 1671 1168 1703 lana
1209 1682 1321 1716 prope
1345 1669 1535 1702 Timavum

851 1723 969 1757 multis
995 1723 1092 1756 ostiis
1121 1724 1157 1756 in
1187 1735 1283 1756 mare
1310 1721 1534 1755 Adriaticum

852 1776 1081 1810 influentem?
1095 1785 1134 1810 ut
1153 1776 1215 1809 lib.
1240 1776 1306 1817 IV,
1321 1776 1433 1821 epigr.
1455 1787 1535 1815 xxv,

850 1842 899 1863 vs.
931 1829 961 1863 5.
989 1850 1041 1855 —-
1064 1830 1270 1868 Numen-avit,
1295 1837 1360 1862 etc.
1385 1827 1534 1869 Pathos;

851 1884 949 1928 quasi
973 1883 1052 1916 lana
1083 1891 1142 1916 aut
1174 1882 1248 1915 ovis
1271 1889 1388 1915 nosset
1410 1892 1536 1913 nume-

851 1948 931 1969 rum
960 1936 1132 1969 ostiorum
1151 1935 1317 1977 Timavi,
1343 1934 1460 1968 sintne
1482 1945 1535 1967 se-

851 1998 947 2035 ptem
963 2015 972 2030 ,
993 2002 1036 2022 an
1055 2001 1194 2022 novem.

908 2044 943 2076 8.
965 2042 1067 2087 Quem
1084 2044 1158 2087 pius
1185 2041 1296 2074 codex
1323 2038 1534 2080 Pulmanni;

852 2095 942 2128 forte
958 2108 999 2129 ex
1013 2103 1096 2129 nota
1113 2094 1352 2129 contractione
1363 2095 1449 2138 pius,
1469 2104 1535 2136 pro

848 2151 949 2194 prius.
965 2170 1017 2174 ——-
1034 2149 1134 2192 Quem
1147 2151 1237 2193 prius
1250 2175 1259 2188 ‚
1286 2155 1352 2179 etc.
1375 2145 1535 2190 Cyllarus

853 2201 998 2248 quidam
1014 2202 1107 2235 vexit
1124 2201 1268 2235 Castora
1279 2225 1288 2239 ‚
1306 2199 1367 2245 qui
1383 2210 1462 2231 cum
1473 2198 1536 2230 Ar-

852 2255 1014 2300 gonautis
1041 2255 1230 2287 Timavum
1260 2251 1536 2298 praetermeavit‚

856 2317 894 2341 ut
906 2307 968 2340 lib.
986 2308 1050 2348 IV,
1061 2307 1154 2353 epig.
1166 2319 1233 2340 xxv
1245 2318 1254 2348 ;
1268 2314 1371 2351 atque
1382 2304 1456 2350 ipse
1475 2305 1538 2338 Ca·

854 2369 928 2395 stor
943 2361 980 2393 in
991 2359 1086 2393 sidus
1098 2360 1227 2393 relatus
1242 2367 1303 2392 est.
1317 2358 1439 2400 Quum
1449 2369 1536 2390 vero

854 2413 947 2447 dicat
969 2426 1020 2446 ore
1047 2414 1208 2455 astrifero,
1242 2411 1362 2444 malim
1389 2409 1433 2444 de
1461 2410 1537 2456 ipso

856 2467 999 2513 Cyllaro
1010 2466 1045 2498 in
1061 2473 1192 2499 astrum
1207 2477 1306 2498 verso
1325 2463 1540 2509 intelligere;

856 2531 962 2564 supra
981 2518 1089 2564 epigr.
1101 2517 1190 2560 'xx1,
1204 2531 1254 2552 vs.
1272 2517 1305 2552 5.
1323 2517 1406 2558 Alii,
1436 2517 1537 2561 Quem

852 2575 925 2617 pius
939 2573 1098 2614 astrifero.

911 2638 944 2669 9.
969 2625 1136 2672 Amycloeo
1160 2637 1292 2657 veneno.
1322 2623 1537 2669 Amyclaeum

857 2691 1031 2712 venenum
1051 2678 1109 2711 alii
1130 2677 1325 2712 existimant
1346 2688 1419 2709 esse
1439 2675 1537 2709 colo-
