1978 3305
340 221 901 269 EPIGRAMMATUM
940 223 1062 265 LIB.
1092 222 1240 264 VIII.

96 314 116 347 J
119 321 239 347 ocatur
252 320 367 345 autem
384 311 511 345 Noster
527 310 563 343 in
582 309 650 343 hoc
665 310 770 354 παρά-

96 365 187 406 δοξον
210 377 291 398 sane
314 373 347 397 et
366 364 508 406 ἄτοπον,
534 361 629 408 quod
652 375 692 395 eo
716 362 770 395 in-

98 419 219 458 sanstae,
241 415 329 451 duce
350 417 486 450 luxuria
505 424 539 449 et
559 415 769 448 naturalium

96 471 314 517 voluptatum
337 468 495 510 fastidio,
522 470 591 513 jam
621 467 770 501 devene-

1407 218 1497 265 301

829 309 900 342 rint
915 333 924 349 ‚
944 316 982 342 ut
995 319 1144 341 vacuum
1162 318 1307 352 prorsus
1330 306 1508 339 intellectu

829 369 935 407 caput
962 359 1065 393 multi
1093 359 1297 397 aestimetur,
1328 358 1422 392 haud
1450 371 1508 391 va-

829 427 953 454 cuum,
966 413 1088 453 nihili3
1106 411 1192 446 dum
1208 420 1331 445 contra
1344 424 1415 457 quo
1431 412 1507 456 quis

831 467 933 500 altior
949 465 1089 511 ingenio
1102 491 1111 506 ‚
1129 477 1171 498 eo
1185 465 1296 511 pluris
1314 462 1506 498 faciendus.

712 602 883 656 XIV.

433 758 490 787 IN
528 756 845 786 CRUDELEM
887 735 1171 797 Alincum*

171 887 379 929 PALLmA
409 899 463 926 ne
489 881 675 927 Cilicum
706 881 890 925 timeant
918 881 1116 941 pomaria
1147 879 1371 933 brumam,

240 953 445 998 Mordeat
469 962 513 997 et
537 962 738 996 tenerum
762 951 919 995 fortior
944 966 1051 994 aura
1073 967 1227 994 nemus
1249 968 1257 994 :

174 1026 379 1069 Hibernis
407 1023 580 1084 objecta
602 1023 730 1067 Notis
753 1020 993 1084 specularia
1015 1036 1150 1082 puros

239 1095 488 1140 Admittunt
515 1093 653 1148 soles,
685 1102 728 1137 et
753 1093 846 1137 sine
872 1092 976 1136 faece
1003 1091 1134 1136 diem.

172 1170 228 1210 At
253 1166 357 1210 mihi
384 1165 492 1210 cella
517 1165 668 1221 datur,
693 1180 783 1208 non
813 1172 906 1207 tota
936 1162 1082 1206 clausa
1114 1162 1327 1216 fenestra,

240 1240 290 1280 In
316 1252 402 1297 qua
427 1252 508 1279 nec
537 1238 696 1279 Boreas
722 1235 812 1295 ipse
842 1249 1018 1277 manere
1043 1232 1161 1276 velit.

171 1307 241 1350 Sic
266 1307 465 1350 habitare
490 1306 618 1367 jubes
647 1314 841 1348 veterem
870 1303 1057 1349 crudelis
1086 1303 1304 1348 amicum?

240 1377 422 1422 Arboris
451 1393 556 1438 ergo
583 1386 669 1420 tuae
695 1377 832 1419 tutior
860 1375 1022 1436 hospes
1049 1390 1137 1418 ero.

155 1505 170 1520 ⁸
190 1509 359 1543 Martialis
380 1511 553 1555 queritur,
576 1509 701 1542 melius
723 1521 779 1542 ar-

102 1564 204 1597 bores
215 1563 284 1608 tegi
295 1564 339 1596 ab
348 1563 458 1596 amico
470 1588 479 1604 ‚
491 1575 598 1608 quam
611 1562 776 1595 amicum.

161 1631 190 1650 1.
206 1616 350 1650 Pallida.
369 1616 426 1649 Ob
443 1615 595 1649 hiemem
617 1627 685 1661 qua
703 1615 779 1660 pal-

103 1669 239 1703 lescunt
268 1669 371 1709 folia,
398 1669 507 1702 immo
535 1676 569 1701 et
592 1667 776 1702 decidunt.

103 1744 155 1749 -—
174 1721 308 1755 Cilicum
316 1724 478 1767 pomaria.
496 1721 658 1767 Intellige
676 1722 778 1755 arbo-

92 1786 158 1811 ses
175 1788 194 1809 e
219 1775 342 1809 Cilicia
365 1775 561 1815 translatas3
580 1787 665 1820 quas
685 1786 778 1808 sum-

103 1840 159 1861 ma
182 1841 266 1862 cura
284 1828 422 1861 colebat
443 1827 502 1861 ille
524 1828 669 1862 amicus.

160 1894 193 1915 2.
216 1882 246 1914 T
245 1894 368 1914 eaerum
383 1894 499 1914 nemus.
519 1881 781 1914 Succrescentes

104 1934 262 1967 surculos
280 1934 525 1980 interpretare.

160 1987 193 2022 3.
208 1987 405 2033 Specularia.
420 1987 558 2030 Quibus
572 1987 782 2032 tegebantur

104 2040 247 2074 arbores
259 2039 424 2074 adversus
434 2049 575 2074 ventos:
587 2040 781 2086 specularia

104 2101 220 2127 autem
239 2094 394 2139 intellige
413 2093 545 2140 lapides
561 2092 757 2139 pellucidos
772 2119 782 2134 ,

105 2146 232 2192 quibus
245 2173 254 2187 ‚
274 2155 313 2180 ut
331 2145 440 2180 hodie
453 2160 518 2181 nos
531 2146 622 2180 vitro
633 2171 643 2188 ,
665 2147 714 2180 sic
729 2146 781 2179 vi-

105 2198 151 2231 tri
168 2199 275 2233 instar
293 2201 480 2234 utebantur
499 2200 661 2233 Romani.

161 2256 180 2291 4
189 2279 196 2285 .
213 2253 259 2285 Et
271 2255 336 2285 sine
349 2254 413 2286 sole
425 2254 505 2286 diem
520 2253 556 2286 in
569 2251 779 2298 quibusdam

837 1507 947 1541 libris.
966 1507 1116 1549 Caetera,
1131 1507 1229 1541 nulla
1246 1515 1298 1541 est
1313 1508 1458 1541 varietas
1472 1508 1519 1541 le-

838 1559 942 1606 gendi
965 1560 1001 1594 in
1028 1560 1097 1595 hoc
1115 1560 1377 1606 epigrammate.
1397 1581 1450 1589 --
1469 1562 1518 1594 Et

837 1616 903 1647 sine
912 1615 997 1657 saece
1008 1640 1016 1654 ,
1039 1614 1114 1648 sine
1132 1613 1214 1647 nive
1225 1639 1234 1656 ,
1251 1614 1370 1659 pluvia
1381 1638 1392 1655 ,
1408 1614 1517 1648 aliave

838 1668 939 1701 naxia
963 1674 1184 1713 tempestate,
1207 1667 1353 1712 pulvere
1374 1667 1488 1700 etiam.

895 1721 929 1754 5.
949 1721 1025 1753 Non
1043 1728 1109 1753 tota
1120 1722 1278 1764 fenestra.
1293 1719 1336 1753 Id
1363 1728 1414 1754 est
1440 1733 1517 1766 quae

839 1786 902 1819 per
914 1773 1020 1807 rimas
1033 1781 1180 1807 ventum
1199 1782 1234 1807 et
1254 1773 1372 1807 nivem
1391 1782 1426 1807 et
1441 1774 1518 1819 plu-

839 1827 931 1860 viam
949 1825 1122 1861 admittat.
1145 1827 1212 1860 En.

895 1882 929 1913 6.
945 1880 984 1913 In
1006 1892 1067 1926 qua
1086 1893 1140 1912 nec
1159 1880 1293 1913 Boreas.
1313 1880 1402 1913 Tam
1418 1879 1516 1924 frigi-

839 1932 924 1967 dum
937 1958 947 1974 ,
962 1933 1081 1979 inquit
1094 1959 1104 1975 ‚
1123 1932 1213 1967 mihi
1231 1932 1434 1966 cubiculum
1455 1932 1517 1966 de-

840 1985 923 2020 disti
939 2011 949 2027 ‚
967 1995 1005 2019 ut
1025 1999 1092 2020 nec
1108 1987 1235 2019 Boreas
1252 1994 1440 2019 ventorum
1454 1986 1516 2018 fri-

840 2038 1042 2085 gidissimus
1053 2039 1090 2073 in
1105 2052 1147 2073 eo
1162 2039 1321 2072 habitare
1336 2038 1516 2073 sustineat.

841 2091 927 2126 Vid.
947 2093 1009 2126 lib.
1029 2093 1100 2133 III,
1120 2093 1233 2139 epigr.
1253 2104 1383 2126 xzvnx.

896 2147 931 2179 8.
967 2145 1103 2179 Arboris
1142 2158 1227 2190 ergo.
1273 2144 1517 2190 Undequaquo

843 2199 937 2233 enim
959 2207 1060 2232 tectae
1079 2207 1114 2232 et
1134 2199 1278 2232 munitae
1295 2206 1393 2231 erant
1415 2198 1515 2231 arbo-

842 2265 896 2285 res
919 2252 1093 2296 frugiferae
1113 2251 1276 2285 adversus
1296 2251 1414 2296 frigus.
