1978 3305
350 246 931 290 EPIGRAMMATUM
969 245 1267 288 Llss.V111.
1429 245 1452 287 1‘

1437 261 1528 306 )09

257 334 357 377 Non
382 333 519 377 deerit
545 333 708 394 populo
738 343 779 377 te
806 334 1003 377 veniente
1032 332 1133 376 dies.

118 453 214 499 quod
232 467 341 499 genus
359 454 418 487 hic
439 462 508 487 tam
528 454 658 488 mirum
677 454 790 487 visum

118 513 168 540 est
195 506 278 540 viris
304 505 428 540 doctis.
458 506 609 540 Ovidius
634 507 670 540 in
700 506 790 540 Fast.

118 559 170 600 II,
192 561 286 604 697:
310 560 431 593 «Luna
452 559 541 594 fuit:
563 567 719 605 spectant
735 560 792 604 ju-

118 623 241 645 venem
259 637 267 653 ,
299 611 500 658 gladiosque
533 611 741 646 recondunt.
773 628 786 641 »

116 665 313 705 Suetonius,
325 665 434 707 Julio,
445 677 476 699 c.
490 664 535 710 57
547 665 628 698 :«In
640 665 790 710 agmine,

116 729 374 763 nonnunquam
400 730 512 762 equo,
539 717 663 762 saepius
689 715 789 761 pedi·

116 770 201 812 bus,
220 771 392 811 anteibat,
411 770 524 816 capite
546 769 686 802 detecto
698 795 708 810 ,
730 781 790 802 seu

116 823 187 863 sol,
205 835 266 856 seu
288 823 400 856 imber
420 831 520 856 esset.
536 839 550 852 ι»
566 823 707 863 Noster,
727 822 789 855 lib.

116 875 216 916 XIV,
242 875 351 921 epigr.
377 887 553 909 xxvt112«
573 875 624 908 Sit
652 875 730 909 licet
757 883 791 908 et

115 936 259 969 ventus,
282 936 316 961 te
336 937 393 961 tua
411 928 487 961 vela
506 936 632 974 tegent.
655 945 668 958 a
694 927 788 973 Ergo

115 988 268 1024 maneat,
281 993 346 1014 nec
362 989 562 1015 moveatur:
581 998 594 1011 u
608 983 674 1014 sint
684 988 785 1020 astra,

851 453 963 487 licebit.
982 471 995 482 ι
1023 453 1235 486 Gronovius.
1254 474 1306 478 —
1328 453 1420 486 §teu-t
1441 462 1525 485 astra

850 505 965 539 licebit.
991 505 1127 538 Nolunt
1153 503 1223 538 diei
1243 504 1359 538 locum
1386 504 1529 547 cedere,

852 566 890 591 ut
908 567 942 591 et
963 559 1037 603 ipsa
1055 557 1310 603 ingredientem
1336 559 1372 591 in
1397 559 1528 591 Urbem

851 611 1095 643 Domitianum
1128 609 1281 644 videant.
1309 611 1354 644 Et
1386 610 1529 643 aliunde

850 662 938 709 quid
961 662 1037 710 die,
1054 661 1143 708 quid
1164 663 1235 696 sole
1257 676 1346 708 opus
1365 664 1441 697 est?
1456 664 1530 709 ipse

850 716 964 749 Caesar
982 716 1048 748 sibi
1067 715 1126 748 Sol
1143 716 1230 755 erit,
1251 716 1442 762 gloriaeque
1461 730 1531 750 suae

851 768 986 813 fulgore
1018 768 1180 801 lustrabit
1207 769 1350 810 caelum,
1376 770 1430 802 vel
1458 782 1530 802 ina-

850 829 955 854 nente
975 822 1087 854 noctis
1107 821 1206 854 facie.

908 887 964 907 ια.
984 874 1059 906 Νοη
1081 874 1192 906 deerit.
1216 874 1404 907 Conclusio
1426 875 1527 919 plena

849 925 1068 960 adulationis.
1085 926 1315 972 Ubicumque
1332 927 1463 965 Caesar,
1482 927 1528 959 ihi

849 979 942 1021 dies;
963 992 1043 1013 nam
1067 979 1181 1013 Caesar
1202 988 1322 1013 noster
1342 979 1401 1012 Sol
1423 989 1485 1013 est.

716 1132 929 1188 XXII.

617 1283 671 1312 IN
723 1283 1039 1313 GALLICUM.

183 1405 373 1446 INviTAs
402 1402 455 1445 ad
487 1418 668 1462 aprum3
695 1402 819 1461 ponis
846 1400 974 1450 inihi,
1001 1399 1191 1455 Gallice,
1223 1415 1418 1460 porcum.

254 1472 449 1533 Hybrida
480 1489 575 1516 suin
592 1508 603 1526 ,
633 1473 667 1516 si
691 1472 768 1516 das
783 1507 794 1528 ,
815 1470 1007 1523 Gallice,
1029 1470 1164 1514 rerba
1190 1470 1306 1513 mihi.

170 1618 186 1638 2
195 1632 202 1638 .
215 1606 376 1650 Hybrida.
388 1603 649 1650 Quodcumque
661 1604 790 1638 animal

114 1666 165 1691 est
194 1670 236 1691 ex
265 1659 338 1692 fero
366 1666 400 1691 et
427 1666 609 1691 mansueto
637 1666 790 1690 natum:

115 1711 323 1745 transfertur
346 1711 451 1744 etiam
477 1709 520 1743 ad
547 1723 605 1744 eos
629 1710 793 1743 homines

115 1764 177 1810 qui
189 1777 229 1798 ex
242 1763 381 1798 diversa
393 1762 598 1798 conditione
614 1763 792 1809 procreati

114 1825 214 1857 sunt,
234 1825 273 1851 ut
292 1818 320 1851 si
339 1817 416 1863 quis
439 1829 481 1850 ex
498 1825 609 1850 matre
622 1816 733 1849 libera
756 1824 792 1849 et

114 1878 213 1915 patre
231 1883 331 1904 servo
344 1897 352 1912 ‚
371 1870 429 1903 vel
449 1882 490 1904 ex
508 1879 608 1916 patre
628 1870 791 1902 Romano

115 1931 150 1956 et
169 1931 279 1957 matre
301 1923 485 1969 peregrina
506 1931 608 1957 natus
630 1922 686 1955 sit.
698 1921 792 1955 Vide

113 1976 175 2010 lib.
192 1976 265 2017 VI,
289 1977 398 2022 epigr.
424 1988 540 2010 xxx1x.
564 1976 690 2010 Sensus
711 1983 762 2008 est
782 1987 790 2008 τ

113 2027 253 2062 Medius
280 2042 362 2075 ergo
389 2042 452 2074 ego
481 2042 605 2075 aprum
636 2029 727 2062 inter
755 2036 791 2061 et

114 2094 234 2125 suem;
252 2083 427 2128 particeps
452 2095 516 2128 ego
540 2082 616 2127 apri
646 2089 680 2114 et
701 2080 790 2121 suis,

114 2135 190 2181 apri
213 2147 320 2181 quem
343 2136 499 2181 speravi,
519 2135 590 2169 suis
611 2146 716 2180 quem
739 2142 790 2167 te·

851 1616 918 1636 neo
940 1615 947 1635 :
973 1614 1056 1648 ergo
1077 1601 1252 1648 hybrida!
1280 1603 1440 1635 Vocibus
1475 1603 1531 1635 hic

851 1655 1098 1689 abutitur.Alii
1110 1655 1159 1689 sic
1169 1655 1376 1700 expediunt:
1387 1656 1437 1688 Re
1450 1668 1530 1688 vera

851 1721 914 1754 ego
926 1721 1034 1742 essem
1046 1707 1211 1753 hybrida,
1220 1708 1287 1741 nisi
1297 1708 1529 1753 intelligerem

851 1762 927 1795 loco
938 1762 1014 1807 apri
1025 1761 1113 1794 mihi
1124 1761 1326 1806 appositum
1338 1761 1444 1794 fuisse
1453 1774 1533 1806 por·

851 1827 930 1848 cum
951 1826 958 1847 ε
978 1814 1109 1847 etenim
1143 1813 1295 1859 hybrida
1321 1814 1532 1860 participans

851 1876 1012 1902 naturam
1028 1867 1210 1912 utriusque
1227 1867 1386 1900 animalis
1402 1866 1531 1900 diversi

850 1921 909 1954 vix
924 1933 1036 1953 unum
1056 1921 1098 1953 ab
1116 1921 1226 1953 altero
1244 1919 1448 1965 distinguat.
1462 1921 1530 1953 En.

851 1995 903 2000 -—
918 1973 987 2006 Alii
1009 1986 1075 2019 pro
1100 1982 1242 2018 recepta
1265 1973 1418 2006 lectione
1442 1985 1531 2018 prae-

850 2027 968 2060 ferunt
987 2026 1124 2071 hybrida
1142 2029 1199 2058 sim
1211 2053 1219 2066 ‚
1242 2028 1270 2058 si
1287 2026 1365 2064 das;
1386 2034 1420 2058 at
1445 2024 1530 2071 quid

850 2079 957 2113 Attici
968 2079 1026 2112 hic
1037 2079 1115 2112 salis
1124 2079 1249 2112 habeat
1262 2091 1326 2124 pro
1338 2078 1529 2111 indicativo

851 2133 1110 2178 subjunctivus,
1124 2145 1249 2177 parum
1265 2131 1446 2176 adsequor.
1461 2131 1527 2163 En.

692 2268 949 2323 XXIII.

588 2419 658 2448 AD
708 2397 1058 2447 ΒυεΤιουΜ.’ι

186 2541 297 2584 Essa
323 2540 399 2582 tibi
426 2539 574 2582 videor
601 2553 763 2591 saevus,
789 2536 1059 2594 nimiumque
1081 2532 1279 2594 gulosus,

167 2668 181 2681 ¹
198 2672 237 2705 ln
257 2671 322 2705 hoc
342 2672 585 2718 epigrammate
608 2668 805 2703 exhibendo
829 2668 925 2701 nullo
944 2665 1050 2701 modo
1068 2667 1200 2700 vai-iant
1219 2666 1441 2712 exemplaria.

1218 2741 1307 2781 ‘20'
