1978 3305
357 179 944 223 EPIGRAMMATUM
982 181 1108 223 LIB.
1150 182 1234 223 XI.

1408 178 1506 226 635

237 268 324 324 Qui
351 284 439 311 non
464 268 678 328 Erigones
706 265 853 316 mallet
876 267 1038 310 habere
1064 283 1214 312 canem
1237 302 1248 321 ‚

166 340 259 383 Nec
284 340 383 399 qui,
408 339 574 382 Dictaea
601 336 844 399 Cephalum
872 337 925 381 de
948 347 1076 398 gente
1101 347 1297 392 secutus,

238 409 451 453 Luciferae
478 410 640 470 pariter
665 410 785 452 venit
807 408 861 452 ad
888 417 1003 452 astra
1030 410 1146 453 Deae.

167 480 268 522 Non
297 496 366 523 me
390 478 520 539 longa
544 479 661 532 dies,
687 495 766 522 nec
798 478 959 523 inutilis
988 478 1169 522 abstulit
1200 488 1329 534 aetas,

238 549 394 607 Qualia
419 549 626 593 Dulichio
653 549 740 592 fata
765 549 886 592 fuere
909 551 1018 592 cani.

168 619 392 663 Fulmineo
417 620 658 680 spumantis
681 620 774 679 apri
797 635 892 663 sum
918 619 1048 663 dente
1073 629 1299 680 perempta
1318 655 1328 671 ‚

239 734 365 795 ὅστις
393 742 438 787 ἂν
470 748 513 788 οὐ
540 745 616 804 πρὸ
643 735 747 804 ἐμεῖ’
775 743 850 787 εἷλε
880 746 948 788 Ᾱ’τὸν
977 735 1192 805 Ἠριγόνης·

169 811 273 859 Οὐδ’
304 815 344 866 ὃς
371 816 451 859 ἀπὸ
481 822 634 875 σκιερῆς
660 814 808 864 Δίκτης
831 815 896 858 ἐπὶ
921 818 1130 874 φωσφόρον
1157 806 1229 858 Ηῶ

238 877 470 946 Εσπόμενος
497 886 673 944 Κεφάλῳ
697 887 860 946 οὐρανὸν
885 882 1082 932 εἰσανέέη.

171 959 231 1000 Οὐ
260 957 409 1017 μακρός
436 974 483 1017 με
515 956 623 1010 βίος,
654 956 721 999 καὶ
747 957 910 1017 ἀχρτῖϊος
938 957 980 999 ἕσ

984 953 1094 999 ‘Sao-ev
1123 956 1215 998 αἰὼν
1226 990 1237 1010 ,

241 1026 337 1078 Οἷος
363 1031 382 1070 ὁ
409 1029 568 1087 πότμος
592 1028 661 1087 ἔφυ
685 1026 905 1087 Δουλιχίοιο
931 1029 1059 1078 κυνός.

175 1091 356 1158 Ᾱφριόων
385 1103 543 1157 χλοῦνις
570 1106 717 1158 κρυερῷ
747 1099 788 1156 μ’
819 1093 1045 1156 ἐδάμασσεν
1074 1092 1236 1150 ὀδόντι,

159 1235 191 1271 4.
201 1231 373 1275 Erigones.
386 1230 467 1263 Fuit
484 1230 557 1262 haec
571 1229 642 1262 filia
662 1230 781 1269 Icarii,

105 1284 166 1329 qui
182 1296 302 1317 canem
321 1284 463 1316 Maeram
481 1295 599 1315 secum
617 1281 784 1323 duxerat,

103 1350 213 1383 quum
239 1336 390 1370 Atticam
422 1348 609 1382 peragrans
643 1335 785 1368 interfe-

104 1399 180 1423 ctus
200 1389 267 1423 fuit
284 1402 302 1423 a
317 1389 528 1435 pastoribus.
547 1388 702 1434 Erigone
722 1401 785 1421 au-

104 1452 196 1484 tem,
221 1454 305 1476 cane
324 1443 430 1475 Maera
450 1441 540 1475 duce
555 1467 563 1482 ‚
582 1442 713 1487 reperit
728 1454 784 1474 ca-

106 1495 212 1529 daver
243 1496 346 1528 Icarii
375 1495 526 1536 mortui,
556 1507 626 1540 quo
647 1495 722 1527 viso
750 1507 784 1527 se

105 1547 289 1595 suspendit
317 1548 450 1593 puella,
475 1556 509 1580 et
537 1547 643 1580 Maera
671 1548 784 1586 canis,

106 1614 167 1635 seu
189 1602 310 1634 Neaera
323 1627 332 1642 ‚
349 1609 388 1634 ut
407 1601 532 1633 volunt
549 1601 606 1633 alii
621 1627 630 1641 ,
653 1599 787 1634 deside-

105 1655 159 1688 rio
187 1653 414 1687 dominorum
444 1654 629 1687 contabuit
649 1680 657 1695 ,
687 1661 721 1687 et
747 1654 784 1686 in

107 1709 228 1741 caelum
243 1707 423 1748 translata,
437 1707 531 1740 canis
547 1707 689 1740 caelestis
703 1706 789 1740 dici-

108 1769 185 1794 tur:
199 1760 352 1806 Erigone
362 1772 446 1793 vero
458 1759 588 1805 Virgo,
600 1768 634 1793 et
645 1762 785 1793 Astraea.

107 1813 267 1847 Raderus
286 1826 327 1846 ex
343 1813 498 1858 Hygino.

165 1867 197 1900 5.
217 1867 285 1899 Nec
305 1869 359 1911 qui
372 1893 379 1905 ‚
403 1867 542 1899 Dictaea.
559 1866 600 1898 Iu
612 1866 714 1899 Creta
731 1878 787 1899 ca-

109 1932 171 1953 nes
205 1919 334 1964 egregii
354 1931 361 1952 :
384 1918 453 1952 hoc
488 1927 538 1952 est
553 1944 562 1959 ‚
596 1930 662 1951 nec
693 1919 787 1952 canis

109 1973 244 2018 Laelaps
257 1997 267 2013 ‚
285 1984 392 2018 quem
411 1971 536 2005 marito
551 1984 615 2004 suo
629 1972 787 2017 Cephalo

109 2025 256 2061 dederat
278 2025 416 2059 Procris
436 2051 444 2065 ‚
467 2037 619 2070 quorum
642 2025 788 2059 historia

110 2079 191 2112 satis
221 2086 303 2112 nota
325 2104 335 2120 ‚
365 2076 512 2111 domino
544 2078 657 2111 carior
690 2079 758 2111 fuit
778 2093 786 2118 ;

109 2144 203 2165 nunc
213 2131 272 2165 ille
281 2131 319 2164 in
330 2131 451 2164 caelum
464 2131 650 2165 translatus
660 2157 668 2172 ‚
678 2131 788 2165 Sirius

111 2183 238 2223 ardor,
264 2193 299 2217 et
320 2185 489 2218 Canicula
508 2182 658 2224 dicitur,
677 2185 789 2217 stella-

110 2251 190 2272 rum
220 2237 474 2281 fulgentissima
490 2261 500 2277 ‚
531 2245 637 2282 atque
666 2237 788 2270 infesta

111 2290 276 2324 humanis
292 2290 515 2335 corporibus.
535 2289 591 2322 Sic
609 2289 703 2323 idem
720 2291 788 2323 Ra-

113 2343 216 2377 derus
233 2356 273 2376 ex
293 2342 416 2377 eodem
438 2342 592 2388 Hygino.

166 2398 199 2429 6.
220 2397 376 2439 Luciserae
394 2398 539 2441 pariter,
565 2404 630 2429 etc.
648 2395 704 2429 Ad
721 2397 790 2429 Lu*-

114 2462 217 2488 nam,‘
247 2462 306 2483 seu
328 2449 474 2482 Dianam
493 2448 703 2494 gaudentem
729 2462 788 2482 ve-

113 2503 256 2536 natione
275 2510 307 2535 et
331 2503 485 2536 canibus.
498 2502 563 2535 Vel
584 2501 680 2548 quod
699 2503 790 2536 inter

116 2564 204 2589 astra
218 2555 345 2588 relatus
359 2563 410 2589 est
421 2568 437 2588 a
448 2556 509 2588 Jox
518 2567 547 2587 e.
560 2576 609 2582 —
619 2556 788 2598 Lucifer-w.

116 2609 260 2641 Dianam
284 2620 340 2641 seu
363 2608 497 2641 Lunam
522 2608 693 2653 intellige,
714 2621 790 2653 quae

843 1229 1021 1263 venationi
1046 1229 1164 1263 dedita
1187 1229 1316 1275 gaudet
1341 1230 1496 1263 canibus.

899 1296 932 1328 7.
947 1284 1021 1315 Non
1032 1296 1078 1315 me
1091 1284 1186 1327 longa
1199 1283 1277 1316 dies.
1290 1283 1412 1329 Neque
1425 1294 1517 1316 eram

843 1348 974 1369 annosa
991 1344 1031 1368 ut
1048 1336 1106 1369 ille
1126 1337 1260 1382 Ulyssis
1277 1337 1371 1370 canis
1387 1336 1499 1381 Argus
1511 1361 1520 1375 ‚

843 1389 902 1434 qui
933 1401 1111 1422 reversum
1143 1397 1221 1434 post
1253 1389 1378 1434 viginti
1412 1401 1522 1422 annos

844 1442 985 1487 agnovit
1015 1442 1153 1475 herum.
1185 1441 1312 1488 Odyss.
1334 1442 1461 1483 XVII,
1489 1449 1523 1475 et

844 1495 950 1528 Arist.
975 1495 1118 1533 lib.VI‚
1137 1495 1258 1529 histor.
1283 1496 1424 1528 animal.

900 1549 932 1581 8.
955 1549 1105 1581 Dulichio
1114 1549 1190 1590 fata
1202 1549 1295 1591 fuere
1312 1549 1392 1580 cani.
1411 1548 1522 1592 Argus

844 1601 938 1633 canis
948 1601 979 1633 U
987 1602 1083 1646 lyssis
1090 1602 1284 1635 celebratur
1291 1601 1447 1634 carmine
1454 1601 1525 1633 Ho-

845 1654 932 1687 meri
953 1653 1078 1699 Odyss.
1099 1654 1161 1688 lib.
1179 1655 1297 1687 XVII.
1318 1654 1524 1687 Dulichium

844 1707 955 1740 insula
997 1707 1114 1752 Ulyssi
1153 1706 1331 1753 quondam
1369 1708 1524 1751 subjecta

846 1773 925 1793 cum
945 1760 1066 1794 Ithaco
1086 1769 1217 1793 monte.
1239 1760 1294 1794 Sic
1310 1758 1467 1793 Raderus
1482 1772 1522 1792 ex

846 1813 938 1846 Mela
952 1822 984 1846 et
997 1814 1080 1846 aliis.
1096 1813 1250 1847 Dulichii
1265 1813 1387 1847 insulae
1401 1813 1523 1845 memi-

847 1866 899 1899 nit
928 1866 1053 1899 Strabo
1079 1867 1140 1900 lib.
1162 1868 1216 1909 X,
1241 1879 1346 1911 quam
1365 1865 1523 1898 eamdem

847 1932 926 1952 cum
957 1920 1184 1964 Cephallenia
1209 1919 1350 1965 quidam
1372 1918 1525 1952 affirma-

846 1981 929 2006 runt
941 1999 950 2013 ,
964 1972 1024 2005 sed
1042 1973 1130 2006 male
1141 1999 1149 2014 ,
1164 1982 1200 2006 ut
1214 1973 1320 2006 refert
1330 1971 1425 2005 idem
1435 1971 1527 2005 Stra-

847 2026 893 2058 bo
922 2039 961 2058 ex
985 2025 1165 2066 Homero,
1198 2027 1297 2071 cujus
1323 2025 1525 2058 testimonio

847 2078 1001 2112 ostendit
1019 2091 1133 2124 neque
1148 2079 1353 2112 Dulichium
1371 2090 1442 2111 esse
1459 2077 1524 2111 Ce-

846 2132 1081 2177 phalleniam,
1112 2144 1226 2177 neque
1259 2131 1303 2164 ad
1340 2131 1526 2176 Cephalle-

846 2185 941 2218 niam
964 2185 1160 2230 perdnere,
1182 2184 1279 2230 quod
1300 2183 1422 2217 Andro
1441 2184 1526 2218 scri-

847 2238 941 2283 psit:
964 2250 1072 2283 quum
1098 2238 1302 2271 Dulichium
1326 2237 1414 2283 Epei
1435 2237 1526 2271 obti-

847 2291 1012 2330 nuerint,
1036 2299 1144 2324 totam
1174 2291 1437 2337 Cephalleniam
1460 2292 1528 2325 Ce-

847 2343 1044 2389 phallenes;
1061 2344 1169 2389 hique
1189 2344 1308 2389 Ulyssi
1327 2343 1526 2389 paruerint,

846 2397 898 2430 illi
909 2397 1051 2441 Megeti.
1071 2396 1213 2430 Judicet
1227 2398 1349 2431 lector.

904 2464 936 2493 9.
956 2450 1136 2490 Fulmineo,
1156 2459 1222 2483 etc.
1245 2451 1311 2483 Hic
1329 2462 1451 2483 versus
1470 2462 1526 2483 ex·

849 2511 914 2536 stat
927 2516 1067 2549 quoque
1081 2503 1115 2536 in
1131 2503 1292 2549 Inscript.
1306 2503 1462 2536 Gruteri.
1474 2523 1525 2529 —

850 2579 900 2582 ⁷—
923 2557 1087 2590 Fulmineo
1122 2557 1213 2589 dente
1230 2585 1238 2597 ,
1269 2565 1332 2590 etc.
1373 2556 1525 2601 Oblique

849 2610 986 2642 ferienti
1010 2610 1063 2643 vel
1084 2610 1197 2643 urenti
1222 2610 1328 2644 instar
1351 2608 1523 2647 fulminis;
