1978 3305
476 211 567 264 144

841 211 902 253 M.
931 211 1071 254 VAL.
1110 211 1501 255 MARTIALIS

1105 360 1236 415 XL.

961 509 1033 538 AD
1080 489 1376 539 Limonum*

465 628 498 670 F
501 639 677 671 OEMINA
705 625 900 687 praeferri
925 627 1069 687 potuit
1096 626 1175 670 tibi
1198 625 1337 684 nulla,
1361 628 1544 688 Lycori3

535 695 733 740 Praeferri
755 695 952 757 Glycerae
976 696 1153 741 foemina
1180 696 1299 741 nulla
1323 707 1482 759 potest.

465 769 570 811 Haec
595 767 677 810 erit
696 767 804 824 hoc,
825 767 943 828 quod
967 777 1015 811 tu
1037 784 1046 811 :
1068 777 1116 812 tu
1138 785 1227 812 non
1249 777 1373 829 potes
1395 785 1487 813 esse
1502 804 1514 826 ‚
1536 768 1654 830 quod
1678 769 1770 815 haec
1793 779 1872 815 est.

534 839 754 899 Tempora
775 837 879 899 quid
903 835 1092 883 faciunt!
1115 838 1230 883 hanc
1252 837 1376 896 volo,
1402 849 1444 883 te
1467 838 1596 884 volui.

516 965 532 980 ⁴¹
552 970 613 1004 Ad
633 972 777 1017 Lycort'm
791 997 800 1010 ,
823 983 917 1003 anum
941 984 980 1004 ea:
997 971 1141 1013 formosa

466 1024 595 1057 lemma
615 1032 666 1058 est
686 1023 722 1057 in
741 1022 954 1056 Beverlandi
971 1023 1047 1056 MS.

517 1095 570 1102 —-
590 1077 748 1122 Glycerae
760 1076 948 1117 Martialis,
962 1088 1065 1121 quam
1083 1088 1143 1109 cu-

466 1129 542 1174 pit,
566 1129 770 1176 postponit,
788 1129 953 1175 Lycorim
980 1129 1043 1162 etsi
1070 1129 1144 1162 bel-

466 1182 654 1224 lissimam‚
677 1183 758 1229 quia
781 1182 855 1216 haec
877 1182 944 1228 ipsi
967 1180 1067 1215 dedit
1091 1181 1146 1215 sui

466 1236 604 1281 copiam
615 1262 624 1276 ‚
643 1244 677 1269 et
693 1237 764 1281 jam
782 1247 871 1269 anus
884 1236 982 1268 facta.
997 1235 1064 1268 En.

522 1301 552 1322 1.
580 1289 654 1322 Tibi
670 1289 759 1322 nulla
772 1315 780 1329 ,
803 1289 931 1334 Lycori.
953 1286 1141 1330 Quondam

466 1341 598 1386 juveni.

1257 982 1289 1003 2.
1314 969 1461 1016 Glycera:
1473 971 1607 1013 soemina
1620 997 1629 1012 ‚
1651 979 1718 1005 etc.
1739 972 1820 1005 Jam
1842 971 1878 1005 in

1202 1022 1289 1056 flore
1303 1023 1382 1068 ipso
1402 1023 1511 1057 aetatis
1533 1032 1567 1057 et
1585 1023 1716 1057 formae.
1733 1025 1800 1057 En.

1258 1076 1292 1109 3.
1310 1075 1377 1109 Sed
1395 1089 1457 1108 non
1477 1084 1568 1122 potes
1594 1089 1658 1109 esse
1683 1077 1719 1110 in
1742 1077 1879 1112 Beverl.

1203 1127 1278 1162 MS.
1300 1148 1353 1155 —-·
1375 1129 1460 1162 Hoec
1477 1132 1538 1162 erit
1556 1130 1624 1162 hoc.
1641 1129 1793 1175 Glycera
1814 1130 1882 1164 erit

1204 1193 1307 1223 auus,
1325 1189 1365 1216 ut
1385 1182 1551 1227 Lycoris,
1576 1182 1671 1216 vivat
1688 1181 1809 1217 modo.
1828 1204 1881 1209 --

1209 1235 1259 1267 Tu
1283 1247 1345 1267 non
1360 1242 1451 1279 potes
1465 1248 1529 1268 esse
1541 1262 1551 1276 ‚
1573 1243 1638 1269 etc·
1659 1235 1716 1269 Tu
1733 1235 1879 1281 Lycoris

1202 1300 1276 1321 non
1294 1296 1395 1333 potes
1415 1300 1487 1322 esse
1504 1288 1620 1335 puella
1635 1313 1644 1330 ,
1659 1296 1699 1322 ut
1715 1287 1878 1334 Glycera.

1260 1345 1294 1381 4.
1321 1341 1475 1386 Tempora
1493 1354 1553 1388 quo
1572 1341 1610 1375 in
1627 1340 1752 1376 eodem
1765 1341 1839 1375 MS.

1087 1476 1255 1534 XLI.

863 1629 917 1658 IN
956 1628 1184 1657 RAUCUM
1223 1608 1487 1658 pomum*

540 1750 635 1807 QUI
666 1749 818 1792 recitat
846 1746 944 1791 lana
970 1746 1117 1791 fauces
1142 1755 1186 1790 et
1206 1745 1318 1791 colla
1343 1747 1590 1803 revinctus,

610 1820 693 1864 Hic
718 1835 763 1863 se
785 1835 912 1880 posse
934 1817 1073 1878 loqui,
1096 1833 1222 1879 posse
1248 1827 1391 1862 tacere
1415 1827 1558 1879 negat.

524 1953 540 1967 *
556 1956 594 1989 In
613 1967 739 1987 raucum
758 1960 882 1998 poetam
903 1953 985 1985 colla
1004 1953 1078 1985 lana
1099 1960 1145 1985 te-

470 2016 593 2053 gentem
622 2007 825 2041 inscribitur
858 2006 894 2039 in
923 2004 1146 2051 quibusdam.

524 2062 663 2095 ——Ravi
674 2061 836 2094 laborans
843 2067 946 2105 poeta
957 2059 1127 2105 quispiam
1137 2083 1148 2099 ‚

473 2116 582 2149 focale
592 2113 635 2149 ad
644 2115 759 2148 fauces
768 2121 801 2146 et
808 2121 928 2159 guttur
939 2111 1149 2146 servandum

471 2168 672 2202 adhibebat.
685 2167 856 2201 Martialis
871 2164 1064 2199 absurdum
1077 2167 1150 2211 ejus

473 2223 602 2256 factum
622 2235 639 2255 a
658 2220 841 2254 contrariis
860 2227 894 2253 et
909 2218 1149 2264 pugnantibus

474 2285 582 2309 notat.
591 2276 659 2316 Tu,
668 2274 749 2320 quia
760 2274 874 2307 fauces
883 2272 1025 2318 obligas,
1036 2280 1151 2306 osten-

474 2328 527 2362 dis
550 2338 584 2362 10
606 2340 749 2362 raucum
772 2339 866 2367 esse,
883 2338 955 2359 11011
975 2336 1076 2371 posse
1097 2325 1149 2358 lo-

474 2383 561 2428 qui;
594 2381 687 2415 idem
716 2389 853 2421 tamen,
882 2391 993 2425 quum
1024 2390 1150 2412 raucus

476 2434 631 2469 ascendis
653 2443 686 2468 et
706 2434 850 2474 recitas,
872 2444 978 2478 negas
997 2439 1031 2465 te
1050 2444 1150 2477 posse

476 2497 599 2522 tacere.
621 2488 694 2521 Nec
716 2495 828 2521 tacere
845 2498 948 2532 ergo,
968 2497 1033 2519 nec
1054 2485 1151 2531 loqui

478 2542 579 2575 nosti.
595 2543 647 2574 De
663 2553 761 2573 more
782 2548 896 2573 autem
910 2540 1023 2573 fauces
1040 2538 1152 2572 fasciis

476 2603 535 2628 aut
576 2594 762 2627 velleribus
801 2593 909 2627 laneis
943 2591 1123 2638 obligandi
1141 2618 1150 2632 ,

476 2647 548 2682 vid.
576 2648 638 2681 lib.
671 2648 772 2686 XIV,
799 2647 1007 2692 epigramma
1030 2658 1150 2685 cx1.u3

1206 1953 1268 1986 lib.
1285 1953 1350 1995 IV,
1370 1953 1582 1998 epigramma
1603 1964 1676 1986 xm.
1691 1953 1771 1986 Aul.
1792 1953 1882 1987 Gen.

1207 2006 1266 2038 lib.
1291 2006 1308 2038 I
1329 2031 1338 2046 ‚
1359 2018 1435 2051 cap.
1460 2006 1504 2040 15
1518 2030 1527 2042 ‚
1549 2005 1594 2039 de
1611 2006 1709 2039 inani
1729 2006 1883 2052 loquaci-

1209 2067 1277 2092 tate
1300 2070 1308 2091 :
1329 2059 1619 2105 «Epicharmium
1636 2071 1778 2105 quoque
1795 2059 1884 2093 illud

1211 2124 1282 2145 non
1302 2112 1424 2146 inscite
1443 2124 1480 2145 se
1495 2111 1621 2146 habet:
1638 2113 1686 2145 Οὐ
1701 2114 1801 2157 λέγειν
1818 2109 1885 2147 δει-

1209 2166 1259 2204 νὸς
1272 2187 1282 2203 ,
1309 2164 1390 2198 ἀλλὰ
1417 2167 1510 2210 σιγᾷν
1539 2161 1712 2204 ἀδύνατος.
1739 2166 1791 2198 Ex
1812 2177 1884 2212 quo

1208 2218 1367 2264 profecto
1380 2226 1557 2264 sumptum
1575 2227 1646 2252 est:
1664 2218 1816 2264 quicum
1831 2219 1883 2253 lo-

1210 2271 1271 2317 qui
1285 2284 1355 2305 non
1371 2279 1487 2317 posset
1497 2297 1505 2311 ‚
1520 2279 1634 2305 tacere
1647 2284 1719 2305 non
1733 2279 1882 2317 poterat.

1268 2336 1298 2358 1.
1321 2325 1386 2369 Qui
1403 2328 1514 2357 recita!
1533 2325 1622 2358 laum
1631 2326 1744 2368 fauces
1759 2332 1790 2358 e!
1808 2333 1884 2358 tem·

1204 2391 1286 2423 pora
1309 2381 1432 2411 vinctus
1451 2377 1659 2411 Beverlandi
1683 2377 1760 2412 MS.
1771 2379 1885 2422 fauces

1210 2440 1241 2463 et
1251 2439 1387 2477 tempora
1398 2434 1506 2465 vincta
1515 2430 1626 2465 codex
1640 2430 1741 2465 Bodl.
1753 2439 1787 2465 et
1795 2431 1884 2465 alius

1212 2485 1327 2518 Oxon.
1349 2497 1403 2531 ap·
1427 2484 1574 2518 Farnab.

1267 2550 1300 2571 a.
1323 2539 1363 2571 In
1385 2537 1618 2584 quibusdam,
1644 2545 1730 2571 teste
1755 2538 1884 2571 Fax-ua·

1212 2591 1290 2633 bio,
1309 2604 1396 2624 nosse
1413 2600 1532 2630 eaccre5
1549 2590 1608 2625 sed
1626 2591 1662 2626 iu
1678 2589 1778 2625 Bodl.
1793 2591 1884 2625 aliis·

1211 2657 1280 2690 que
1291 2670 1300 2687 ,
1316 2658 1407 2690 posse·
1430 2653 1539 2677 tacere.
