1978 3305
493 257 590 301 290

865 241 925 282 M.
952 242 1093 284 VAI..
1131 241 1522 285 MARTIALIS

698 329 781 370 Tot
810 326 954 370 vultus
984 326 1061 370 sibi
1088 344 1176 370 non
1201 328 1303 371 satis
1332 329 1526 387 putavit;

698 397 966 458 Optavitque
992 396 1140 441 oculos
1164 397 1324 441 habere
1350 396 1519 458 plures;

702 469 756 510 Et
781 466 927 527 lingua
953 468 1114 528 pariter
1135 466 1342 528 loquutus
1367 469 1512 522 omni,
1879 490 1891 510 a

695 539 928 580 Terrarum
954 537 1131 581 domino
1154 539 1336 598 Deoque
1358 554 1501 581 rerum

699 608 903 651 Promisit
926 607 1087 668 Pyliam
1113 618 1266 669 quater
1287 618 1519 652 senectam.

699 677 867 733 A'ddas,
889 680 995 721 Jane
1020 688 1163 739 pater,
1185 687 1301 722 tuam
1327 693 1542 738 rogamus.

483 815 630 850 lentium
648 816 740 861 ripas
757 816 929 856 Danubii,
951 816 1048 849 aliter
1063 817 1155 850 Istri.

487 870 658 909 Victorem,
678 868 917 902 Domitianum
934 895 944 910 ,
965 877 1004 902 ut
1024 877 1129 915 patet.

538 927 570 956 3.
585 922 648 954 Tot
665 921 785 954 vultus.
802 922 928 955 Janum
950 921 1156 962 bifrontem,

485 975 560 1015 alii,
585 973 680 1020 quod
712 986 840 1007 annum
868 975 1023 1020 elapsum
1045 975 1154 1020 respi-

481 1028 568 1066 ciat,
592 1026 817 1072 incipientem
839 1039 921 1060 vero
943 1026 1152 1071 prospiciat3

480 1081 536 1113 ..tii
557 1079 834 1126 quadrifrontem
852 1078 991 1120 dixere,
1008 1087 1154 1125 propter

481 1141 633 1179 quatuor
649 1132 732 1166 anni
746 1140 981 1177 tempestates,
994 1140 1054 1166 aut
1067 1144 1152 1177 qua-

477 1194 558 1219 tuor
570 1186 890 1230 elenienta.—Leg.
902 1184 1008 1218 Ovid.
1020 1185 1111 1218 Fast.
1123 1186 1151 1218 I.

477 1240 572 1271 Serv.
594 1237 636 1271 ad
663 1236 801 1271 AEneid.
823 1237 884 1270 lib.
906 1238 999 1270 VIII
1017 1245 1052 1271 et
1068 1238 1150 1271 Fab.

478 1291 604 1324 Pictor.
627 1290 692 1323 Hic
713 1302 796 1323 vero
815 1289 1060 1336 quadrifrons:
1078 1303 1150 1324 non

476 1345 569 1377 enim
591 1343 689 1376 aliter
711 1343 790 1376 satis
810 1352 888 1389 apte
914 1351 948 1376 et
973 1351 1020 1376 tot
1039 1344 1150 1376 vultus

476 1392 524 1440 (v.
538 1395 586 1438 3),
598 1404 631 1430 et
641 1398 785 1441 promisit
801 1397 832 1429 P
828 1397 930 1442 fliam
947 1404 1057 1441 quater
1067 1409 1150 1429 sene-

476 1458 556 1481 ctam
577 1446 633 1488 (v.
653 1443 692 1494 7)
705 1474 715 1488 ,
737 1447 897 1482 adulator
918 1448 1147 1483 dixisset.ED.

529 1507 562 1542 23.
596 1503 786 1547 Optavitque
812 1502 927 1535 oculos.
949 1502 1011 1535 His
1034 1502 1149 1536 verbis

1217 817 1404 850 vehemens
1422 814 1568 849 videndi
1591 815 1734 849 Caesaris
1753 814 1891 849 deside-

1216 869 1308 902 rium
1329 869 1492 915 exprimit
1506 869 1622 902 Poeta.

1269 935 1305 967 7.
1326 923 1455 967 Pyliam
1466 930 1562 967 pater·
1581 929 1744 955 senectam.
1764 922 1890 955 Rever-

1215 974 1310 1008 landi
1331 975 1408 1008 MS.
1434 994 1487 1001 —--
1508 975 1635 1021 Pyliam
1656 982 1820 1007 senectam.
1840 976 1890 1007 De

1215 1035 1313 1060 aetate
1333 1027 1489 1060 Nestoris
1506 1027 1638 1072 egimus
1655 1039 1773 1072 supra.
1785 1026 1887 1061 Ovid.

1213 1080 1324 1125 Epist.
1345 1080 1380 1120 I,
1396 1092 1446 1112 vs.
1465 1080 1510 1113 63
1526 1091 1533 1112 ε
1549 1080 1639 1113 «Nos
1655 1080 1765 1124 Pylon
1779 1105 1789 1120 ,
1802 1080 1892 1113 antit-

1213 1133 1272 1178 qui
1285 1132 1404 1165 Neleia
1417 1132 1573 1165 Nestoris
1586 1144 1678 1173 arva,
1691 1132 1861 1166 Misimus.
1871 1150 1885 1162 ‚-

1267 1187 1301 1219 8.
1319 1183 1436 1219 Addas
1464 1185 1547 1217 June
1581 1193 1665 1217 tuum
1685 1193 1779 1230 pater
1805 1184 1888 1218 Ald.

1212 1238 1309 1271 Junt.
1335 1238 1452 1271 Colin.
1478 1237 1617 1283 Gryph.
1642 1238 1750 1283 Lang.
1773 1238 1887 1271 Plant.

1211 1291 1353 1324 Junian.
1382 1290 1508 1336 Delph.
1527 1299 1562 1323 et
1579 1291 1662 1324 aliae.
1684 1291 1888 1324 Lectionem

1209 1352 1364 1377 nostram
1388 1343 1528 1377 exhibet
1548 1342 1661 1376 codex
1685 1343 1885 1376 Pulmanni.

1209 1418 1261 1423 ——-
1283 1397 1399 1430 Addas
1422 1405 1518 1430 tuam.
1544 1396 1746 1429 Immortnle
1778 1408 1887 1429 aevum

1209 1462 1353 1495 nempe;
1379 1450 1492 1482 Janus
1517 1449 1611 1483 euim
1639 1456 1760 1494 utpote
1791 1449 1889 1482 Deus

1210 1503 1414 1536 immortalis
1434 1511 1494 1535 est.

1125 1644 1241 1701 III.

1003 1801 1069 1828 An
1109 1800 1321 1829 MUSAM.
1344 1780 1361 1797 '⁴‘

545 1933 767 1986 QUINQUE
790 1927 890 1970 satis
913 1925 1105 1975 fuci-ann
1130 1941 1230 1969 nam
1254 1942 1352 1978 sex,
1374 1934 1597 1986 septemve
1619 1924 1770 1976 libelli,

615 2001 691 2042 Est
712 1998 892 2040 nimium
914 2013 921 2038 τ
944 1995 1046 2056 quid
1072 1995 1214 2040 adhuc
1237 1995 1405 2047 ludere,
1428 1997 1578 2049 Musa,
1596 1995 1746 2055 juvat?

530 2139 542 2150 ““
569 2138 628 2171 Ad
655 2137 792 2170 Musam.
826 2134 1026 2168 Inscribunt
1059 2134 1117 2166 alii
1140 2145 1148 2165 t

479 2194 528 2225 De
554 2204 610 2224 suo
633 2192 890 2235 epigrammatum
918 2186 1147 2219 scribendorum

474 2245 587 2278 studio.

527 2319 578 2325 -—
606 2294 833 2341 Colloquium
867 2305 937 2338 quo
974 2305 1010 2326 se
1049 2292 1148 2337 fingit

474 2360 551 2396 post
568 2357 697 2395 septem
712 2348 821 2393 epigr.
839 2346 949 2380 libros
963 2346 1147 2379 timentem

474 2418 511 2436 ne
539 2404 616 2450 qiud
639 2404 750 2440 nimis,
780 2408 814 2433 et
841 2399 1015 2432 missionis
1047 2399 1146 2444 cupi-

473 2455 573 2495 dum,
585 2469 601 2488 a
615 2466 708 2488 musa
724 2453 861 2486 incitari
878 2451 920 2485 ad
936 2464 1146 2498 prosequen-

471 2509 556 2543 dum
573 2507 739 2541 studium.
751 2506 817 2539 En.

529 2574 556 2594 1.
577 2563 722 2605 Quinque
746 2562 824 2592 salis
840 2561 972 2602 jicerut,·
999 2571 1069 2590 uam
1091 2571 1144 2590 sea·

467 2623 615 2660 septemve
648 2613 758 2645 libellis
794 2613 855 2644 Est
896 2614 1022 2644 nimium
1060 2612 1140 2643 Ant.

464 2669 503 2699 de
535 2668 616 2701 Ram
650 2665 858 2712 proposuit:
882 2665 944 2697 hae
979 2673 1141 2698 constru-

1209 2134 1346 2166 ctione:
1367 2133 1453 2166 Satis
1476 2134 1588 2166 suerat
1609 2127 1764 2175 (ludere)
1781 2133 1881 2178 quin-

1208 2186 1429 2232 quelibellis;
1445 2199 1523 2219 nam
1540 2186 1686 2218 nimium
1699 2194 1749 2219 est
1763 2185 1884 2219 ludere

1207 2252 1265 2272 sex
1279 2247 1465 2285 septemve.
1486 2240 1633 2285 Quinque
1648 2241 1725 2271 satis
1733 2239 1878 2281 suet-unt.

1206 2293 1261 2324 vel
1278 2305 1332 2325 sur
1358 2301 1531 2338 septemque
1557 2292 1654 2324 libelli
1673 2292 1771 2325 Junt.
1800 2294 1879 2325 antu

1213 2357 1225 2378 Χ
1237 2346 1255 2379 5
1268 2357 1278 2378 1
1290 2359 1321 2378 ιι.
1348 2346 1492 2391 Quinque
1507 2347 1584 2377 satis
1595 2347 1740 2387 sueram,
1761 2346 1815 2378 ‘vel
1828 2359 1874 2377 scu

1205 2407 1377 2445 septemque
1396 2399 1492 2431 libelli
1503 2396 1583 2431 Ald.
1607 2398 1723 2431 Colin.
1743 2397 1878 2443 Grypli.

1206 2452 1312 2497 Lang.
1359 2452 1545 2484 Pulmann.
1584 2451 1697 2484 Plant.
1735 2450 1878 2484 Junian.

1205 2505 1349 2550 ali-‘eque
1370 2513 1452 2538 vett.
1469 2502 1584 2538 Codd.
1599 2503 1736 2537 Thuan.
1755 2511 1787 2536 et
1799 2504 1879 2536 Vnt.

1205 2558 1346 2592 firmant
1365 2566 1515 2591 nostram
1534 2557 1730 2590 lectionem.

1261 2624 1293 2644 a.
1314 2612 1361 2643 Et
1382 2613 1508 2643 nimium
1531 2608 1611 2643 edd.
1632 2617 1715 2642 vett.
1742 2608 1802 2641 Es!
1829 2611 1878 2640 ηἰ-

1203 2666 1294 2697 rm'um
1308 2663 1438 2697 habent
1459 2661 1560 2697 codd.
1579 2661 1764 2695 Pulmauni
1778 2685 1788 2701 ‚
1810 2661 1877 2693 Va-
