1978 3305
308 213 893 258 EPIGRAMMATUM
930 213 1056 255 LIB.
1081 213 1200 255 VII.

1361 229 1450 274 271

127 300 307 345 Casibus
332 301 401 344 hic
425 299 576 356 nullis,
604 298 731 343 nullis
761 298 954 343 delebilis
980 299 1103 342 annis

195 372 349 425 Vivet,
377 369 602 431 Apelleum
628 387 763 430 quum
788 370 999 413 morietur
1021 385 1143 430 opus.

109 514 143 545 7.
161 501 238 535 Hic.
252 502 293 534 In
310 501 395 535 meis
408 502 642 543 carminibus,
661 503 727 534 nul-

55 554 93 586 lis
107 554 229 586 casibus
243 554 397 587 obnoxia
413 556 478 588 erit
494 555 620 599 imago.

109 607 141 640 8.
154 607 246 639 Vivet
253 607 450 652 Appellaeum
459 608 558 640 Junt.
568 619 622 640 an.
631 618 644 639 1
653 607 725 639 512.

57 658 150 691 Vivet
176 660 375 704 Apollineum
396 659 505 693 codex
529 658 728 692 Pulmanni.

786 523 839 528 -
861 501 1035 546 Apelleum.
1063 500 1196 533 Vivent
1228 501 1296 534 mei
1322 514 1462 543 versus,

789 566 897 599 quum
922 565 1028 598 opera
1049 553 1179 599 Apellis
1193 554 1336 599 pictoris
1360 554 1461 587 nobi-

790 605 912 639 lissimi
933 606 1111 651 peribunt.
1135 607 1188 639 De
1217 619 1287 652 quo
1312 607 1463 648 Plinius,

790 658 879 691 Hist.
900 658 978 692 Nat.
1002 659 1062 691 lib.
1081 659 1234 698 XXXV,
1257 672 1330 704 cap.
1351 672 1407 693 10.

592 795 954 855 LXXXVq

526 954 595 982 AD
643 933 991 981 sABELLUM.*

123 1079 266 1135 QUOD
296 1095 385 1122 non
415 1079 573 1123 insulse
601 1078 754 1123 scribis
781 1078 1034 1122 tetrasticha
1053 1078 1250 1138 quaedam
1267 1114 1278 1133 ,

194 1149 396 1193 Disticha
421 1149 539 1210 quod
566 1148 677 1192 belle
702 1164 865 1208 pauca,
890 1147 1080 1203 Sabelle,
1111 1148 1236 1205 facis;

124 1219 301 1273 Laudo,
333 1236 413 1263 nec
443 1219 635 1262 admiror
659 1235 668 1261 ε
702 1217 825 1262 facile
855 1228 921 1261 est
947 1219 1259 1278 epigrammata
1285 1219 1394 1263 belle

193 1289 416 1345 Scribere3
440 1289 515 1333 sed
540 1289 700 1332 librum
727 1288 938 1342 seribere,
964 1288 1140 1333 difficile
1163 1299 1238 1333 est.

107 1425 122 1438 *
133 1427 248 1460 Facile
260 1439 331 1461 esse
340 1427 387 1460 ait
395 1453 404 1468 ,
415 1439 526 1460 unum
538 1426 730 1459 alterumve

53 1480 267 1526 epigramma
292 1479 518 1514 commodum
544 1478 697 1513 condere
718 1492 727 1520 3

53 1532 112 1565 sed
125 1533 257 1566 librum
267 1541 380 1566 totum
391 1559 400 1576 ,
410 1533 481 1566 hoc
493 1532 637 1566 difficile
645 1557 655 1574 ,
665 1544 729 1565 nec

52 1586 203 1630 cujusvis
216 1598 224 1619 :
245 1585 463 1619 desideratur
485 1586 522 1619 in
544 1593 641 1619 tanto
663 1597 725 1618 nu-

51 1650 151 1672 mero
165 1639 455 1684 epigrammatum
473 1651 596 1684 magna
610 1650 727 1671 rerum

51 1691 214 1733 varietas,
224 1700 259 1725 et
271 1700 322 1725 tot
335 1700 536 1738 argumenta
549 1699 636 1737 quot
647 1699 729 1724 sunt

52 1744 317 1789 epigrammata3
337 1757 402 1779 nec
427 1745 575 1790 quilibet
602 1753 705 1790 aptus
716 1769 725 1782 ,

788 1437 852 1458 nec
869 1425 965 1470 quod
985 1425 1146 1460 faciendo
1160 1427 1244 1460 libet
1260 1429 1460 1473 epigramm.

843 1477 876 1511 3.
898 1479 1123 1523 Epigramma,
1141 1480 1279 1521 Sabelle,
1298 1493 1363 1527 pro
1382 1483 1462 1527 Epi-

786 1539 966 1576 grammata
999 1532 1097 1572 belle,
1129 1532 1320 1567 Scriverius
1342 1535 1460 1579 legen-

789 1584 873 1619 dum
893 1593 1004 1629 putat.

842 1642 875 1678 4.
890 1637 957 1670 Sed
966 1637 1089 1671 librum.
1102 1638 1143 1670 In
1160 1651 1230 1684 quo
1244 1651 1370 1685 nempe
1382 1652 1463 1673 con·

787 1689 938 1723 ficiendo
960 1703 1081 1736 magna
1103 1704 1221 1724 rerum
1241 1692 1404 1727 varietate
1428 1701 1462 1726 et

787 1743 883 1789 largo
901 1743 1032 1788 ingenii
1052 1745 1148 1778 fonte
1165 1757 1256 1789 opus
1275 1753 1335 1778 est.

575 1884 937 1941 LXXXVL

563 2041 620 2068 IN
669 2019 953 2069 smmum*

260 2168 330 2210 An
356 2164 570 2209 natalitias
592 2165 725 2225 dapes
747 2164 961 2219 vocabar,

261 2238 413 2280 Essem
443 2252 577 2296 quum
607 2235 706 2291 tibi,
733 2236 886 2291 Sexte,
911 2251 1001 2278 non
1027 2235 1204 2278 amicus.

106 2357 189 2395 *Ait
203 2361 344 2395 Sextum
359 2373 504 2394 munera
517 2360 637 2393 venari
653 2360 725 2393 suis

51 2415 177 2455 coeni53
195 2426 340 2459 eamque
361 2413 407 2446 ob
427 2426 563 2447 causam
587 2425 622 2446 se
640 2425 726 2458 prae-

51 2469 192 2501 teritum
201 2492 211 2508 ,
224 2465 320 2513 quod
334 2465 422 2499 nihil
435 2465 595 2499 donasset
607 2465 724 2506 Sexto,

52 2521 88 2554 in
106 2521 215 2566 ipsius
232 2519 347 2553 natali.

110 2586 141 2607 1.
163 2573 224 2606 Ad
245 2572 420 2605 natalitias.
448 2571 605 2604 Natalem
631 2568 724 2603 diem

52 2625 190 2659 solenni
210 2624 373 2658 convivio
394 2624 616 2657 celebrabant
633 2622 724 2657 anti-

784 2359 863 2405 qui;
884 2358 927 2392 ad
948 2358 1044 2403 quod
1065 2359 1130 2392 iste
1151 2358 1274 2392 Sextus
1292 2360 1459 2396 invitabat

783 2412 919 2457 ignotos
933 2437 942 2452 ‚
967 2424 983 2443 a
1010 2411 1137 2456 qulbus
1154 2413 1299 2457 gratiam
1318 2426 1383 2459 pro
1398 2415 1459 2448 ho·

783 2464 879 2497 noris
904 2471 938 2496 et
965 2464 1124 2498 amicitiae
1152 2465 1335 2499 testatione
1369 2469 1457 2501 rela-

784 2517 870 2550 turis
889 2528 1039 2549 munera
1059 2517 1238 2563 acciperet.

839 2583 870 2602 2.
885 2569 961 2602 Non
975 2572 1103 2603 amicus.
1118 2569 1190 2603 Soli
1209 2571 1309 2604 amici
1331 2580 1364 2606 et
1379 2574 1457 2619 qui-

785 2621 865 2655 dem
881 2622 997 2655 intimi
1017 2621 1059 2656 ad
1073 2623 1192 2668 epulas
1210 2625 1437 2659 vocabantur.
