1978 3305
339 237 919 280 EptGRAMMATUM
957 237 1084 279 LIB.
1113 235 1261 277 VIII.

1404 233 1499 293 293

237 322 396 367 Pollice
424 323 478 367 de
505 322 625 383 Pylio
651 324 752 367 trita
777 322 979 366 columba
1002 322 1119 365 nitet.

170 395 257 437 Hic
273 393 462 454 scyphus
488 403 575 449 est,
598 394 640 436 in
662 410 748 454 quo
771 394 939 437 misceri
960 393 1085 453 jussit
1109 393 1255 434 amicis

237 464 419 524 Largius
446 464 640 507 AEacides
664 463 937 523 vividiusque
965 479 1145 506 merum.

169 535 260 577 Hac
287 534 536 594 propinavit
564 535 697 594 Bytiae
725 533 1017 594 pulcherrima
1045 531 1161 576 Dido

238 606 288 647 In
317 613 489 664 patera,
515 604 703 664 Phrygio
729 619 862 664 quum
890 603 988 646 data
1016 618 1140 646 coena
1170 603 1263 644 viro
1293 611 1368 645 est.

168 676 351 718 Miratus
382 674 512 717 fueris
541 690 676 734 quum
698 675 840 734 prisca
865 681 1109 716 toreumata
1140 670 1349 724 multum,

236 746 287 787 In
317 744 477 787 Priami
507 744 673 804 cyathis
695 745 957 803 Astyanacta
984 742 1116 785 bibes.

94 883 234 923 culum,
258 881 353 928 quod
374 882 479 916 habet
501 881 592 915 duos
618 881 745 915 fundos
759 907 766 917 ‚

73 976 77 978 .
96 935 207 981 pluris
230 934 472 968 aestimandum
492 943 638 981 propter
653 947 770 968 senem

95 988 277 1021 Nestorem
291 1014 300 1029 ‚
323 987 366 1021 ad
383 1000 489 1033 quem
507 987 692 1033 pertinuit.
715 988 769 1020 Ab

96 1041 252 1074 Homero
263 1040 363 1073 Iliad.
380 1047 420 1081 A,
432 1040 654 1081 describitur,
667 1048 770 1085 atque

96 1093 138 1126 ab
149 1093 332 1127 Eustathio
344 1094 420 1126 fuse
436 1093 641 1139 explicatur.
655 1093 770 1126 Variae

97 1145 272 1190 prodeunt
293 1146 611 1179 Grammaticorum
632 1146 769 1191 opinio-

96 1210 169 1240 nes,
182 1211 317 1244 opusne
328 1199 433 1232 fuerit
442 1212 552 1232 unum
563 1225 571 1238 ,
586 1211 628 1232 an
640 1198 769 1244 gemini

96 1259 246 1285 crateres
257 1277 266 1294 ,
282 1252 438 1297 alterque
457 1252 557 1285 alteri
576 1252 770 1297 impositus.

96 1303 138 1336 Id
155 1316 262 1349 genus
273 1299 506 1349 Ᾰμφικὺπεὶᾶα
517 1313 662 1338 vocatur
677 1304 771 1337 Grae-

96 1356 156 1390 cis.
167 1357 356 1390 Turnebus
369 1358 429 1390 lib.
448 1358 574 1390 XXIII
586 1383 595 1397 ‚
612 1370 687 1403 cap.
711 1357 769 1390 23.

95 1409 306 1455 Hesychius,
326 1411 572 1455 άμᾳικύπελλῡν,
591 1408 694 1451 dicit,
711 1424 772 1443 πε-

97 1462 213 1508 ριφερὲς
234 1463 398 1508 ποτήριον,
422 1463 490 1496 hoc
512 1472 583 1503 est,
604 1464 770 1496 rotundum

92 1516 250 1559 poculum.
266 1516 454 1549 Athenaeus
465 1541 473 1556 ‚
489 1516 549 1549 lib.
562 1517 632 1557 XI,
646 1517 693 1550 ait
712 1529 772 1561 po-

95 1568 214 1601 culum
234 1568 321 1601 illud
340 1569 501 1602 habuisse
521 1568 608 1601 duos
631 1568 768 1602 fundos.

98 1621 241 1654 Consul.
259 1620 577 1655 animadversiones
595 1621 770 1656 Casaubo*

97 1673 135 1706 ni
150 1672 194 1706 ad
214 1685 287 1720 cap.
314 1686 355 1708 12
378 1674 458 1708 libri
477 1675 583 1708 citati.

155 1739 167 1759 1
176 1739 208 1759 o.
223 1726 377 1760 Columna
390 1730 467 1759 nicet
477 1725 685 1760 Beverlandi
695 1727 770 1760 MS.

97 1799 148 1806 —·
170 1780 259 1812 Trita
278 1780 431 1813 columba.
452 1780 529 1813 Hoc
557 1789 627 1821 est,
647 1780 772 1825 saepius

97 1839 279 1866 attrectata
301 1833 463 1866 columba
475 1859 483 1873 ,
501 1845 576 1878 quae
596 1833 771 1878 promine-

98 1885 156 1918 bat
179 1885 350 1931 insculpta
378 1886 414 1919 in
439 1886 499 1919 illo
523 1886 679 1931 poculo:
700 1898 771 1931 quo

97 1938 191 1970 enim
223 1939 330 1984 magis
357 1951 483 1972 aurum
510 1939 649 1977 teritur,
675 1947 771 1973 tanto

99 1990 205 2036 magis
223 1991 371 2025 nitescit.
383 1992 494 2025 —De
515 1992 610 2037 Pylio
628 1992 774 2025 Nestore

98 2045 220 2088 saepius
240 2042 385 2077 dictum.

157 2108 170 2129 1
183 2109 213 2130 1.
230 2097 330 2130 Jussit
345 2099 465 2131 amicis.
486 2097 604 2143 Ulyssi
615 2123 624 2137 ‚
646 2097 744 2142 Ajaci
761 2122 771 2136 ‚

101 2148 276 2191 phoenici,
295 2150 355 2196 qui
378 2150 421 2183 ab
439 2152 700 2196 Agamemnone
729 2149 773 2183 ad

100 2201 306 2246 placandum
333 2203 450 2249 ipsum
486 2203 657 2237 Achillem
679 2203 773 2236 missi

99 2254 246 2288 fuerant.
259 2254 342 2288 Vid.
362 2255 462 2289 Iliad.
482 2256 510 2289 I.

159 2319 169 2339 1
183 2319 215 2340 2.
227 2308 275 2340 Et
291 2308 370 2341 bibit
382 2312 446 2353 ipse
461 2321 575 2342 merum
592 2307 673 2342 edd.
688 2317 771 2342 vett.

102 2359 134 2392 E
137 2367 150 2390 t
176 2359 253 2392 bibit
286 2373 380 2405 usque
412 2374 525 2394 merum
554 2360 666 2395 codex
687 2361 772 2394 Pul·

100 2413 231 2445 manni.
250 2413 452 2447 Lectionem
475 2422 628 2447 nostram
645 2422 773 2447 testan-

101 2473 159 2498 uu·
185 2464 288 2499 codd.
307 2466 446 2500 Thuan.
479 2474 512 2499 et
543 2467 696 2500 Florem.

160 2530 172 2552 1
185 2517 343 2565 &Quian
361 2519 488 2564 Virgil.
510 2521 588 2552 .En.
604 2519 640 2559 Ι,
658 2519 774 2553 convi-

831 881 923 915 vium
945 880 1111 914 describit
1123 907 1131 922 ‚
1145 893 1215 926 quo
1232 882 1377 914 AEneam
1393 880 1506 924 Pbry-

829 935 925 978 gium
953 934 1087 979 excepit
1111 932 1204 966 Dido
1228 945 1235 966 ζ
1259 951 1272 963 ιι
1288 933 1380 965 Tum
1409 932 1506 966 Bitia:

832 986 930 1019 dedit
949 986 1181 1032 increpitans,
1195 1004 1207 1015 n
1227 994 1291 1019 etc.

887 1039 941 1073 15.
964 1041 1077 1072 Prisca
1106 1047 1289 1072 toreumata.
1317 1039 1403 1080 Quae
1426 1046 1504 1070 sunt

830 1105 933 1137 opera
962 1100 1066 1125 torno
1099 1092 1197 1126 facta.
1227 1091 1305 1124 Lib.
1339 1091 1404 1131 IV,
1432 1090 1505 1136 epi-

828 1157 976 1190 gramm.
997 1156 1119 1178 xxxlx.

887 1210 901 1231 1
911 1200 944 1232 6.
962 1198 1011 1230 Et
1026 1199 1149 1230 Priami
1161 1197 1293 1233 calathis
1306 1195 1410 1230 codd.
1427 1196 1490 1229 Flo

829 1259 916 1284 rent.
946 1259 980 1284 et
1013 1250 1211 1284 Pulmanni.
1233 1250 1301 1282 Alii
1329 1262 1392 1295 pro
1423 1249 1506 1281 bibes

829 1304 949 1349 legunt
976 1304 1066 1336 bibis.
1085 1302 1178 1336 Vide
1203 1304 1287 1335 Var.
1317 1304 1504 1336 Notas.—

830 1358 1031 1401 Αςζγαηαεια
1044 1356 1137 1390 bibes.
1151 1355 1192 1389 ld
1203 1364 1252 1388 est
1261 1364 1321 1396 ,ut
1339 1356 1436 1389 aiunt
1447 1356 1506 1387 In-

831 1418 1001 1454 terpretes
1017 1421 1024 1442 :
1038 1409 1177 1442 Novum
1188 1434 1196 1449 ,
1210 1408 1366 1441 hornum
1383 1408 1515 1440 vinum.

830 1461 1025 1495 bibendum
1043 1462 1199 1507 porriget
1227 1461 1358 1495 Euctus
1381 1462 1416 1493 in
1442 1474 1507 1506 po·

829 1515 916 1548 culis
937 1515 1187 1548 vetustissimis.
1207 1514 1317 1547 Notus
1335 1522 1385 1547 est
1402 1526 1504 1547 senex

829 1568 988 1602 Priamus
1000 1595 1009 1609 ,
1023 1569 1121 1613 cujus
1135 1580 1242 1613 nepos
1257 1567 1505 1612 fuitAstyanax

831 1621 991 1654 Hectoris
1006 1618 1337 1661 filius—Quidam
1356 1619 1398 1652 ad
1415 1619 1508 1652 hunc

830 1684 973 1707 versum
989 1672 1150 1720 impediti
1163 1673 1333 1713 haesitant,
1352 1685 1416 1705 nec
1435 1685 1505 1717 quo

830 1734 934 1771 pacto
944 1728 1117 1772 Astyanax
1127 1738 1193 1771 pro
1209 1738 1318 1758 novum
1333 1727 1437 1758 vinum
1450 1738 1507 1758 su·

832 1788 946 1813 matur
962 1780 1095 1825 assequi
1116 1779 1196 1812 satis
1212 1786 1357 1824 queunt.
1374 1779 1506 1811 Atme·

832 1832 998 1866 minerint
1008 1833 1086 1878 plus
1096 1831 1210 1864 inesse
1220 1830 1370 1864 audaciae
1382 1831 1423 1865 iis
1433 1843 1509 1876 quae

831 1897 895 1930 per
913 1886 1015 1919 trivia
1030 1894 1064 1919 et
1083 1885 1284 1930 angiportus
1301 1884 1511 1923 efferuntur.

832 1951 937 1984 quam
956 1938 1003 1971 iis,
1019 1938 1123 1972 etiam
1139 1950 1216 1983 quae
1233 1936 1510 1982 dithyrambicns

834 1990 1001 2025 effuderit
1012 1992 1116 2024 calor.
1129 1991 1354 2023 Meminerint
1371 2002 1511 2035 quoque

834 2044 1016 2079 consulum
1029 2069 1038 2085 ,
1058 2043 1278 2090 principum,
1306 2051 1370 2076 etc.
1394 2043 1511 2075 nomiu

834 2110 877 2132 na
915 2096 1025 2130 indita
1063 2096 1164 2130 vinis.
1199 2096 1255 2129 Sic
1282 2095 1511 2140 Opimianum

833 2150 954 2183 vinum
964 2175 972 2190 ,
987 2149 1213 2196 Opimianum
1227 2175 1236 2190 ,
1255 2157 1287 2183 et
1300 2161 1381 2181 mox
1395 2149 1510 2181 forsan

834 2203 1017 2248 Opimium
1049 2201 1224 2235 dicebant.
1253 2203 1350 2234 Inter
1389 2200 1510 2233 convi-

833 2257 929 2288 vium
939 2256 1058 2301 igitur,
1067 2255 1156 2288 nihil
1168 2262 1331 2299 crepante
1343 2253 1512 2286 Architri-

832 2309 925 2342 cliuo
939 2307 1036 2341 aliud
1051 2307 1118 2340 nisi
1128 2316 1242 2340 vetera
1254 2333 1262 2347 ‚
1279 2306 1450 2345 obsoleta,
1471 2306 1511 2339 iis

832 2361 1034 2406 prorumpit
1048 2361 1155 2393 Poeta
1169 2372 1176 2393 :
1197 2377 1209 2388 ι-
1224 2360 1307 2393 Esto
1320 2371 1405 2396 sane
1414 2367 1511 2392 vetus

833 2426 938 2459 quem
952 2412 1101 2458 porrigis
1114 2412 1279 2457 cyathum
1289 2437 1297 2451 ,
1315 2420 1386 2445 esto
1403 2412 1510 2444 immo

835 2466 973 2505 Nestor,
991 2463 1192 2498 Laomedon
1207 2491 1216 2505 ,
1236 2465 1440 2498 Priamus...
1455 2491 1462 2497 .
1480 2473 1513 2497 at

836 2519 955 2552 vinum
973 2518 1114 2552 hercule
1130 2527 1180 2552 est
1200 2518 1395 2564 ASt-vanax!
1415 2535 1425 2546 ιι
1444 2517 1510 2550 En.

1225 2747 1277 2780 l·()
