1978 3305
372 238 961 283 EPIGRAMMATUM
996 239 1120 283 LIB.
1147 241 1231 284 VI.

1407 247 1496 308 147

304 326 361 370 Et
383 326 560 370 flamma
585 327 703 370 tenui
729 325 871 370 calent
896 327 1082 388 Ophitae.
1472 352 1502 377 ‚5

304 397 432 440 Ritus
458 397 491 440 si
520 395 720 457 placeant
748 397 825 441 tibi
850 398 1099 453 Laconum,

306 468 548 510 Contentus
579 476 702 527 potes
731 467 852 511 arido
876 484 1061 528 vapore,

306 535 456 581 Cruda
478 537 658 598 Virgine
683 538 898 581 Martiave
918 539 1084 598 mergi3

306 607 416 663 Quae
439 616 526 650 tam
551 606 755 662 candida,
778 616 866 650 tam
890 623 1041 651 serena
1061 607 1194 665 lucet,

304 678 369 720 Ut
392 675 532 720 nullas
553 677 612 720 ibi
636 677 863 738 suspiceris
883 677 1046 732 undas,
1478 707 1510 724 20

304 748 362 790 Et
383 746 533 791 credas
555 763 739 791 vacuam
761 748 897 791 nitere
918 747 1117 809 Lygdon.

308 817 408 860 Non
432 816 642 873 attendis,
665 827 708 861 et
729 833 833 861 aure
858 835 927 862 me
947 818 1125 879 supina,

307 886 571 931 ,Iamdudum
596 889 718 948 quasi
742 887 1011 949 negligenter
1032 888 1167 932 audis.

308 955 460 1001 Illotus
487 959 704 1011 morieris,
727 959 942 1020 Oppiane.

100 1095 200 1129 chem
224 1102 340 1128 tamen
365 1094 402 1127 in
423 1094 478 1128 his
502 1094 646 1128 thermis
668 1095 775 1129 fuisse

99 1155 201 1193 negat
220 1146 388 1193 Papinius
409 1147 487 1180 loco
509 1160 614 1193 supra
639 1149 746 1181 citato
766 1160 774 1182 :

106 1218 120 1230 «
139 1200 263 1233 Moeret
287 1212 381 1245 onyx
406 1200 525 1244 longe,
548 1201 776 1247 queriturque

101 1253 259 1286 exclusus
280 1252 428 1299 ophites.
443 1270 456 1281 ι-
477 1274 529 1279 —-
548 1253 653 1286 Siccos
670 1262 776 1287 cestus.

102 1306 237 1351 Nempe
256 1305 384 1339 similes
403 1304 511 1339 radiis
532 1306 622 1339 solis.

162 1359 218 1392 15.
240 1359 388 1392 Flamma
408 1361 502 1391 tenui.
521 1359 663 1404 Vapore
688 1367 776 1393 tem-

103 1419 236 1457 perato.
247 1422 299 1438 —·-
313 1412 451 1456 Ophitae.
464 1411 622 1445 Marmor
632 1413 777 1446 maculis

104 1464 308 1498 distinctum
318 1464 427 1498 instar
439 1465 619 1511 serpentis.
630 1466 685 1498 Ab
698 1466 776 1511 ὄφις.

162 1521 219 1551 16.
236 1518 330 1550 Ritus
347 1519 375 1550 si
385 1518 547 1563 placeant,
565 1526 630 1552 etc.
646 1517 778 1552 Sudare

104 1570 192 1604 sicca
215 1570 318 1611 cella,
343 1569 467 1616 frigida
490 1571 626 1613 lavare,
653 1581 716 1605 etc.
740 1580 779 1604 ut

105 1622 252 1669 sq.Vide
265 1623 464 1657 Mercurial.
478 1624 539 1657 lib.
554 1625 571 1657 Ι
583 1649 592 1667 ,
612 1637 688 1670 cap.
711 1636 779 1665 1o;

106 1684 141 1709 et
160 1676 248 1709 Plin.
265 1676 327 1709 lib.
345 1676 402 1716 H,
423 1677 522 1722 epist.
541 1689 642 1720 xvn;
665 1685 699 1711 et
715 1677 778 1710 lib.

106 1730 176 1770 VI,
201 1729 300 1774 epist.
322 1741 354 1762 v.
380 1751 432 1756 --
453 1731 545 1763 Ritus
571 1732 598 1763 .ςί
619 1731 779 1776 placeant.

106 1782 202 1824 Quos
229 1782 377 1828 explicat
403 1783 477 1828 ipse
498 1791 602 1829 poeta
623 1784 782 1817 versibus

106 1835 333 1881 sequentibus
350 1847 358 1868 ε
375 1835 442 1869 hoc
462 1844 528 1874 est,
551 1836 579 1869 si
596 1836 710 1882 placet
723 1849 782 1870 su·

107 1887 191 1922 dare
200 1888 290 1922 sicca
301 1889 384 1922 cella
395 1914 404 1929 ,
419 1888 543 1934 frigida
556 1902 639 1922 vero
652 1890 781 1924 lavare.

108 1942 161 1974 De
184 1953 274 1986 aqua
304 1942 438 1986 Virgine
454 1969 463 1982 ,
494 1942 544 1975 sic
574 1941 667 1976 dicta
687 1941 782 1988 quod

108 1993 221 2027 fluens
240 1994 276 2027 in
298 1995 434 2028 Urbem
454 1993 646 2029 declinaret
666 2008 685 2029 a
706 1995 783 2029 rivo

108 2046 284 2087 Herculis,
299 2048 370 2092 jam
385 2047 517 2081 dictum
536 2048 597 2082 lib.
612 2049 659 2089 V,
672 2049 782 2094 epigr.

109 2112 171 2141 xx,
185 2099 229 2133 de
245 2112 312 2145 qua
331 2100 465 2134 Plinius
481 2100 542 2134 lib.
553 2102 693 2143 XXXI,
707 2098 783 2147 cap.

112 2153 132 2186 3
147 2178 156 2194 ,
183 2161 217 2186 et
239 2152 372 2187 ibidem
395 2152 438 2187 de
460 2166 548 2200 aqua
570 2155 716 2196 issiu-tia,
741 2156 783 2188 ab

111 2206 208 2240 Rnco
218 2206 346 2240 Martio
356 2220 434 2253 rege
443 2233 452 2248 ‚
467 2205 595 2241 deinde
605 2219 623 2241 a
634 2208 677 2250 Q.
689 2208 783 2241 Mar·

111 2258 161 2291 tio
186 2267 334 2304 praetore
350 2260 386 2292 in
406 2261 541 2294 Urbem
565 2260 699 2294 invecta
713 2287 722 2303 ‚
745 2269 785 2294 ut

113 2311 214 2344 aiunt
245 2312 463 2358 interpretes.
485 2312 569 2346 Vid.
602 2313 689 2347 Cels.
723 2314 784 2348 lib.

114 2365 170 2403 ΙΙ,
204 2377 236 2398 c.
262 2377 306 2410 17
321 2391 330 2407 ‚
350 2366 487 2399 vitruv.
512 2366 573 2400 lib.
596 2367 642 2407 V,
665 2380 692 2400 c.
723 2380 785 2409 103

114 2418 204 2451 Plin.
219 2418 318 2463 epist.
333 2419 387 2458 ΙΙ,
409 2431 470 2463 17,
487 2418 652 2461 etV1‚²5.

897 1097 954 1129 18.
974 1096 1132 1129 Martiam
1150 1095 1260 1131 codex
1277 1097 1511 1136 Florentinus.

836 1169 889 1175 -—-
913 1148 1034 1181 Cruda.
1058 1148 1216 1195 Frigida,
1236 1150 1362 1196 gelida.
1381 1153 1471 1188 Nam
1492 1168 1511 1189 a

835 1200 1018 1235 sudatione
1028 1227 1037 1241 ‚
1052 1201 1178 1248 frigida
1189 1215 1224 1236 se
1238 1206 1439 1250 mergebant
1449 1208 1513 1241 Lu-

836 1266 955 1293 coneS,
983 1254 1110 1300 quibus
1136 1255 1247 1289 calida
1272 1258 1417 1292 omnino
1439 1269 1514 1294 erat

836 1306 1021 1341 interdicta
1032 1332 1042 1348 ‚
1056 1307 1182 1353 frigida
1195 1310 1410 1355 quotidiana.
1419 1312 1513 1347 Vide

837 1360 1013 1393 Plutarch.
1023 1361 1082 1394 lib.
1095 1361 1138 1394 de
1151 1362 1304 1397 Institut.
1316 1365 1511 1400 Laconicis.

835 1413 928 1446 Tum
942 1426 1050 1458 porro
1066 1426 1189 1459 aquam
1205 1415 1369 1462 frigidam
1384 1428 1514 1453 vocant

837 1466 965 1499 crudam
983 1466 1160 1511 Virginem.

894 1531 952 1552 21.
977 1519 1125 1564 Lygdon.
1150 1520 1265 1555 Locus
1285 1534 1412 1569 nempe
1439 1533 1513 1558 erat

837 1571 873 1605 in
891 1572 1010 1604 Tauro
1027 1581 1146 1606 monte
1159 1599 1168 1615 ‚
1183 1574 1244 1607 ubi
1261 1587 1411 1609 marmor
1432 1589 1514 1610 can·

838 1623 1072 1659 didissimum.

894 1689 954 1711 22.
980 1678 1071 1711 Aure
1099 1682 1222 1724 supina.
1251 1680 1404 1723 Contra,
1432 1695 1514 1716 aure

838 1743 961 1775 prona.
978 1730 1033 1776 Sic
1050 1731 1160 1765 Tacit.
1182 1750 1195 1762 «
1215 1732 1412 1767 Obtrectatio
1427 1743 1458 1767 et
1473 1736 1512 1768 Ιί-

841 1796 894 1816 vor
902 1786 1011 1829 pronis
1022 1784 1150 1817 auribus
1160 1787 1370 1830 accipiuntur.
1379 1805 1393 1817 »
1406 1788 1514 1829 Quasi

839 1834 930 1869 <licat
949 1848 957 1869 :
974 1837 1031 1870 Tu
1053 1836 1214 1883 Oppiane
1226 1864 1236 1879 ‚
1254 1839 1342 1872 mihi
1360 1853 1433 1874 non
1455 1854 1514 1874 au-

840 1890 1008 1929 scultans,
1022 1890 1184 1923 salutaria
1197 1893 1353 1926 monenti
1364 1920 1372 1934 ,
1387 1895 1515 1928 morie·

840 1941 887 1975 ris
911 1942 1042 1976 illotus.
1063 1944 1152 1977 Nam
1173 1944 1201 1977 si
1223 1953 1257 1978 te
1279 1957 1352 1978 non
1370 1947 1515 1992 capiunt

840 1995 984 2029 thermae
996 1996 1149 2038 Etrusci,
1165 1998 1269 2030 nullae
1278 1998 1417 2044 capient
1429 2001 1516 2045 :jam

841 2048 994 2082 salubres
1018 2049 1112 2082 enim
1133 2059 1232 2091 sunt,
1258 2058 1299 2084 ut
1323 2051 1391 2085 illae
1414 2053 1495 2086 solae
1509 2079 1518 2095 ‚

842 2101 897 2134 vel
915 2102 1020 2135 nullae
1038 2110 1073 2136 te
1091 2114 1213 2136 curare
1232 2104 1378 2149 possint.
1398 2105 1516 2139 Rader.

842 2153 935 2187 Vide
961 2155 1022 2188 lib.
1042 2156 1096 2196 V,
1116 2156 1225 2201 epigr.
1247 2169 1367 2190 Lxxvn
1380 2183 1389 2198 ‚
1408 2171 1457 2191 vs.
1483 2173 1516 2192 2.

843 2208 947 2241 Auris
978 2209 1099 2254 supina
1131 2208 1302 2253 significat
1325 2210 1380 2243 vel
1411 2211 1518 2244 animi

843 2260 1056 2294 aversionem
1074 2287 1083 2302 ‚
1125 2262 1179 2295 vel
1218 2261 1377 2295 habitum
1409 2275 1520 2310 prope

845 2313 1070 2355 dormientis,
1089 2314 1149 2359 qui
1173 2323 1277 2360 caput
1299 2314 1335 2348 in
1355 2316 1520 2351 humeros

846 2367 994 2400 inclinat
1015 2392 1023 2407 ,
1055 2374 1090 2400 et
1125 2367 1372 2412 negligentiam
1412 2370 1522 2416 pigri-

849 2419 1001 2464 tiamque
1021 2419 1184 2453 ostendit.
1210 2421 1280 2454 Er).

1243 2722 1329 2767 10²
