1978 3305
330 220 911 266 EPIGRAMMATUM
952 220 1221 263 LIB.V11.

1387 234 1484 279 2¹9

684 373 884 430 XXV.

489 530 544 558 IN
584 529 790 558 MALUM
831 527 1077 557 POETAM.

149 658 334 700 DULmA
362 671 498 715 quum
522 663 691 697 tantum
716 651 879 696 scribas
900 653 1230 712 Epigrammata
1259 667 1453 712 semper,

219 728 277 769 Et
298 733 518 770 cerussata
542 722 794 768 candidiora
819 731 941 777 cute;

150 794 365 856 Nullaque
392 795 505 838 mica
533 793 657 848 salis,
687 810 769 837 nec
797 793 934 836 amari
954 791 1067 836 'fellis
1097 792 1142 836 in
1167 791 1248 836 illis

222 868 360 911 Gutta
383 866 438 910 sit
459 883 468 908 ε
496 882 523 909 o
553 864 755 920 demens,
779 865 843 908 vis
869 873 1016 907 tamen
1045 862 1116 907 illa
1139 860 1243 924 legi!

151 938 245 982 Nec
271 936 393 982 cibus
421 937 513 998 ipse
538 937 664 997 juvat
688 951 838 980 morsu
863 933 1089 979 fraudatus
1112 934 1246 989 aceti;

220 1009 312 1052 Nec
334 1017 458 1069 grata
481 1016 546 1051 est
565 1005 719 1061 facies,
743 1006 813 1050 cui
834 1004 1049 1067 gelasinus
1075 1004 1209 1049 abest.

151 1078 315 1123 Infanti
338 1077 554 1122 melimela
577 1077 703 1133 dato,
727 1077 955 1137 fatuasque
980 1077 1214 1130 mariscas3

222 1151 336 1193 Nam
357 1149 488 1204 mihi,
507 1165 603 1209 quae
623 1148 747 1192 novit
769 1164 987 1209 pungere,
1010 1147 1122 1192 Chia
1147 1148 1270 1209 sapit.

137 1288 151 1302 *
164 1291 202 1323 In
221 1289 336 1322 malum
351 1289 497 1329 Poenam,
518 1293 572 1335 qui
586 1290 760 1334 Epigram-

84 1352 170 1375 mata
188 1345 254 1375 sine
273 1342 413 1387 turpibus
430 1343 556 1382 scribit,
576 1342 760 1388 inscriptio

84 1404 135 1430 est
151 1396 187 1429 in
203 1394 410 1429 Beverlandj
425 1395 501 1429 MS.

143 1462 156 1483 1
168 1475 174 1483 .
186 1449 306 1482 Dulcia
318 1462 423 1495 quum.
442 1449 594 1489 Insulsa,
614 1461 679 1481 nec
695 1448 760 1481 im-

84 1502 168 1535 buta
187 1502 245 1535 illa
266 1501 494 1536 mordacitate
514 1514 591 1548 quae
610 1502 666 1535 his
686 1514 762 1534 ver-

83 1555 180 1589 sibus
198 1555 373 1589 convenit.

142 1621 159 1641 2
169 1635 176 1642 .
190 1608 400 1642 candidiora.
413 1608 489 1642 Hoc
502 1617 570 1649 est,
584 1609 620 1642 in
635 1608 763 1654 quibus

85 1660 177 1695 inest
189 1674 308 1695 sensus
321 1660 503 1695 candidior
516 1674 652 1695 cerussa
663 1687 672 1702 ,
687 1673 764 1707 quae

86 1722 161 1748 erat
184 1715 302 1748 eximii
327 1714 501 1748 candoris.
524 1714 618 1749 Vide
643 1715 704 1749 lib.
726 1715 763 1756 I,

85 1767 197 1813 epigr.
210 1780 336 1801 Lxx111.
354 1767 535 1802 Candidus
549 1781 632 1802 vero
646 1769 764 1802 album

88 1820 232 1866 quidem
253 1821 444 1867 significat,
470 1820 533 1855 sed
559 1830 593 1855 et
617 1821 764 1868 simplex

87 1874 191 1907 etiam
203 1900 213 1916 ,
232 1882 273 1908 ut
290 1874 442 1909 sumitur
459 1875 531 1909 hic.

145 1926 178 1960 3.
192 1927 289 1961 Salis.
307 1929 465 1974 Ingenii,
485 1928 625 1975 argutiae
638 1954 647 1969 ‚
663 1929 765 1961 urba·

88 1980 386 2015 nitatis.—Fellis.
398 1982 663 2023 Amarulentiae,
675 1994 767 2015 acer-

87 2033 205 2067 bitatis
221 2046 229 2067 :
251 2034 350 2081 prius
365 2034 409 2068 ad
425 2034 673 2068 oblectandum
691 2043 764 2078 est;

88 2087 264 2131 posterius
282 2086 325 2121 ad
344 2087 583 2134 pungendum.
602 2088 669 2121 En.

145 2139 178 2174 5.
205 2141 274 2174 Nec
298 2141 383 2174 cibus
410 2145 484 2187 ipse.
513 2141 648 2175 Acerba
671 2141 767 2175 enim

91 2193 229 2227 irritant
244 2195 480 2237 stomachum,
498 2195 667 2229 lectorem
683 2207 768 2241 quo-

91 2258 160 2292 que
180 2246 336 2282 alliciunt
353 2248 449 2282 sales.

146 2301 180 2333 6.
210 2299 390 2334 Gelasinus.
417 2301 572 2335 Gelasini
593 2309 676 2335 sunt
696 2302 767 2335 sul-

91 2353 162 2386 culi
174 2353 234 2399 qui
250 2366 268 2386 a
284 2353 482 2388 ridentibus
493 2348 640 2399 (γελῶσι)
654 2355 691 2388 in
707 2368 767 2389 ore

92 2405 182 2439 flunt
193 2432 201 2447 ,
213 2407 329 2452 inquit
341 2405 512 2441 Raderus.
524 2408 613 2440 Rob.
626 2408 768 2453 Stepha-

92 2471 157 2492 nus
177 2459 213 2492 in
235 2472 299 2493 suo
317 2460 497 2494 Thesauro
519 2460 566 2494 ait
584 2471 592 2492 :
612 2460 767 2494 Gelasini

93 2520 173 2545 sunt
187 2512 288 2546 lineae
300 2526 377 2559 quae
392 2512 540 2547 ridendo
554 2513 769 2554 efficiuntur,

94 2572 130 2597 et
144 2578 314 2600 summam
332 2567 478 2611 gratiam
497 2566 549 2600 ori
568 2566 768 2600 conciliant.

819 1287 974 1322 Gelasini
990 1295 1072 1321 sunt
1090 1287 1194 1321 etiam
1211 1286 1333 1320 dentes
1349 1286 1499 1320 anterio-

818 1354 890 1383 reS‚
906 1342 968 1386 qui
987 1339 1138 1374 ridendo
1155 1339 1346 1373 nudantur.
1364 1340 1497 1374 Gelasi-

819 1406 888 1428 nus
908 1406 1065 1427 scurram
1086 1406 1227 1439 quoque
1245 1392 1429 1439 significat.
1448 1413 1499 1418 ——

821 1447 889 1482 Nec
902 1455 1000 1492 grata
1013 1455 1060 1480 est
1066 1448 1183 1490 fite-ies,
1201 1455 1267 1481 etc.
1280 1447 1429 1489 Qualem
1445 1446 1499 1479 ori

820 1501 965 1547 gratiam
987 1500 1122 1535 addunt
1142 1513 1238 1547 rugae
1258 1500 1326 1533 iliae
1346 1500 1439 1533 inter
1457 1500 1504 1533 ri-

822 1553 981 1588 dendum
1003 1562 1190 1588 contractae
1211 1565 1220 1587 z
1239 1554 1308 1587 tale
1327 1554 1500 1599 epigram-

821 1607 906 1641 mati
922 1606 1029 1641 decus
1045 1606 1180 1641 addunt
1197 1620 1275 1654 quae
1293 1607 1404 1640 risum
1424 1619 1499 1639 mo-

821 1672 904 1694 vere
924 1661 1053 1695 valent.

877 1727 913 1759 7.
935 1715 1059 1758 Infanti
1074 1714 1227 1747 melimela
1243 1714 1332 1753 dato,
1353 1721 1420 1746 etc.
1441 1714 1500 1745 In-

822 1767 975 1801 fantibus
991 1767 1142 1807 mellita,
1163 1779 1224 1801 seu
1242 1774 1377 1800 mustea
1395 1779 1501 1812 poma

824 1819 927 1862 dato,
947 1830 981 1855 et
1002 1829 1150 1868 propter
1169 1819 1395 1854 dulcedinem
1417 1819 1502 1853 insi·

822 1873 923 1919 pidas
947 1874 1056 1916 ficus,
1080 1873 1178 1920 quasi
1203 1872 1297 1907 dicat
1322 1885 1330 1907 ε
1356 1873 1502 1906 Insulsis

823 1927 983 1973 placeant
1001 1927 1251 1973 epigrammata
1271 1925 1388 1960 dulcia
1405 1950 1415 1966 ‚
1438 1938 1503 1960 nec

824 1981 965 2026 ingenio
982 1993 1046 2016 nec
1061 1980 1248 2015 acerbitate
1261 1979 1421 2021 condita;
1437 1979 1503 2012 mi-

823 2034 861 2068 hi
878 2035 990 2080 placet
1007 2035 1220 2080 epigramma
1239 2034 1363 2067 salsum
1379 2058 1388 2074 ‚
1407 2044 1503 2072 acre,

825 2087 971 2121 mordax
981 2114 990 2128 ,
1007 2096 1040 2121 et
1053 2088 1262 2133 piperatum.
1272 2108 1325 2113 —
1334 2086 1503 2120 Mariscas.

826 2142 949 2176 Genus
967 2139 1149 2188 quoddam
1167 2140 1255 2174 fieus
1272 2140 1432 2180 insulsae3
1452 2138 1506 2171 in-

825 2195 981 2229 fantibus
999 2195 1093 2228 enim
1108 2194 1248 2240 placent
1265 2192 1402 2235 dulcia,
1420 2204 1507 2238 quo-

825 2261 906 2282 rum
934 2247 1101 2282 teneriori
1127 2246 1243 2293 palato
1281 2246 1367 2280 sales
1399 2257 1504 2291 repu-

828 2309 949 2347 gnant.

882 2355 915 2389 8.
938 2354 1033 2388 Chia.
1053 2353 1155 2387 Ficus
1174 2365 1302 2398 nempe
1322 2351 1437 2385 acerbi
1456 2364 1504 2384 sa·

828 2407 924 2453 poris
942 2419 950 2441 ;
973 2407 1041 2441 hoc
1059 2415 1131 2447 est,
1160 2414 1200 2439 ut
1219 2405 1256 2439 in
1283 2405 1352 2439 ficu
1381 2404 1506 2438 amari=

829 2461 910 2494 tieui
936 2460 1039 2499 volo,
1065 2459 1110 2493 ita
1139 2468 1174 2493 et
1201 2459 1238 2492 in
1260 2459 1507 2504 epigrammate

829 2526 949 2558 garum
966 2521 1000 2546 et
1016 2513 1078 2547 sal.
1090 2514 1263 2547 Caeterum
1278 2510 1323 2546 de
1341 2511 1429 2546 Chia
1439 2512 1507 2545 ficu

831 2565 886 2599 adi
902 2566 962 2601 lib.
978 2567 1084 2607 XIII,
1103 2566 1215 2611 epigr.
1237 2577 1342 2599 xxiii.
