1978 3305
385 250 961 293 EPIGRAMMATUM
1002 250 1065 291 LI
1082 251 1126 291 B.
1168 250 1222 291 X.

1417 246 1436 259 „

1411 262 1504 310 ³27

168 340 264 381 Heu
294 334 480 381 facinus!
514 338 651 398 prima
679 336 926 391 fraudatus,
949 337 1135 396 Sempe,
1157 336 1335 396 juventa

237 406 437 459 Occidis,
464 417 507 451 et
534 408 680 468 nigros
713 417 799 450 tam
833 409 920 450 cito
942 407 1086 467 jungis
1116 422 1263 466 equos.

168 477 381 521 Curribus
411 477 479 520 illa
509 479 594 521 tuis
619 494 789 538 semper
817 486 1048 538 properata
1067 512 1078 532 ‚
1109 477 1358 537 brevisque,

238 548 330 590 Cur
361 547 440 590 fuit
473 558 514 591 et
547 549 643 592 vitae
675 558 760 591 tam
795 564 930 608 prope
961 556 1075 590 meta
1106 546 1219 590 tuae?

167 689 244 730 Φεῦ
276 695 349 730 τοῦ
379 685 519 748 ἅγουςῙ
555 688 745 738 τέθνηκας
778 683 1051 747 ἀτεμῧόμενος
1081 688 1295 739 νεότητος,

237 758 410 817 Σκόρπε,
442 759 589 818 μέσης,
619 753 754 808 ζεύξας
781 761 832 808 ὡς
861 758 985 817 ταχὺς
1017 758 1126 817 ἅρμα
1154 758 1294 815 μέλαν.

167 827 296 870 Τίπτε
322 829 415 883 σὸς,
444 828 490 875 ἢν
519 828 684 878 τοσάκις
709 822 1001 889 περιδέδρομας
1028 829 1122 871 ὠκέϊ
1149 821 1296 888 δίφρῳ,

237 894 348 954 Αἷψα
382 893 633 956 μινυνθάδιος
664 900 810 941 νύσσαν
841 897 994 956 ἔκαμψε
1029 899 1134 950 βίος;

153 1040 186 1072 5.
215 1040 324 1073 Prima
346 1041 539 1083 fraudatus,
575 1050 640 1075 etc.
674 1044 776 1075 Anno

101 1091 208 1125 aetatis
233 1104 295 1137 27,
315 1093 406 1126 infra
427 1093 535 1139 epigr.
557 1106 638 1127 L111.

835 1055 954 1076 manes
973 1068 982 1083 ‚
995 1040 1094 1087 quod
1111 1049 1145 1074 et
1160 1040 1328 1074 obiissent
1345 1040 1511 1073 viventes.

891 1096 921 1128 8.
952 1095 1002 1128 Et
1023 1097 1102 1127 vitae
1128 1103 1190 1127 tam
1215 1107 1326 1139 prope.
1354 1094 1395 1126 In
1417 1093 1511 1127 circo

152 1148 186 1178 6.
210 1146 259 1178 Et
282 1147 400 1190 nigros.
421 1147 497 1179 Hoc
523 1155 591 1185 est,
618 1147 777 1181 Plutonis
836 1161 960 1181 currus
976 1147 1122 1188 ducens,
1142 1156 1180 1181 ut
1196 1146 1351 1180 victoriae
1368 1146 1512 1192 saepissi-

97 1209 229 1242 equos:
253 1198 397 1232 Veteres
415 1199 510 1232 enim
532 1200 776 1234 existimabant
836 1213 912 1240 me,
941 1214 1004 1234 cur
1028 1209 1062 1235 et
1089 1201 1168 1234 vitae
1193 1208 1320 1233 metam
1346 1199 1514 1244 attingere

99 1248 224 1283 eodem
238 1263 382 1286 munere
395 1261 555 1285 mortuos
572 1253 669 1297 fungi
684 1253 775 1299 apud

835 1254 1032 1300 properasti
1044 1254 1058 1286 ‚³

752 1393 857 1447 LI.

577 1548 645 1577 Ar)
686 1528 1034 1577 FAUST1N11M.⁸

166 1673 340 1716 SIDERA
362 1671 452 1733 jam
477 1673 634 1732 Tyr-ius
659 1672 844 1732 Phryxei
873 1673 1047 1732 respicit
1073 1674 1173 1733 agni

238 1743 434 1795 Taurus,
464 1752 508 1786 et
535 1741 750 1786 alternum
780 1744 964 1787 Castora
994 1743 1105 1804 fugit
1129 1743 1280 1787 hiems.

167 1812 298 1856 Ridet
320 1828 447 1874 ager,
469 1814 654 1857 vestitur
680 1813 864 1869 humus,
885 1815 1070 1858 vestitur
1095 1823 1139 1857 et
1163 1814 1314 1867 arbos3

233 1884 463 1926 Ismarium
494 1883 635 1944 pellex
664 1886 803 1927 Attica
832 1883 975 1945 plorat
1000 1886 1111 1944 Ityn.

142 2025 156 2038 *
166 2026 356 2060 Faustinus
367 2027 403 2060 in
414 2027 607 2072 Campania
620 2039 773 2060 amoenos

94 2079 266 2125 quosdam
280 2080 374 2113 locos
388 2087 422 2113 et
433 2080 533 2113 villas
547 2080 637 2114 circa
650 2080 774 2113 Tarra-

94 2133 210 2166 cinam
224 2133 388 2167 habebat.
403 2133 575 2166 Martialis
590 2141 684 2167 recte
696 2145 771 2166 car-

94 2185 146 2230 pit
157 2186 307 2219 amicum
319 2211 328 2228 ‚
347 2184 443 2231 quod
457 2197 569 2219 verno
587 2194 748 2231 tempore
762 2212 771 2226 ,

94 2250 178 2272 rure
193 2250 255 2272 suo
270 2251 336 2272 nec
356 2239 428 2272 otio
446 2239 604 2280 fruatur3
624 2238 687 2273 sed
701 2240 772 2272 Ro-

94 2303 158 2324 mae
180 2291 333 2336 patiatur
361 2303 395 2324 se
418 2291 616 2325 honoribus
642 2300 677 2325 et
704 2304 773 2325 ma-

94 2343 294 2388 gistratibus
310 2344 495 2389 implicari.
515 2344 668 2378 Raderus.

152 2409 166 2430 1
177 2423 184 2431 .
199 2396 312 2430 Sidera
323 2399 394 2441 jum
415 2398 447 2430 T
439 2399 542 2442 yrias.
559 2398 698 2431 Taurus
715 2409 770 2430 ve-

94 2458 170 2483 ctor
183 2450 344 2495 Europes
356 2450 474 2495 Tyriae
486 2477 494 2490 ‚
512 2450 575 2483 lib.
588 2451 624 2482 H
634 2475 642 2491 ,
659 2449 767 2496 epigr.

94 2514 157 2535 xiv
184 2510 309 2548 praeest
332 2503 442 2536 mensi
462 2503 575 2549 Aprili
600 2514 608 2535 :
628 2503 771 2548 respicit

95 2567 177 2588 vero
199 2555 343 2589 arietem
364 2556 473 2589 mensi
498 2555 625 2589 Martio
646 2556 770 2601 praefe—

95 2616 207 2649 ctum,
220 2609 278 2654 qui
290 2609 385 2643 vexit
396 2609 518 2643 Hellen
530 2617 563 2642 et
574 2609 769 2654 Phryxum.

95 2660 155 2694 lib.
170 2661 238 2702 IX,
253 2662 363 2707 epigr.
377 2673 475 2696 zxxn
490 2675 497 2695 z
513 2660 624 2704 «Quid
641 2662 770 2695 meruit

834 2036 946 2060 terror
966 2027 1112 2061 Nemees
1124 2053 1132 2068 ,
1153 2026 1240 2073 quid
1258 2026 1420 2073 proditor
1432 2028 1511 2061 Hel-

832 2080 901 2122 les,
926 2081 976 2114 Ut
1006 2080 1140 2114 niteant
1159 2080 1238 2113 celsi
1269 2079 1383 2113 lucida
1413 2082 1508 2127 signa

831 2132 951 2179 polii-h,

889 2199 919 2219 α.
938 2186 1030 2231 Figtt
1042 2198 1107 2231 pro
1118 2187 1210 2231 sugit
1224 2185 1304 2219 cod.
1320 2186 1506 2220 Pulmann.

832 2261 884 2265 —-
912 2239 961 2272 Et
987 2239 1141 2271 alternum.
1171 2238 1318 2272 Castora.
1343 2239 1509 2273 Geminos

831 2292 986 2337 intellige
1001 2292 1061 2337 qui
1075 2291 1169 2324 Maio
1186 2292 1402 2326 tribuuntur.
1414 2292 1507 2327 Vide

831 2344 892 2378 lib.
915 2345 962 2385 V,
981 2345 1090 2390 epigr.
1112 2356 1248 2378 xxxvu1
1262 2370 1271 2385 ‚
1293 2345 1354 2377 ubi
1375 2344 1418 2379 de
1441 2347 1507 2380 Ca-

829 2405 922 2430 store
952 2406 986 2431 et
1009 2397 1150 2432 Polluce
1172 2397 1284 2443 agitur
1309 2398 1505 2432 alternatim

829 2450 1037 2484 viventibus.

887 2508 920 2543 4.
951 2503 1115 2536 Ismarium
1138 2504 1244 2548 pellex
1275 2505 1386 2537 Attica
1401 2532 1409 2545 ,
1441 2513 1507 2539 etc.

831 2555 1025 2590 Philomela
1045 2556 1134 2602 regis
1150 2556 1417 2591 Atheniensium
1437 2558 1506 2591 filia

832 2607 937 2642 deflet
952 2610 1033 2655 Ityn
1050 2609 1232 2644 Ismarium
1246 2634 1256 2649 ‚
1276 2609 1314 2643 id
1329 2618 1379 2644 est
1394 2611 1506 2645 Thra-

831 2663 923 2695 cium
933 2688 942 2702 ‚
953 2675 1057 2708 quem
1072 2662 1245 2697 interfecit
1256 2663 1392 2696 Procne
1404 2665 1506 2697 Tere}
