1978 3305
468 204 564 262 504

842 209 903 250 Μ.
926 208 1064 250 VAL.
1103 208 1488 252 MARTIALIS

603 296 703 338 Frui
732 294 806 339 sed
833 295 923 338 istis
948 294 1121 355 quando
1148 296 1289 338 Roma
1312 296 1550 356 permittit?

602 366 726 423 Quot
754 365 1008 409 Formianos
1037 365 1223 426 imputat
1249 365 1339 410 dies
1366 382 1505 410 annus

600 436 847 497 Negotiosis
869 435 998 479 rebus
1020 435 1139 480 urbis
1163 435 1372 480 haerenti?

603 508 644 550 O
666 506 875 567 janitores
889 539 899 559 ,
920 504 1137 567 villicique.
1160 503 1324 551 felices!

602 577 802 620 Dominis
825 585 1034 637 parantur
1059 577 1166 632 ista3
1193 577 1386 620 serviunt
1410 576 1545 621 vobis.

464 721 696 756 senescentes;
723 715 806 748 tales
827 715 920 748 enim
946 714 1052 747 animi
1070 727 1133 759 po-

463 768 552 808 tius,
576 779 684 812 quam
704 780 831 801 mensae
853 767 960 812 gratia
985 767 1133 801 alebant-

533 819 590 853 25.
620 820 783 853 Permittis
817 819 899 854 edd.
934 828 1019 854 vett.
1055 832 1134 854 cum

424 893 429 895 -
466 872 589 917 Delph.
619 872 646 905 F
649 875 770 907 arnab.
801 881 836 907 et
869 873 1000 906 Barbou
1029 886 1041 906 .·
1071 885 1136 906 nec

467 924 502 958 id
516 925 674 971 ineptum
688 934 805 960 censet
815 926 991 959 Schrevel.
1007 926 1138 958 —Per-

466 980 589 1010 mittite⁷
605 979 673 1012 Per
689 987 740 1012 tot
757 991 856 1012 curas
870 979 1031 1012 urbanas.

521 1034 580 1065 26.
609 1031 707 1076 Quot.
734 1032 803 1064 Pro
830 1031 898 1064 hoc
934 1033 1006 1076 quin
1034 1031 1138 1064 habet

466 1083 545 1118 cod.
562 1085 964 1117 Beverl.-—Formianos.
983 1094 998 1109 “
1010 1084 1138 1118 Farna-

466 1136 548 1170 bius
569 1137 616 1170 sic
639 1137 786 1182 explicat
802 1149 810 1169 :
831 1137 927 1178 Quot
941 1135 1014 1170 dies
1025 1163 1034 1178 ‚
1051 1149 1139 1182 quos

464 1189 717 1233 jucundissime
727 1202 826 1235 agere
836 1189 958 1222 liceret
970 1189 1118 1223 Formiis
1130 1215 1138 1229 ,

469 1251 611 1286 possunt
632 1242 799 1287 imputari
821 1242 918 1288 quasi
936 1242 1066 1287 perditi
1081 1255 1140 1275 ur-

468 1295 566 1328 banis
598 1295 690 1327 curis
704 1294 719 1327 ἐ’
742 1296 822 1328 Non
851 1304 902 1329 est
933 1295 990 1328 hic
1022 1308 1140 1329 sensus

466 1347 646 1381 Martialis.
658 1347 752 1381 Dicit
764 1348 857 1381 enim
867 1360 875 1381 :
887 1348 1004 1389 Quam
1014 1360 1141 1394 paucos

469 1399 542 1433 dies
560 1400 725 1442 Formiis,
740 1402 793 1434 vel
808 1409 846 1434 ut
859 1400 953 1446 apud
967 1402 1122 1435 Formias
1133 1427 1142 1443 ,

469 1452 643 1498 (legendos
664 1453 826 1487 concedit
844 1455 997 1487 annus?›·
1015 1476 1064 1481 --
1076 1456 1141 1488 lm-

465 1514 578 1550 μυῖαι-ε
600 1506 688 1538 nobis
705 1520 722 1539 a
743 1507 871 1540 Seneca
885 1529 894 1545 ‚
918 1508 1087 1540 Suetonio
1109 1516 1142 1541 et

469 1558 573 1604 hujus
600 1559 716 1592 saeculi
747 1560 946 1593 auctoribus
982 1559 1111 1593 dicitur
1133 1586 1142 1601 ,

469 1611 564 1657 quod
586 1612 768 1657 quisquam
788 1613 950 1646 beneficii
965 1613 1065 1646 nobis
1080 1614 1143 1646 tri-

468 1664 544 1697 buit
565 1673 598 1697 et
626 1665 813 1707 concessit,
834 1666 931 1711 qnasi
953 1678 1142 1711 expensum

471 1718 560 1750 ferre
571 1743 580 1757 ‚
600 1719 726 1751 nostris
739 1719 933 1752 rationibus
948 1717 1145 1753 adscribere

471 1766 483 1807 (
497 1770 629 1804 Gallice
641 1795 651 1810 ‚
666 1779 773 1803 mettre
789 1785 826 1803 en
839 1772 924 1816 ligne
942 1772 980 1803 de
994 1770 1144 1817 compte),

471 1831 505 1855 et
524 1821 605 1856 inde
623 1823 812 1857 venditare.
830 1825 912 1857 Juv.
932 1833 994 1858 sat.
1008 1826 1053 1864 V,
1074 1830 1114 1865 14
1135 1837 1142 1857 ε

472 1876 639 1909 «Ἑιᾞοῐυε
652 1877 811 1910 amicitiae
822 1889 952 1921 magnae
962 1877 1075 1917 cibus3
1086 1878 1146 1910 im-

471 1936 572 1974 putat
584 1929 679 1962 hunc
692 1942 752 1962 rex
762 1948 773 1959 n
782 1956 789 1967 ‚
805 1939 843 1963 ut
856 1930 982 1963 Noster
991 1930 1051 1963 lib.
1064 1931 1146 1973 XII,

470 1981 924 2027 x1,v¹11,13:«Imputetipse
933 1982 1145 2016 deusnectar

474 2034 557 2068 mihi
582 2052 595 2064 u
611 2047 619 2074 ;
636 2035 703 2068 hoc
716 2044 767 2068 est
781 2062 790 2077 ,
808 2048 872 2080 pro
884 2035 1056 2068 beneficio
1072 2036 1143 2068 exi-

473 2088 544 2120 mio
577 2095 611 2120 et
639 2100 717 2121 raro
745 2089 876 2122 censeri
904 2089 998 2128 vult,
1023 2097 1056 2121 et
1078 2089 1143 2122 hoc

473 2153 542 2174 uno
561 2141 679 2174 omnia
693 2141 780 2174 solvi
799 2154 877 2187 quae
896 2154 960 2186 pro
977 2141 1034 2173 illo
1054 2142 1146 2174 labo-

471 2193 576 2227 randa
595 2195 739 2239 suscipis
752 2221 760 2235 ‚
779 2207 811 2226 v.
830 2207 862 2240 g.
878 2194 1049 2227 officiosas
1067 2207 1144 2227 cur-

473 2247 670 2287 sitationes,
693 2256 759 2281 etc.
781 2248 868 2281 Item
891 2260 954 2293 pro
976 2247 1146 2281 beneficio

474 2299 637 2333 vindicet.
650 2300 705 2333 Sic
718 2313 816 2333 annus
836 2304 967 2345 imputat
982 2301 1069 2333 nohis
1083 2301 1146 2333 dies

470 2354 621 2394 jucundus
637 2381 643 2391 ,
674 2366 760 2398 quos
774 2379 782 2393 ‚
812 2362 969 2398 tempore
995 2355 1074 2387 anni
1103 2358 1145 2386 ita

473 2408 602 2439 serente
641 2415 672 2438 et
714 2406 926 2439 concedentv
945 2433 953 2442 ,

472 2459 615 2502 egimus.

999 2406 1148 2449 jucunde

663 2481 679 2484 ν’
709 2460 846 2504 Imputat
877 2473 989 2492 annm.
1013 2460 1148 2493 Clarius

473 2510 611 2545 dixisset
627 2526 684 2556 stet·
703 2526 817 2545 menum
836 2514 878 2545 du
897 2515 1069 2557 imputant.
1096 2514 1145 2545 vel

474 2566 540 2601 (Sala
572 2574 735 2608 impulsum.
762 2564 827 2598 Sed
852 2565 1016 2599 audacius
1049 2568 1148 2599 linxit

1192 714 1259 748 sibi
1295 727 1426 748 annum
1461 714 1566 748 deum
1606 715 1867 761 quodammodo

1193 779 1283 809 esse,
1298 775 1332 802 et
1347 767 1422 801 dies
1434 767 1535 802 nobis
1552 768 1666 815 ipsum
1680 769 1865 815 imputare.

1199 820 1338 854 Gronov.

1249 875 1308 908 28.
1332 873 1365 907 O
1385 874 1556 907 Jam'cores.
1583 874 1657 908 Hac
1684 887 1750 920 pro
1782 875 1868 908 scri-

1194 933 1295 970 ptura
1314 926 1351 958 V
1348 929 1471 960 imitor-es
1487 926 1566 960 edd.
1586 935 1670 961 vett.
1687 935 1722 961 et
1740 927 1866 974 Delph.

1194 976 1256 1011 sed
1266 978 1361 1011 nulla
1372 979 1430 1011 hic
1440 979 1572 1013 mentio
1582 979 1702 1014 vineae.
1710 980 1868 1013 Janitores

1195 1039 1311 1064 autem
1331 1028 1451 1076 (quod
1473 1032 1508 1064 in
1531 1030 1611 1066 cod.
1630 1033 1868 1079 manuscripto

1194 1082 1421 1124 Beverlandi)
1439 1084 1544 1118 etiam
1560 1085 1597 1118 in
1610 1085 1709 1119 ‘villis
1730 1094 1764 1119 et
1781 1098 1870 1131 prae-

1196 1136 1296 1170 toriis
1311 1136 1433 1179 fuisse,
1447 1138 1542 1171 nulla
1561 1136 1734 1172 dubitatio
1746 1147 1816 1179 est;
1831 1147 1869 1172 ut

1196 1189 1286 1223 servi
1317 1190 1496 1224 atrienses.
1527 1190 1692 1225 Gruterus.
1716 1192 1760 1224 At
1779 1191 1870 1225 Gro-

1197 1243 1341 1276 novius:
1356 1261 1369 1273 ιι
1379 1243 1415 1276 Si
1429 1256 1510 1277 sane
1526 1256 1648 1277 omnes
1663 1244 1700 1276 in
1716 1244 1783 1277 hoc
1799 1241 1870 1285 (ja-

1197 1290 1332 1339 nitores)
1350 1295 1451 1330 MSS.
1480 1298 1698 1342 conspirant,
1736 1297 1870 1331 vicerit.

1199 1349 1338 1394 Alioqui
1348 1361 1421 1382 non
1434 1350 1534 1383 facile
1543 1361 1744 1395 spernerem
1753 1375 1762 1391 ‚
1775 1349 1872 1394 quod

1198 1402 1344 1435 antehac
1372 1401 1556 1444 edebatur,
1585 1404 1745 1436 vinitores.
1784 1402 1872 1436 Nam

1199 1454 1296 1499 quod
1312 1455 1358 1488 ait
1377 1455 1548 1489 Gruterus
1559 1480 1570 1497 ‚
1588 1468 1623 1489 se
1638 1456 1773 1489 nescire
1787 1453 1873 1500 quid

1199 1507 1256 1541 hic
1273 1507 1377 1541 faciat
1396 1511 1566 1548 vinitores,
1590 1508 1651 1541 uhi
1667 1508 1762 1541 nulla
1782 1521 1875 1541 men-

1201 1560 1250 1593 tio
1287 1561 1468 1593 vinearum
1488 1587 1498 1602 ‚
1536 1561 1631 1594 nulla
1667 1559 1872 1602 vindemiae3

1201 1625 1344 1658 possum
1364 1612 1459 1646 idem
1478 1613 1595 1648 dicere
1612 1613 1777 1648 adversus
1794 1614 1875 1647 alte—

1202 1679 1279 1698 rum
1292 1680 1303 1699 .-
1319 1667 1415 1699 nulla
1435 1667 1494 1700 hic
1513 1667 1644 1701 mentio
1660 1668 1784 1713 januae.
1806 1666 1875 1701 Sed

1202 1719 1486 1763 aiunt‚jarzitot·es
1509 1720 1545 1753 in
1570 1720 1663 1753 villis
1689 1729 1723 1754 et
1753 1727 1876 1765 praeto·

1202 1772 1262 1805 riis
1281 1772 1404 1813 fuisse,
1418 1773 1513 1806 nulla
1530 1772 1705 1807 dubitatio
1723 1780 1783 1806 est.
1802 1773 1875 1806 Nec

1204 1826 1317 1858 minus
1354 1825 1520 1859 credibile
1548 1826 1773 1859 Formianum
1804 1837 1874 1858 non

1204 1878 1308 1911 fuisse
1329 1879 1402 1912 sine
1427 1879 1537 1911 vinea.
1566 1879 1729 1912 Horatius
1756 1877 1814 1912 od.
1836 1879 1852 1911 I
1867 1903 1874 1914 ‚

1204 1944 1245 1964 xx
1259 1956 1267 1972 ,
1283 1943 1295 1964 1
1305 1944 1326 1964 o
1343 1943 1351 1964 :
1368 1946 1380 1957 α
1395 1943 1469 1964 mea
1483 1943 1547 1964 nec
1561 1931 1714 1965 Falernae
1727 1933 1877 1976 Tempe-

1204 1992 1281 2016 rant
1296 1985 1399 2024 vites;
1416 1997 1529 2030 neque
1547 1984 1723 2018 Formiani
1743 1984 1877 2018 Pocula

1203 2036 1318 2070 colles.
1337 2054 1350 2066 o
1365 2037 1409 2070 Et
1427 2037 1508 2069 alibi
1524 2036 1582 2070 od.
1602 2038 1653 2070 III
1668 2062 1678 2077 ‚
1694 2049 1753 2070 xv¹
1771 2062 1781 2078 ‚
1805 2036 1850 2077 34
1868 2049 1875 2070 :

1209 2107 1222 2118 «ι
1240 2090 1312 2123 Nec
1327 2090 1563 2135 Laestrygonia
1584 2090 1738 2123 Bacchus
1754 2090 1790 2122 in
1805 2102 1877 2122 am-

1205 2142 1314 2187 phora
1327 2143 1532 2187 Langnescit
1544 2143 1640 2176 mihi.
1654 2161 1666 2172 ‚.
1683 2143 1877 2187 Laestrygo-

1205 2208 1291 2228 num
1306 2207 1387 2228 vero
1403 2196 1486 2228 olim
1503 2196 1607 2229 fuisse
1625 2204 1657 2229 et
1672 2196 1826 2228 Formias
1846 2204 1879 2228 et

1206 2248 1430 2281 Formianum
1450 2261 1570 2293 agrum
1590 2249 1667 2293 quis
1685 2248 1844 2293 ignorat?
1862 2267 1873 2277 -

1263 2315 1320 2346 29.
1350 2303 1496 2334 Dominis
1525 2310 1683 2346 parantur
1710 2304 1787 2339 ista,
1813 2310 1877 2334 etc.

1211 2355 1349 2387 Domini
1366 2367 1444 2387 raro
1457 2381 1464 2393 ‚
1482 2355 1601 2388 furtim
1621 2363 1654 2387 et
1674 2368 1735 2399 per
1749 2355 1860 2387 otium
1872 2381 1880 2394 ‚

1207 2408 1323 2441 civicis
1354 2410 1448 2453 qnasi
1480 2408 1591 2441 emissi
1625 2407 1794 2447 vinculis,
1821 2407 1880 2440 has

1208 2462 1401 2505 voluptates
1417 2470 1564 2506 carpunt
1582 2473 1588 2492 :
1609 2474 1668 2494 vos
1683 2486 1693 2501 ‚
1715 2476 1734 2493 o
1756 2460 1880 2500 villici,

1208 2527 1354 2559 svniper,
1378 2515 1485 2547 libew
1510 2523 1540 2547 ct
1562 2513 1603 2547 ad
1625 2514 1813 2546 satietatem
1842 2513 1881 2544 iisv

1209 2567 1374 2600 fruimini.
