1978 3305
372 213 959 258 EPIGRAMMATUM
995 211 1236 255 LIB.V1.
1410 212 1502 270 149

163 304 292 346 Nunc
322 301 439 345 Urbi
467 301 610 344 vicina
634 300 813 360 juvant,
839 298 1070 359 facilesque
1096 314 1315 353 recessus,

231 373 288 415 Et
309 371 409 415 satis
432 381 518 426 est,
540 372 668 432 pigro
691 371 725 415 si
746 370 846 415 licet
867 386 959 414 esse
980 369 1097 412 mihi.
1476 395 1505 410 ,ο

93 510 174 543 satis
198 509 327 542 virium
353 517 426 542 erat
451 507 497 543 ad
522 506 765 554 perlustranda

92 575 237 608 quaeque
268 562 346 595 loca
376 561 582 595 salubritate
612 560 766 594 fontium

92 628 248 654 amoena,
270 622 592 660 quantumcumque
614 613 707 646 inter
730 625 766 646 se

92 667 213 702 dissita
230 668 366 709 forent,
387 679 506 708 nunc,
524 675 589 700 etc.
611 666 678 698 En.

147 734 183 766 9.
202 721 298 754 Nunc
315 720 400 754 urbis
418 718 527 753 codex
546 719 701 752 Florent.
716 739 767 744 —

93 773 188 807 Nunc
218 773 298 806 Urbi
317 774 426 806 vicina
436 774 561 817 juvant.
588 771 648 805 Me
670 779 768 805 aetate

92 825 370 871 provectiorem,
404 823 618 864 invalidum,
651 832 684 857 et
714 824 769 869 pi-

92 891 191 923 grum
212 880 336 923 juvant
360 877 485 911 vicina.
507 898 560 904 -—
583 877 771 923 Facilesque

94 944 238 971 recessus,
255 932 278 966 i.
293 944 325 967 e.
337 930 547 972 suburbani,
561 938 595 964 et
610 930 708 975 quasi
727 928 769 962 ad

94 996 248 1018 manum.

883 519 895 540 1
905 520 940 541 0.
960 505 1167 540 Beverlandi
1186 505 1260 539 MS.
1272 507 1368 550 pigro
1384 513 1415 538 et
1430 506 1503 537 licet

825 573 888 592 esse
914 560 1000 593 mibi.
1026 559 1049 592 J
1051 559 1177 592 untina
1204 553 1321 592 nostra
1346 558 1382 591 in
1413 570 1504 591 mar-

825 613 904 657 gine
918 624 927 646 :
938 614 1066 657 pigrum
1079 615 1108 644 si
1119 612 1190 644 licet
1205 625 1269 644 esse
1285 611 1360 644 mihi
1370 624 1383 651 ,·
1400 611 1503 644 male.

826 664 920 698 Vide
936 677 1014 710 quae
1026 665 1199 709 congessit
1216 664 1338 698 Heius.
1353 662 1398 697 ad
1409 663 1506 697 hunc

826 729 968 751 versum
995 716 1099 750 Ovid.
1126 716 1274 750 Heroid.
1303 717 1404 762 epist.
1431 728 1509 757 xlv,

829 773 877 811 64
894 782 902 804 :
920 770 1024 811 «Quo
1037 769 1125 803 mihi
1140 769 1324 803 commisso
1338 781 1411 802 non
1425 769 1508 802 licet

828 835 900 857 esse
911 823 1006 869 piam
1019 840 1033 852 ι»
1048 822 1130 864 3ubi
1140 829 1228 868 optt.
1241 820 1344 855 codd.
1362 821 1505 863 habent,

824 878 901 921 pice.
917 876 990 910 Cfr.
1008 884 1107 909 notas
1126 874 1209 908 edit.
1230 883 1320 908 nost.
1338 873 1444 907 Ovid.
1461 875 1504 908 T.

829 930 858 971 1,
868 941 902 974 p.
922 942 939 962 2
949 930 1008 963 53.
1019 928 1191 962 En.—Et
1198 930 1275 961 satis
1287 936 1343 961 est.
1355 926 1506 967 Sufficit,

829 982 858 1015 si
872 981 959 1016 mihi
976 981 1078 1015 liceat
1094 981 1241 1014 otiosam
1252 981 1358 1015 vitam
1374 992 1485 1025 agere.

688 1110 908 1167 XLIV.

535 1269 590 1295 ΙΝ
630 1267 1068 1296 CALLIODORUM.

165 1394 359 1436 FEST1VE
381 1391 520 1435 credis
544 1401 586 1435 te
600 1426 611 1442 ,
635 1389 907 1444 Calliodore,
924 1392 1084 1451 jocari,

235 1464 292 1506 Et
318 1461 457 1506 solum
484 1461 622 1506 multo
645 1461 942 1523 permaduisse
972 1461 1071 1505 sale.

167 1532 386 1577 Omnibus
416 1532 599 1589 arrides,
625 1532 804 1577 dicteria
833 1531 938 1576 dicis
964 1532 1008 1575 in
1033 1548 1208 1585 omnes;

237 1604 308 1647 Sic
332 1612 374 1646 te
399 1604 630 1647 convivam
652 1619 780 1664 posse
800 1601 972 1664 placere
995 1612 1135 1663 putas.

165 1675 223 1718 At
243 1674 278 1718 si
297 1690 379 1734 ego
402 1691 491 1718 non
514 1672 625 1718 belle
639 1709 652 1729 ,
677 1674 752 1718 sed
777 1689 880 1718 vere
900 1672 1050 1717 dixero
1071 1672 1300 1733 quiddam;

234 1745 377 1789 Nemo
403 1745 678 1806 propinabit,
703 1743 975 1799 Calliodore,
997 1743 1086 1787 tibi.

154 1896 188 1917 2.
210 1884 256 1916 Te
270 1884 369 1916 solum
388 1882 567 1916 Schrevel.
584 1895 639 1916 an.
667 1886 770 1928 1670.

98 1955 148 1961 —
162 1936 391 1969 Permaduisse.
406 1935 510 1969 Putas
523 1944 557 1970 te
571 1936 685 1970 solum
701 1948 773 1970 esse

98 1990 248 2022 facetum
281 1997 315 2022 et
348 1988 545 2034 jucundum
575 1987 745 2023 divitibus
760 2013 770 2029 ‚

99 2054 251 2088 quorum
276 2054 410 2076 coenam
435 2050 573 2088 captas,
599 2050 634 2076 et
659 2041 771 2076 madi-

99 2094 184 2128 dum
205 2094 452 2141 imbutamque
473 2095 602 2129 salibus
619 2103 654 2129 et
673 2096 771 2141 lepo-

99 2148 208 2181 ribus.

155 2200 188 2234 3.
209 2199 414 2234 Beverlandi
440 2201 512 2235 MS.
533 2201 665 2234 dicteria
686 2201 774 2234 ducis

101 2255 133 2285 in
151 2266 264 2286 omnes.

157 2310 190 2347 4.
201 2306 254 2340 Sic
269 2314 297 2339 te
307 2310 476 2347 convivam,
489 2315 554 2340 etc.
568 2307 614 2341 Et
622 2306 774 2341 dicteriis

102 2359 290 2393 instructus
314 2367 479 2405 tanquam
505 2360 636 2394 facetus
657 2373 775 2394 scurra

102 2424 236 2446 mensas
256 2412 383 2446 alienas
401 2413 503 2458 petis.

158 2465 191 2500 5.
210 2466 261 2499 At
277 2468 306 2498 sc·
326 2478 384 2510 ego
402 2479 483 2499 nunc
498 2467 610 2499 vellem
629 2466 685 2499 tibi
703 2479 776 2499 vere

832 1883 935 1916 dicere
965 1883 1002 1916 in
1028 1882 1151 1916 codice
1175 1882 1372 1916 Pulmanni.
1392 1882 1509 1915 -Ae

832 1938 861 1969 si
874 1949 945 1981 ego,
962 1944 1026 1969 etc.
1045 1936 1092 1969 At
1105 1936 1135 1969 si
1146 1948 1217 1969 non
1233 1935 1337 1977 salse,
1353 1934 1413 1968 sed
1426 1946 1508 1968 vere

833 1988 954 2022 dixero
987 1987 1179 2034 quiddam,
1201 1987 1238 2022 id
1268 1996 1342 2030 est,
1375 1996 1408 2021 te
1437 1999 1508 2021 esse

832 2042 965 2088 impuri
987 2041 1058 2075 oris
1085 2042 1320 2087 φοινικίζοντα,
1347 2053 1451 2074 nemo
1475 2048 1508 2073 te

833 2094 877 2128 ad
906 2103 1074 2129 craterem
1097 2108 1200 2129 suum
1218 2094 1394 2127 invitabit.
1415 2091 1508 2126 Vide

838 2148 899 2181 lib.
929 2148 987 2188 ΙΙ,
1010 2148 1119 2193 epigr.
1142 2160 1198 2181 xv.

889 2204 924 2235 6.
944 2200 1045 2235 Nemo
1058 2201 1251 2246 propinabit.
1269 2200 1420 2244 Propter
1438 2199 1509 2231 oris

833 2254 885 2287 tui
912 2254 1152 2300 impuritatem
1181 2265 1285 2286 nemo
1310 2252 1376 2286 tihi
1409 2264 1509 2285 suum

832 2308 1005 2352 poculum
1030 2305 1145 2340 tradet
1165 2306 1201 2339 in
1227 2317 1300 2351 quo
1322 2305 1443 2346 bibas;
1471 2303 1509 2337 id

836 2368 907 2402 est,
934 2372 1036 2393 nemo
1055 2368 1089 2393 te
1110 2358 1272 2392 invitabit
1296 2357 1340 2391 ad
1366 2369 1509 2391 coenam.

835 2413 906 2454 Qui
924 2412 1161 2458 propinabant
1174 2411 1231 2445 alii
1248 2411 1322 2445 aliis
1332 2437 1340 2452 ,
1351 2411 1456 2456 vulgo
1470 2423 1511 2444 cx

835 2465 961 2499 eodem
976 2465 1109 2510 scypho
1126 2464 1307 2498 bibebant.

1221 2735 1275 2760 ¹0
