1978 3305
359 192 942 236 EPIGRAMMATUM
980 193 1103 236 LIB.
1141 194 1228 236 XI.
1395 193 1491 257 657

232 280 323 322 Nec
352 279 474 321 triste
504 286 697 321 mentum
715 313 726 332 ,
755 277 1003 338 sordidique
1027 277 1243 336 lichenes,
1483 301 1496 325 ⁵

236 349 330 391 Nec
360 347 479 391 labra
509 348 657 407 pingui
688 346 876 390 delibuta
907 357 1078 401 ceroto,

233 418 327 461 Nec
353 416 568 477 congelati
595 426 718 477 gutta
747 416 939 477 proderit
966 419 1069 461 nasi.

234 488 291 530 Et
315 496 566 531 aestuantem
594 486 788 540 basiant,
813 495 856 529 et
882 485 1098 547 algentem
1114 523 1126 542 ,

234 558 291 600 Et
317 555 508 617 nuptiale
537 556 705 599 basium
734 565 1041 599 reservantem.

234 628 332 670 Non
361 636 404 670 te
434 624 614 669 cucullis
642 635 804 668 asseret
833 635 964 685 caput
993 635 1155 670 tectum
1172 661 1184 680 ,

237 697 414 740 Lectica
439 711 519 739 nec
546 704 589 738 te
617 704 709 752 tuta
734 693 845 755 pelle
871 694 1055 755 veloque
1071 730 1082 750 ‚

234 768 325 809 Nec
356 765 591 809 vindicabit
618 763 720 808 sella
752 765 904 825 saepius
934 764 1066 808 clusa.

236 836 385 879 Rimas
412 851 490 896 per
515 851 667 879 omnes
697 834 887 878 basiator
915 835 1108 878 intrabit.

237 905 339 949 Non
369 904 619 949 consulatus
650 905 765 964 ipse,
799 921 888 948 non
914 904 1186 959 tribunatus,

239 976 435 1036 Saevique
465 974 630 1029 fasces,
660 990 740 1018 nec
770 974 956 1035 superba
988 973 1165 1020 clamosi

239 1047 425 1090 Lictoris
454 1045 600 1105 abiget
627 1045 751 1105 virga
778 1045 1051 1088 basiatorem.

239 1115 397 1159 Sedeas
429 1116 471 1158 in
500 1114 587 1158 alto
616 1123 664 1157 tu
692 1113 793 1158 licet
821 1114 1052 1170 tribunali,

238 1187 295 1229 Et
321 1202 344 1229 e
370 1184 511 1229 curuli
532 1185 631 1245 jura
659 1180 860 1245 gentibus
891 1184 1073 1241 reddas,

239 1255 458 1299 Ascendet
484 1253 556 1298 illa
582 1254 799 1310 basiator,
827 1264 956 1314 atque
980 1254 1075 1309 illa;

239 1325 575 1369 Febricitantem
605 1324 790 1368 basiabit
813 1334 856 1368 et
884 1324 1057 1368 flentem
1079 1341 1091 1379 3

240 1396 376 1439 Dabit
402 1395 603 1439 oscitanti
629 1395 794 1438 basium
810 1430 821 1450 ,
849 1395 1127 1454 natantique;

241 1465 376 1509 Dabit
403 1475 447 1509 et
471 1465 639 1509 cacanti
661 1482 670 1508 ε
693 1464 933 1508 remedium
961 1463 1063 1508 mali
1089 1462 1226 1508 solum
1254 1473 1343 1521 est,

241 1536 390 1580 Facias
416 1536 629 1589 amicum,
655 1535 821 1578 basiare
849 1551 977 1595 quem
1008 1533 1132 1578 nolis.

159 1655 193 1691 5.
216 1657 319 1690 Triste
336 1664 481 1689 mentum.
500 1655 691 1699 Mentagra.
712 1654 777 1687 Su-

104 1722 167 1756 pra
183 1721 237 1755 ep.
254 1720 371 1742 xcvn1
383 1734 392 1749 ‚
409 1721 457 1742 vs.
478 1707 496 1741 5
511 1733 520 1749 ,
538 1716 571 1740 et
587 1707 646 1740 lib.
666 1708 703 1749 I,
720 1720 775 1752 ep.

105 1774 298 1804 Lxxxx,vs.2
307 1788 314 1795 .
323 1783 360 1788 —-
369 1762 529 1794 Lichenes.
541 1760 612 1801 Qui
623 1771 641 1791 e
652 1772 778 1804 genere

105 1815 232 1849 cancri.
250 1814 382 1848 Gallice
395 1839 404 1855 ,
421 1814 560 1853 dames,
577 1813 723 1856 gratelle.

159 1869 194 1901 6.
208 1867 324 1901 Cet-ato
333 1867 418 1900 alios
428 1867 539 1911 legere
549 1865 691 1898 Schrev.
704 1877 778 1898 mo-

106 1929 177 1954 net.
193 1919 250 1954 Sic
264 1920 347 1965 legit
362 1918 439 1952 cod.
456 1919 491 1951 in
504 1930 611 1962 marg.
626 1916 684 1950 ed.
701 1918 777 1950 Par.

112 1975 206 2018 1617
219 1998 229 2014 ‚
245 1973 308 2006 ubi
319 1980 460 2006 notatur
476 1983 484 2004 :
504 1970 646 2003 «Graece
663 1977 779 2003 tamen

107 2024 237 2059 dicitur
251 2025 403 2071 κῆρωτον.
421 2042 434 2054 »ι
451 2023 580 2056 -Nec
594 2023 695 2055 labra.
710 2024 779 2056 De-

107 2078 218 2112 libuta
230 2086 411 2123 unguento
422 2089 441 2110 e
452 2089 527 2110 cera
538 2102 547 2118 ,
558 2083 615 2108 aut
625 2088 760 2109 cerussa
772 2101 781 2118 ,

108 2129 152 2164 ad
164 2131 301 2165 fissuras
317 2138 351 2164 et
364 2130 490 2163 ulcera.
509 2130 542 2162 F
541 2128 700 2161 arnabius.

163 2197 198 2228 7.
216 2183 393 2228 Congelati.
407 2182 577 2222 Lib.VII,
591 2193 646 2226 ep.
662 2192 778 2214 xxxvl.

163 2249 197 2281 9.
216 2236 367 2280 Nuptiale
388 2242 600 2268 reservantem.
618 2233 695 2266 Hoc
713 2242 779 2274 est,

110 2297 211 2334 atque
239 2301 317 2322 eum
348 2288 501 2328 basiant,
524 2286 586 2331 qui
609 2298 696 2331 pura
718 2298 779 2319 sua

110 2342 225 2376 oscula
247 2349 357 2375 servat
376 2340 496 2378 uxori,
517 2339 572 2371 vel
595 2351 740 2383 sponsae.

169 2407 225 2428 10.
246 2394 382 2436 Auser-et
402 2391 479 2426 cod.
502 2391 635 2424 Beverl.

170 2459 183 2480 1
196 2459 224 2479 1.
252 2447 333 2479 Tuta
351 2446 452 2491 pelle,
475 2445 613 2490 Telaque.
633 2443 782 2476 Lecticae

112 2509 226 2533 autem
243 2499 392 2544 pellibus
407 2498 558 2543 velisque
576 2496 781 2529 munieban-

114 2562 181 2586 tur.
200 2552 296 2596 Lips.
316 2552 423 2584 Elect.
442 2551 502 2583 lib.
521 2551 556 2589 Ι,
573 2562 646 2593 cap.
672 2561 728 2592 ¹9·

166 2618 214 2638 12.
227 2604 412 2636 Vendicalziz·
427 2602 504 2635 odd.
519 2610 601 2634 vett.
614 2610 645 2634 et
656 2601 780 2646 Delph.

219 2672 281 2714 ΙΙ.

837 1663 871 1687 et
891 1654 1036 1688 Farnab.
1058 1655 1098 1687 In
1115 1667 1222 1699 marg.
1244 1654 1299 1689 ed.
1320 1656 1396 1690 Par.
1418 1659 1507 1703 1617

836 1715 998 1740 notatur:
1016 1725 1029 1736 κ
1043 1707 1138 1740 Fort.
1159 1708 1344 1741 vindicabit.
1361 1726 1375 1738 ι»

894 1760 948 1793 15.
966 1760 1099 1806 Senique
1115 1759 1173 1793 dat
1190 1759 1363 1794 Schrevel.
1381 1769 1415 1794 et
1432 1761 1481 1795 ait
1499 1774 1508 1796 :

842 1812 970 1845 «Palnt.
999 1812 1082 1857 legit
1107 1815 1208 1845 senive
1235 1808 1317 1856 (hoc
1342 1813 1400 1847 dat
1426 1814 1508 1848 edit.

837 1863 972 1906 Bura),
992 1877 1056 1898 nec
1076 1864 1199 1898 dubito
1218 1865 1363 1911 intelligi
1385 1875 1512 1912 praetu-

836 1930 921 1951 ram.
938 1934 951 1947 »
965 1939 1016 1943 —-
1031 1917 1307 1964 Saeviquefasces,
1328 1927 1392 1952 etc.
1416 1920 1510 1953 Prae-

836 1970 897 2003 lati
927 1983 1053 2015 nempe
1083 1971 1226 2016 praetori
1260 1983 1277 2003 a
1310 1972 1510 2006 lictoribus.

837 2023 925 2055 Nam
963 2031 1148 2068 praetores,
1173 2023 1235 2068 qui
1263 2023 1406 2069 quidem
1437 2037 1509 2057 am-

837 2075 984 2120 plissimi
1005 2085 1080 2120 post
1098 2076 1259 2109 consules
1277 2077 1511 2122 magistratus,

838 2140 896 2161 sex
919 2128 1100 2161 lictoribus
1130 2129 1329 2162 utebantur.
1351 2151 1404 2155 —-
1424 2130 1509 2163 Lin-

838 2180 1018 2226 quendum
1041 2181 1184 2214 omnino
1205 2184 1300 2222 saevi,
1321 2182 1402 2215 licet
1427 2182 1511 2217 hinc

839 2233 935 2278 quasi
963 2234 1181 2278 pleonasmus
1213 2234 1373 2276 oriatnr3
1399 2236 1509 2269 veluti

839 2285 970 2319 diceret
995 2298 1003 2319 1
1028 2299 1143 2332 neque
1168 2287 1356 2321 consularis
1383 2288 1508 2333 fastigii

839 2337 988 2384 dignitas
1002 2365 1009 2380 ,
1024 2351 1137 2384 neque
1153 2339 1270 2372 fasces.

898 2404 909 2424 1
922 2392 954 2424 8.
969 2392 1089 2424 curuli.
1103 2392 1193 2425 Sella
1205 2392 1370 2433 eburnea,
1380 2405 1445 2438 qua
1461 2405 1509 2427 se-

840 2442 958 2476 dentes
976 2444 1192 2489 magistratus
1205 2445 1260 2489 jus
1277 2443 1448 2478 dicebant.

897 2497 953 2530 23.
975 2497 1091 2529 Facias
1111 2499 1252 2529 amicum.
1271 2497 1319 2529 Ut
1338 2498 1439 2531 basiis
1458 2499 1509 2530 ni-

841 2549 887 2581 hil
910 2549 951 2581 sit
969 2562 1075 2593 opus,
1094 2550 1218 2594 quihus
1236 2558 1328 2582 tuam
1347 2551 1410 2584 sibi
1427 2551 1509 2583 ami-

842 2601 956 2634 citiam
976 2603 1133 2635 conciliet
1152 2602 1309 2635 basiator.

1204 2669 1264 2721 [42
