1978 3305
151 258 552 270 usmxsszxswvsusvn
559 259 614 268 §.nx
621 260 631 267 ι
639 257 813 268 »ιιικιωςι

822 259 834 267 ι
841 254 1525 267 ιωωινιννιωωωῐιεςωιιῆιιπ

247 441 362 517 Μ.
409 437 667 516 VAL.
731 436 1433 516 MARTIALIS

148 635 1532 781 EPIGRAMMATUM

620 866 909 931 LIBER
968 866 1049 930 X.

503 1048 872 1070 -—-—-—aa-000
890 1051 896 1052 ‘

817 1180 861 1233 Ι.

504 1336 670 1363 LIBER
709 1337 780 1364 An
820 1315 1173 1365 LECTOREM*

206 1431 280 1508 SI
304 1462 460 1504 nimius
484 1461 656 1515 videor,
677 1477 858 1521 seraque
883 1460 1089 1504 coronide
1114 1460 1269 1521 longus

273 1533 377 1574 Esse
407 1530 542 1574 liber:
575 1530 706 1592 legito
735 1547 900 1592 pauca,
932 1530 1101 1575 libellus
1128 1547 1214 1574 ero.

202 1603 373 1661 Terque
396 1611 634 1662 quaterque
659 1601 765 1644 mihi
789 1601 938 1645 finitur
962 1603 1154 1646 carmine
1178 1616 1314 1662 parvo

186 1731 201 1746 *
217 1740 320 1772 Deest
335 1739 457 1772 titulus
469 1739 506 1771 in
522 1737 601 1771 eod.
619 1739 809 1771 manuscri-

133 1791 202 1837 ptis
221 1799 254 1824 et
276 1791 374 1824 libris
397 1791 568 1836 antiquis;
587 1792 681 1823 Liber
701 1792 746 1823 ad
763 1792 807 1823 le-

133 1853 245 1877 ctorem
258 1844 457 1877 inscribunt
469 1842 549 1877 edd.
563 1844 784 1877 recentiores.

186 1919 238 1923 —
253 1897 369 1930 Omne
388 1897 469 1930 tulit
487 1906 662 1942 punctum
686 1896 744 1929 hic
766 1897 808 1929 li-

134 1950 214 1982 ber:
236 1959 369 1989 castus,
393 1949 524 1990 dulcis,
554 1949 712 1983 eruditus
736 1959 808 1991 est;

135 2015 275 2035 morum
295 2011 469 2049 praecepta
489 2003 664 2044 continet;
680 2001 811 2035 descri-

135 2055 315 2100 ptionibus
325 2056 427 2088 variis
445 2055 601 2089 abundat
615 2056 738 2097 3nullae
755 2064 813 2089 aut

135 2108 317 2142 rarissimae
342 2108 579 2150 adulationes,
610 2109 692 2154 quia
721 2122 813 2141 mor·

136 2169 215 2193 tuus
244 2161 302 2194 ille
327 2162 499 2194 Dominus
526 2163 690 2207 Deusque
703 2187 711 2203 ‚
742 2162 811 2195 hoc

136 2222 186 2246 est
206 2239 215 2253 ‚
252 2214 381 2258 impius
402 2223 593 2259 tyrannus,
628 2226 810 2248 servorum

136 2278 282 2298 suorum
310 2267 403 2299 ferro
423 2279 546 2303 caesus:
569 2268 625 2300 cui
649 2267 813 2300 successit

136 2319 250 2351 Nerva
263 2344 272 2359 ‚
290 2327 324 2352 et
334 2319 458 2352 Nervae
472 2332 553 2352 mox
566 2321 753 2366 ijanus,
768 2320 813 2353 ad

136 2384 240 2416 quem
261 2380 343 2404 sunt
364 2372 451 2405 lecta
467 2371 628 2418 quaedam
650 2372 754 2418 hujus
772 2373 813 2404 li-

137 2424 190 2456 bri
206 2425 467 2470 epigrammata.
487 2425 639 2457 liuderus.

195 2477 285 2517 1.Si‚
300 2485 367 2510 etc.
382 2493 394 2504 ι·
410 2478 598 2510 Possishoc
609 2478 812 2510 tetrasticho

137 2529 239 2562 linire
256 2530 386 2563 librum
407 2543 540 2563 nonum
553 2531 671 2575 potius
682 2555 693 2571 ‚
709 2542 813 2575 quam

136 2582 301 2616 inchoare
314 2582 492 2616 decimum
504 2609 514 2622 ,
526 2583 592 2616 nisi
603 2584 707 2616 Poeta
723 2582 814 2616 (licat

137 2635 253 2678 legito„
280 2635 375 2681 quod
404 2645 607 2681 sequentem
632 2637 784 2669 laborem
805 2661 812 2675 ‚

867 1751 939 1771 non
960 1740 1176 1784 praeteritum
1197 1747 1339 1783 spectat.
1356 1756 1367 1768 -ι
1388 1740 1542 1772 liuderus.

867 1792 1054 1824 -Videar
1065 1800 1115 1824 est
1132 1792 1168 1824 in
1186 1792 1262 1824 MS.
1281 1792 1481 1824 Pulmanni.
1497 1813 1538 1818 —

870 1844 1038 1877 Coronide.
1065 1845 1178 1886 Quam
1208 1844 1257 1877 sic
1287 1845 1436 1888 explicat
1466 1845 1541 1878 Cae-

867 1897 934 1930 lius
959 1896 1180 1942 Rhodiginus
1201 1898 1263 1930 lib.
1283 1898 1365 1938 XV,
1383 1910 1460 1943 cap.
1485 1910 1542 1930 20.

870 1950 1018 1983 Coronis
1035 1950 1207 1995 significat
1227 1950 1386 1982 ultimam
1402 1951 1454 1983 rei
1473 1962 1545 1982 ma-

872 2015 961 2036 num
982 2002 1159 2037 admotam
1171 2029 1180 2046 ‚
1192 2015 1255 2036 nec
1270 2003 1435 2036 effectum
1447 2016 1547 2047 opus,

871 2055 932 2088 sed
959 2069 1102 2102 prorsus
1132 2056 1345 2101 completum
1359 2082 1367 2096 ‚
1387 2056 1544 2088 finitum-

871 2122 939 2154 que
956 2121 964 2142 :
982 2108 1155 2154 siquidem
1171 2109 1309 2142 coronis
1322 2117 1372 2142 est
1388 2108 1546 2153 quando-

871 2175 939 2208 que
965 2163 1093 2196 montis
1120 2170 1261 2203 vertex,
1280 2170 1338 2194 aut
1365 2169 1547 2194 structurae

871 2227 1074 2256 summum,
1104 2214 1318 2260 quandoque
1346 2226 1428 2247 vero
1450 2213 1547 2259 quod

872 2269 909 2300 in
933 2268 1004 2300 fine
1033 2268 1113 2300 libri
1141 2267 1298 2313 ponitur.
1330 2267 1480 2300 Coronis
1503 2268 1547 2300 si-

874 2321 1015 2365 gnificat
1036 2329 1070 2353 et
1089 2320 1186 2353 navis
1205 2320 1375 2365 puppim,
1392 2319 1488 2365 quod
1508 2321 1550 2352 sit

875 2374 910 2405 in
943 2375 1016 2417 ejus
1045 2373 1144 2418 apice
1166 2381 1347 2405 curvatum
1370 2380 1521 2405 rostrum
1540 2384 1550 2413 ;

876 2424 968 2458 unde
978 2424 1167 2459 deductum
1180 2426 1274 2458 hunc
1292 2424 1461 2470 loquendi
1475 2437 1551 2458 rno-

875 2477 960 2511 dum
976 2486 1101 2523 putant
1120 2478 1292 2511 nonnulli.

929 2532 962 2564 3.
985 2532 1105 2577 Terque
1120 2539 1299 2577 quaterque.
1315 2531 1346 2563 O
1361 2531 1480 2571 lector,
1497 2532 1548 2562 in-

875 2585 952 2629 quit
980 2584 1086 2620 liber,
1109 2593 1207 2630 potes
1236 2597 1292 2616 me
1320 2585 1552 2623 contrahere,

875 2645 1043 2681 quantum
1065 2638 1165 2683 cupis
1188 2650 1194 2670 τ
1215 2650 1323 2682 quum
1349 2637 1492 2682 singulis
1521 2636 1554 2668 in

1256 2701 1348 2752 30⁵⁸
