1978 3305
351 229 940 275 EPIGRAMMATUM
978 229 1102 272 LIB.
1143 229 1199 270 X.

1383 226 1477 273 525

659 379 902 436 XLIX.

590 534 645 562 IN
693 513 963 565 COTTAM.⁴

281 660 433 716 QUUM
459 667 583 719 potes
614 657 926 718 amethystinos
955 658 1154 712 trientes,

281 731 337 772 Et
368 729 493 789 nigro
524 728 698 772 madeas
727 729 985 788 Opimian03

279 800 488 859 Propinas
515 797 647 842 modo
673 798 898 842 conditum
923 797 1155 851 Sabinum,

280 871 337 912 Et
360 868 467 912 dicis
490 869 622 923 mihi,
649 870 802 922 Cotta,
822 869 899 912 Vis
929 869 973 911 in
1000 867 1138 911 auro?

278 939 521 1000 Quisquam
550 938 756 1000 plumbea
784 939 883 982 vina
910 937 1005 982 vult
1030 939 1075 981 in
1103 937 1238 983 auro?

122 1072 137 1086 ¹
166 1076 438 1111 Convivatorem
468 1077 657 1112 sordidum
686 1077 747 1112 sed

70 1129 288 1163 liberalitatis
328 1131 474 1176 gloriam
517 1139 748 1176 aucupantem

70 1183 199 1228 carpit,
229 1183 289 1228 qui
316 1184 458 1217 bibebat
482 1184 691 1223 Falernum,
713 1193 748 1217 et

71 1235 228 1268 convivis
251 1236 288 1268 in
310 1248 395 1269 auro
416 1236 627 1282 propinabat
648 1236 746 1270 Sabi·

72 1300 176 1329 num,
200 1288 324 1321 vinum
342 1288 585 1323 deterrimum.

129 1353 160 1373 1.
186 1341 291 1385 Quum
313 1350 422 1386 potes,
444 1341 613 1376 etc.Vide
639 1342 747 1387 gemi-

70 1405 156 1426 num
186 1393 270 1427 huic
297 1394 358 1428 lib.
388 1396 457 1436 IV,
476 1394 586 1440 epigr.
618 1407 746 1428 mxxv.

71 1467 122 1472 —-
143 1446 365 1491 Amethystino
385 1447 452 1493 legi
474 1448 549 1481 vult
571 1447 746 1481 Schrevel.

71 1506 105 1531 et
127 1498 174 1531 sic
201 1499 283 1544 legit
302 1498 439 1533 Calder.
469 1508 502 1534 et
533 1500 673 1534 Salmas.
703 1499 747 1534 ad

71 1550 180 1584 Solin.
210 1564 286 1597 pag.
323 1565 409 1596 290.
429 1574 481 1579 —-
496 1554 746 1597 Ametlzystinos.

71 1603 230 1649 Scyphos
255 1605 400 1650 gemmis
427 1614 588 1646 ornatos,
608 1605 664 1639 vel
693 1606 746 1638 vi-

70 1664 176 1697 treos,
186 1665 220 1690 et
229 1657 422 1703 pellucidos
431 1658 539 1692 instar
547 1658 745 1704 amethysti.

72 1708 235 1754 Suspicio
259 1710 468 1756 quibusdam
501 1710 627 1745 incidit
656 1711 747 1744 desi-

71 1762 169 1806 gnari
193 1762 251 1796 hic
277 1775 340 1808 per
363 1767 398 1797 τὸ
429 1764 651 1809 amethystinos
671 1764 746 1796 vini

72 1814 237 1848 colorem.
250 1815 319 1849 Vix
334 1816 487 1850 ferebam
498 1843 506 1859 ‚
522 1816 681 1849 nondum
701 1817 747 1849 le-

71 1866 136 1899 ctis
147 1879 224 1912 quae
234 1877 447 1913 sequuntur;
460 1870 562 1914 plane
572 1882 673 1915 neg0‚
687 1869 748 1915 qui

72 1931 169 1953 nunc
184 1919 289 1954 video
305 1921 342 1954 in
358 1922 518 1967 proximo
534 1935 636 1955 versu
656 1925 747 1967 nigro

76 1971 256 2017 Opimiano.
277 1974 344 2007 En.
364 1995 416 2002 —-—
438 1976 469 2008 T
468 1978 591 2008 mentes.
622 1975 747 2008 Triens

73 2034 145 2058 erat
162 2026 263 2059 tertia
278 2028 507 2073 sextariipars
518 2053 527 2068 ‚
547 2036 582 2061 et
598 2037 748 2073 quatuor

73 2077 220 2122 cyathos
233 2092 294 2112 seu
308 2080 427 2114 uncias
437 2082 649 2115 continebat.
661 2080 744 2114 Vid.

75 2129 134 2163 lib.
153 2131 187 2171 1,
204 2132 312 2177 epigr.
328 2145 422 2173 cvn,
438 2146 470 2167 v,
497 2135 531 2168 8.

129 2194 160 2215 2.
184 2184 364 2228 Opimiano.
386 2187 437 2220 De
454 2186 540 2219 vino
555 2186 745 2232 Opimiano

804 1076 939 1111 dictum
957 1078 1017 1112 lib.
1039 1078 1057 1111 I
1068 1104 1076 1119 ‚
1093 1091 1148 1124 ep.
1167 1091 1278 1112 xxvn.
1295 1100 1348 1106 —
1361 1080 1476 1125 Nigro.

803 1128 848 1163 Id
870 1139 921 1164 est
940 1131 1056 1172 fusco,
1082 1143 1287 1177 purpureo;
1315 1132 1383 1166 hoc
1410 1135 1478 1178 jam

805 1184 948 1217 ἐπίθετον
964 1196 1053 1229 saepe
1062 1183 1214 1218 vidimus
1223 1185 1352 1218 Nostro
1366 1187 1399 1219 in
1414 1199 1476 1219 usu

805 1249 896 1278 esse,
917 1237 978 1269 ubi
1000 1236 1044 1270 de
1065 1237 1213 1271 Falerno
1234 1239 1336 1271 canit.
1357 1239 1402 1271 Et
1423 1239 1481 1272 hic

804 1289 921 1322 forsan
935 1315 943 1329 ,
960 1302 1071 1334 quum
1090 1303 1204 1335 neque
1220 1290 1305 1323 illud
1324 1291 1414 1324 clare
1431 1292 1481 1324 in·

805 1340 900 1375 dicet
916 1354 1033 1387 neque
1048 1343 1116 1376 hoc
1133 1343 1207 1376 vini
1223 1356 1352 1388 genus,
1366 1344 1478 1377 Faler-

804 1407 893 1427 num
910 1394 1028 1428 innuit
1041 1395 1136 1441 quod
1150 1404 1188 1429 ut
1201 1396 1360 1430 Setinum
1374 1405 1407 1430 et
1420 1398 1479 1430 Al-

802 1448 937 1481 banum
948 1474 957 1487 ‚
990 1460 1112 1482 revera
1147 1448 1377 1494 Opimianum
1409 1463 1479 1483 esse

805 1508 922 1545 potest
934 1526 943 1541 ‚
961 1509 1066 1546 atque
1083 1516 1096 1529 «ι
1114 1502 1284 1547 Capillato
1311 1501 1477 1536 diffusum

806 1554 980 1587 consule..
994 1580 1002 1587 .
1016 1555 1085 1587 Aut
1107 1567 1126 1587 e
1153 1555 1278 1588 calcata
1301 1555 1398 1589 bellis
1423 1569 1478 1589 so·

806 1606 951 1639 cialibus
969 1619 1047 1639 uva.
1065 1624 1078 1636 n
1105 1606 1171 1641 ΕΒ.

861 1658 894 1691 3.
910 1659 1009 1692 ‚Modo
1020 1659 1179 1692 conditum
1192 1659 1355 1694 Sabinum.
1368 1660 1478 1702 Quod

806 1719 922 1744 tamen
939 1720 1020 1746 ante
1035 1725 1164 1746 annum
1184 1722 1319 1746 sextum
1338 1726 1411 1747 non
1430 1723 1479 1747 est

805 1765 971 1810 potabile.
994 1764 1080 1799 Vid.
1109 1765 1153 1798 ad
1190 1766 1298 1812 epigr.
1330 1766 1477 1812 praeced.

806 1829 857 1850 vs.
874 1830 916 1861 19
935 1825 1108 1851 notatum.

863 1871 897 1903 5.
912 1870 1077 1910 Plumbea,
1092 1878 1158 1904 etc.
1173 1871 1324 1905 Pessima
1338 1879 1371 1905 et
1387 1872 1480 1904 vilis-

806 1922 911 1964 sima,
940 1932 978 1956 ut
998 1923 1089 1956 inter
1109 1925 1246 1957 metalla
1270 1925 1476 1970 plumbum,

788 1988 912 2022 ¹aureo
933 1976 1061 2020 poculo
1089 1976 1245 2022 indigna.
1258 1998 1308 2003 --
1328 1977 1479 2010 Plumbea

806 2029 1075 2062 ‘1·ina.Vilissima
1086 2029 1226 2074 quidem
1240 2030 1403 2074 intellige.
1416 2031 1480 2063 Ne-

806 2093 892 2126 que,
923 2090 962 2114 ut
989 2081 1196 2127 quibusdam
1227 2083 1315 2115 forte
1337 2083 1480 2115 obvium

805 2133 996 2176 videbitur,
1015 2147 1092 2180 quae
1110 2135 1283 2180 plumbeis
1303 2135 1481 2169 mixtioni-

805 2187 873 2220 bus
893 2187 1011 2220 vitiata
1032 2196 1067 2220 et
1084 2186 1275 2222 adulterata
1296 2189 1374 2221 sint.
1393 2185 1460 2221 En.
