1978 3305
355 317 943 365 EPIGRAMMATUM
980 316 1107 359 LIB.
1146 315 1231 357 VI.

1403 312 1496 374 173

278 411 497 469 ‘Longam
518 408 591 467 qui
613 415 737 468 putat
761 420 852 448 esse
867 440 878 459 ‚
906 404 1124 446 Martiane
1138 437 1150 456 ‚

296 478 490 522 Multum
513 477 814 538 decipiturque
835 474 1096 534 falliturque.

297 550 400 594 Non
423 558 488 593 est
510 548 683 601 vivere,
703 549 778 590 sed
803 544 945 588 valere
959 579 971 599 ‚
994 544 1097 588 vita.

145 695 159 715 1
170 681 203 715 3.
224 681 396 714 Martiana.
412 685 466 714 An
484 688 534 713 est
550 678 688 712 Flavius
704 677 763 710 ille

87 734 280 768 Martianus
294 733 338 767 de
351 746 420 779 quo
437 733 528 765 Plin.
545 731 643 777 epist.
657 742 687 763 11
699 757 708 771 ‚
727 729 763 763 2?

145 791 202 827 14.
228 788 405 831 Decipitur.
427 785 517 818 Nam
542 784 603 830 qui
624 782 688 816 diu
709 782 761 815 vi-

87 849 174 873 vunt
185 866 194 880 ‚
221 847 260 872 ut
285 839 443 872 Priamus
469 846 504 872 et
527 838 655 870 Nestor
666 862 675 877 ,
700 836 763 881 qui

86 893 182 938 gravi
199 892 306 925 animi
321 900 356 925 et
370 891 529 936 corporis
543 889 666 923 dolore
681 901 760 922 cru-

87 945 169 978 ciati
180 953 277 984 sunt,
291 957 363 977 non
376 944 542 977 fruuntur
554 943 626 976 vita
640 942 760 987 longa,

87 997 148 1031 sed
163 998 224 1043 qui
237 1010 372 1043 semper
391 997 465 1031 sani
483 1003 565 1029 sunt
578 1021 588 1038 ‚
605 1003 640 1029 et
654 994 762 1029 vitam

822 676 969 709 hilarem
991 683 1108 721 agunt.
1125 674 1296 720 Decipere
1308 698 1317 715 ‚
1340 681 1492 718 aur-aper,

822 729 940 774 dupe&
962 736 996 761 at
1014 728 1132 761 fallere
1145 752 1154 768 ‚
1174 727 1295 760 induit-e
1315 739 1352 758 en
1370 738 1495 759 ert-eur:

821 782 921 828 Virg.
946 783 1024 815 AEn.
1054 781 1120 820 IV,
1144 793 1183 822 ¹7
1202 805 1212 822 ‚
1233 797 1247 810 α
1268 792 1366 812 amor
1393 778 1496 813 dece-

821 843 917 881 ptam
937 842 1051 867 morte
1074 833 1208 866 fefellit.
1225 850 1238 862 n
1256 833 1323 865 En.

880 903 892 921 1
902 888 919 921 5
927 915 934 921 .
949 887 1025 921 Non
1034 895 1081 919 est
1092 888 1209 926 virere,
1225 894 1291 918 etc.
1304 886 1429 925 Immo,
1440 897 1497 916 va·

821 941 883 973 lere
900 948 947 973 est
960 939 1189 986 philosophari,
1207 938 1322 984 inquit
1341 937 1492 978 Seneca;

821 995 886 1026 sine
905 994 962 1026 hoe
981 1006 1066 1038 aeger
1079 1000 1135 1031 est,
1159 993 1292 1025 animus·
1312 991 1491 1036 Epist.15·

667 1130 916 1188 LXXI.

564 1282 630 1309 DE
669 1260 1029 1310 TELETHUSAf

159 1403 319 1446 EDERE
348 1400 531 1445 lascivos
557 1399 612 1442 ad
635 1400 795 1444 Baetica
821 1407 1039 1443 crusmata
1063 1407 1208 1459 gestus
1224 1434 1235 1454 ‚

230 1474 288 1515 Et
318 1471 546 1516 Gaditanis
578 1469 727 1513 ludere
757 1469 886 1514 docta
913 1469 1076 1525 modi53

157 1541 353 1586 Tendere
377 1558 472 1602 quae
495 1540 729 1585 tremulum
754 1539 926 1595 Pelian,
953 1540 1230 1600 Hecubaeque
1253 1540 1457 1584 maritum

229 1614 381 1657 Posset
410 1612 466 1655 ad
495 1614 736 1656 Hectoreos
766 1610 998 1656 sollicitare
1022 1627 1179 1670 rogos3

141 1744 158 1757 “
174 1746 226 1778 De
251 1746 439 1778 Theletlzusa
460 1743 665 1777 Beverlandi
686 1743 762 1777 MS.

90 1799 142 1831 De
165 1799 331 1831 Thelesina
358 1799 394 1831 in
419 1796 497 1831 Ald.
520 1798 620 1830 Junt.
645 1797 761 1830 Colin.

89 1851 228 1897 Gryph.
240 1860 304 1885 etc.
316 1852 368 1884 De
382 1851 549 1883 Telethusa
561 1849 671 1883 codex
681 1849 763 1882 Pul·

90 1904 222 1937 manni.

147 1970 178 1991 1.
192 1957 299 1990 Edere
316 1957 461 1995 lascivos,
482 1964 547 1989 etc.
563 1956 656 1989 Eum
671 1955 762 1989 deri-

89 2009 148 2044 det
163 2011 269 2044 Poeta
281 2036 290 2050 ‚
307 2010 368 2055 qui
385 2008 593 2043 vendiderat
606 2009 766 2042 Thelesi-

88 2075 169 2096 nam
181 2089 190 2105 ‚
200 2063 257 2096 vel
268 2063 494 2096 Telethusam
508 2075 607 2095 suam
619 2075 765 2105 servam,

90 2128 192 2161 quam
211 2124 331 2162 postea
344 2117 418 2161 ejus
435 2127 556 2149 amore
571 2123 694 2160 captus
710 2127 765 2149 re-

90 2167 329 2203 demit.—Ad
339 2169 463 2202 Baetica
479 2176 635 2201 crusmata
645 2177 764 2213 gestus.

90 2223 289 2266 Κροὺματα,
304 2230 555 2268 tympanorum
574 2229 608 2254 et
624 2223 766 2267 cymba-

90 2274 205 2307 lorum
217 2275 343 2320 pulsus
355 2287 436 2308 cum
450 2274 645 2319 digitorum
658 2275 769 2320 crepi-

91 2335 131 2360 tu
145 2353 153 2367 ,
171 2326 367 2372 cujusmodi
383 2328 582 2360 saltationes
603 2327 767 2373 Hispanis

91 2380 129 2413 in
143 2393 207 2413 usu
221 2392 293 2413 esse
307 2378 410 2413 docet
424 2381 458 2413 J.
470 2381 509 2414 C.
521 2380 644 2425 Scalig.
655 2381 716 2414 lib.
728 2382 744 2413 I
757 2406 766 2421 ,

89 2445 167 2478 cap.
186 2445 199 2466 1
210 2433 243 2466 8.
258 2432 357 2465 Poet.
370 2441 403 2465 et
413 2432 520 2466 hodie
533 2431 704 2466 videmus.
715 2455 767 2460 —-

93 2485 272 2520 crusmata.
287 2485 365 2518 Hoc
378 2493 429 2519 est
439 2513 447 2526 ‚
464 2485 598 2519 sonitus
607 2510 616 2526 ,
631 2498 650 2518 a
659 2487 766 2519 verbo

90 2540 208 2584 κςεύω,
226 2539 330 2584 pulso.
350 2538 474 2571 Boetica
487 2565 496 2578 ‚
518 2538 648 2571 scilicet
661 2564 670 2578 ‚
687 2538 767 2572 His-

91 2604 198 2636 pana;
213 2592 315 2625 Baetis
327 2591 420 2624 enim
435 2590 613 2637 Hispaniae
626 2591 765 2631 fluvius;

92 2643 198 2677 hodie
209 2669 219 2684 ‚
239 2644 483 2689 Guadalquivir.
505 2644 632 2677 Pueliae
648 2653 764 2677 autem

93 2696 268 2742 Hispaniae
279 2723 288 2736 ‚
303 2697 451 2730 maxime
467 2696 648 2731 Gaditana:
660 2725 668 2738 ‚
683 2698 766 2731 cho-

95 2762 167 2783 reas
184 2750 329 2793 agebant
349 2749 448 2783 valde
467 2751 620 2783 lascivas.

878 1758 908 1776 2.
938 1744 1057 1777 Modis.
1089 1744 1186 1785 Quos
1215 1751 1287 1777 tres
1317 1753 1498 1777 enumerat

823 1796 909 1829 ibid.
932 1797 1082 1842 Scaliger
1100 1797 1319 1829 cltirouomiam
1333 1823 1342 1836 ,
1365 1797 1470 1829 halma
1487 1824 1496 1836 ‚

823 1851 978 1883 lactisma.
993 1849 1086 1883 Vide
1105 1850 1165 1882 lib.
1187 1850 1223 1882 II
1237 1875 1246 1891 ‚
1265 1850 1375 1895 epigr.
1399 1862 1475 1883 x1.11
1490 1876 1499 1893 ,

829 1915 871 1936 12
889 1916 897 1942 ;
917 1903 978 1936 lib.
995 1904 1042 1944 V,
1061 1903 1170 1948 epigr.
1187 1915 1326 1936 Lxxvnt
1338 1929 1346 1943 ‚
1362 1915 1411 1935 VS.
1437 1906 1496 1937 26.

824 1955 995 2001 Idemque
1028 1968 1228 2001 expressum
1257 1969 1275 1989 a
1301 1956 1470 1990 Juvenale
1487 1982 1496 1996 ,

826 2010 897 2043 Sat.
918 2022 978 2051 Χῖ,
997 2022 1048 2043 vs.
1075 2011 1158 2043 162.

881 2062 916 2094 3.
932 2063 1032 2095 Pelioe
1047 2061 1157 2095 codex
1173 2062 1331 2095 Florent.
1347 2084 1400 2088 —
1415 2062 1500 2094 Ten-

825 2115 898 2148 dere
917 2129 986 2162 quae
1004 2116 1179 2148 tremulum.
1200 2115 1338 2156 Quibus
1355 2113 1399 2147 ad
1418 2115 1498 2148 libi-

826 2167 946 2202 dinem
960 2168 1103 2202 incendi
1111 2168 1330 2214 J'amsrigidus
1342 2181 1407 2201 oevo
1419 2169 1503 2200 Lao-

827 2222 1037 2254 medontiades
1055 2230 1086 2254 et
1103 2222 1248 2254 Nestoris
1265 2222 1373 2253 hernia
1385 2223 1499 2266 possit.

825 2275 1005 2308 Juvenalis
1028 2275 1065 2308 in
1085 2274 1154 2308 Sat.
1173 2286 1232 2314 τι,
1252 2287 1302 2307 vs.
1333 2274 1420 2307 325.
1446 2295 1498 2301 —

832 2328 982 2361 Tendere.
1014 2326 1068 2360 Ad
1097 2339 1171 2360 rem
1196 2328 1391 2360 Veneream
1422 2325 1499 2360 ido-

826 2392 932 2413 neum
952 2379 1101 2414 reddere
1116 2407 1124 2421 ‚
1140 2392 1331 2426 rursusque
1346 2393 1388 2413 ex
1405 2380 1500 2413 vieto

826 2432 1073 2479 decrepitoque
1086 2445 1166 2466 sene
1182 2432 1437 2467 adolescentem
1453 2434 1503 2467 fa-

827 2498 916 2519 cere.
928 2508 978 2512 -—
989 2487 1116 2519 Pelian.
1132 2487 1271 2520 Patrem
1280 2487 1418 2520 Jasonis
1429 2487 1505 2520 lon-

827 2551 961 2583 gaevum
970 2566 978 2580 ,
998 2551 1116 2584 regem
1133 2540 1330 2573 Thessaliae.
1340 2540 1501 2572 —Hecu-

827 2591 934 2637 boeque
943 2595 1099 2624 maritum.
1111 2593 1300 2625 Priamum.

882 2649 916 2685 4.
943 2645 1120 2678 Solicitata.
1149 2645 1263 2679 Codd.
1286 2646 1443 2679 Pulman.
1468 2654 1499 2676 et

828 2698 982 2731 Florent.
1005 2699 1045 2731 In
1066 2699 1140 2731 aliis
1157 2699 1247 2731 male
1263 2707 1345 2731 toros
1363 2711 1428 2744 pro
1448 2712 1497 2730 ro-

826 2764 894 2794 gos.
922 2774 967 2778 —
987 2752 1046 2785 ,Ad
1062 2752 1233 2784 Hectoreos
1253 2765 1355 2795 rogos.
1380 2752 1445 2785 x‘el
1467 2753 1498 2783 ln
