1978 3305
408 214 506 261 658

781 216 842 257 M.
864 215 1005 258 VAL.
1046 214 1439 257 MARTIALIS

994 365 1230 424 XCIX.

932 523 983 551 IN
1024 521 1289 550 LESBIAM.

477 659 547 702 DE
574 655 782 700 cathedra
804 655 974 715 quoties
1004 654 1168 714 surgis,
1189 653 1277 713 jam
1304 668 1417 713 saepe
1441 654 1614 707 notavi,

547 726 763 770 Paedicant
792 725 992 768 miseram
1008 759 1020 776 ,
1045 723 1203 767 Lesbia
1220 757 1231 777 ‚
1261 732 1302 766 te
1330 724 1500 767 tunicae.

476 798 597 854 Quas
626 812 762 857 quum
794 803 951 839 conata
979 810 1023 838 es
1053 793 1228 849 dextra,
1257 802 1415 837 conata
1442 794 1612 837 sinistra

548 866 747 921 Vellere,
775 881 874 910 cum
907 863 1109 925 lacrymis
1133 864 1311 917 eximis,
1340 873 1384 907 et
1408 864 1582 924 gemitu.

478 938 548 981 Sic
576 937 935 996 constringuntur
960 934 1132 995 gemina
1160 932 1447 994 Symplegade
1470 933 1581 988 culi,

547 1009 605 1051 Et
629 1007 801 1068 Minyas
827 1005 1012 1059 intrant,
1039 1005 1322 1065 Cyaneasque
1349 1013 1484 1048 nates.

475 1078 721 1122 Emendare
746 1076 869 1137 cupis
895 1075 1047 1119 vitium
1073 1072 1302 1118 deforme?
1326 1073 1523 1128 docebo,

545 1147 727 1201 Lesbia,
757 1162 838 1190 nec
869 1161 1021 1207 surgas
1048 1161 1230 1200 censeo,
1260 1160 1341 1188 nec
1367 1144 1530 1188 sedeas.

459 1300 492 1320 2.
515 1284 691 1318 Poedicant.
707 1283 895 1318 Adhaerent
923 1282 992 1316 tuis
1021 1294 1083 1316 na-

406 1339 509 1373 tibus.

460 1392 492 1425 5.
513 1390 566 1424 Sic
582 1392 846 1434 constringantur.
864 1389 918 1421 Ita
947 1386 1027 1421 cod.
1046 1387 1082 1421 in

404 1457 513 1490 marg.
532 1442 586 1476 ed.
605 1443 682 1476 Par.
700 1446 795 1488 1617.
812 1441 849 1475 Si
862 1443 1083 1486 constringan-

407 1506 458 1530 tm·
474 1495 552 1530 edd.
574 1504 658 1529 vett.
675 1503 708 1529 et
727 1495 855 1541 Delph.
873 1493 910 1528 Si
927 1497 1082 1527 constrin-

404 1558 524 1596 guntur·
544 1548 598 1582 ed.
623 1549 824 1582 Ba1·bou.—
837 1547 971 1582 Gemina
990 1547 1080 1592 Sym·

402 1603 548 1649 plegade.
563 1600 810 1647 Symplegades
829 1600 961 1646 scopuli
981 1609 1079 1641 sunt,

405 1656 449 1690 de
471 1656 597 1702 quibus
618 1655 775 1695 lib.VII‚
793 1653 900 1699 epigr.
925 1665 994 1686 χιχ.
1020 1653 1081 1687 Di-

407 1716 536 1743 cuntur
559 1708 706 1753 Cyaneae
727 1715 760 1740 et
780 1707 911 1752 Minyae
933 1707 978 1739 ob
1002 1718 1080 1739 cur-

1143 1294 1220 1315 sum
1236 1294 1341 1327 quem
1358 1281 1436 1315 illac
1452 1282 1583 1329 Minyoe
1595 1308 1604 1325 ‚
1615 1281 1651 1315 id
1668 1290 1718 1316 est
1729 1307 1739 1324 ,
1753 1284 1816 1316 Ar-

1143 1343 1303 1380 gonautae
1312 1361 1321 1376 ,
1334 1343 1534 1369 tenuerunt.
1544 1336 1704 1369 Valerius
1723 1335 1816 1369 Flac-

1143 1400 1223 1429 cus,
1250 1389 1383 1433 Argon.
1415 1388 1477 1422 lib.
1498 1389 1544 1430 V,
1575 1390 1659 1423 168.
1685 1405 1699 1418 σι
1726 1389 1816 1434 Cya-

1142 1453 1223 1474 neas
1242 1441 1372 1486 Minyae
1391 1441 1539 1475 timuere
1559 1441 1706 1475 relictas.
1727 1458 1740 1471 n
1761 1442 1814 1475 Cf.

1143 1502 1177 1528 et
1196 1494 1336 1528 Senecae
1354 1495 1459 1528 Herc.
1482 1495 1549 1528 fur.
1565 1507 1617 1528 vs.
1640 1506 1706 1528 121
1720 1505 1732 1526 1
1751 1521 1760 1535 ,
1783 1503 1815 1527 et

1140 1545 1236 1581 Med.
1253 1560 1302 1580 vs.
1329 1546 1414 1580 233.

1195 1601 1230 1633 8.
1247 1600 1314 1634 Nec
1330 1600 1449 1632 sedeas.
1467 1599 1534 1633 Sed
1548 1602 1658 1646 jaceas
1677 1600 1816 1632 natibus

1141 1652 1294 1699 supinis3
1316 1652 1413 1700 quasi
1433 1653 1569 1699 copiam
1581 1653 1634 1687 tui
1652 1652 1816 1686 omnibus

1143 1704 1265 1739 datura
1287 1706 1350 1752 qui
1373 1706 1526 1739 venient.

1080 1863 1204 1920 C.-

906 2020 974 2049 AD
1014 2020 1281 2049 FLACCUM.
1305 1999 1323 2015 ⁴*

552 2150 745 2191 HABERE
776 2144 958 2188 amicam
987 2142 1115 2198 nolo,

1146 2141 1298 2187 Flacce
1313 2178 1324 2196 ,
1355 2143 1554 2187 subtilem
1568 2180 1579 2197 ,

552 2217 689 2278 Cujus
718 2215 902 2260 lacertos
932 2213 1081 2257 annuli
1109 2214 1193 2257 mei
1224 2214 1422 2274 cingant,

551 2290 662 2346 Quae
692 2285 819 2330 clune
845 2285 964 2329 nudo
993 2284 1141 2341 radat,
1171 2294 1213 2328 et
1238 2301 1351 2345 genu
1382 2295 1573 2347 pungam

468 2424 543 2462 'Ad
561 2426 734 2465 Flaccum,
761 2423 881 2469 qualem
911 2422 989 2455 velit
1007 2423 1086 2454 ami-

416 2494 505 2519 cam,·
527 2478 581 2513 ed.
604 2477 743 2511 Barhou.

473 2547 501 2568 1.
530 2532 691 2567 Subtilem.
717 2529 908 2564 Gracilem.
940 2528 1087 2568 exilem,

411 2591 585 2634 J'unceam.

473 2654 504 2673 α.
535 2640 680 2671 lacertos
708 2637 818 2668 annuli
847 2638 904 2668 mci
932 2637 1084 2679 cingam:

1147 2420 1217 2455 καθ’
1243 2420 1432 2468 ὑπερςολῆν.
1456 2422 1588 2456 Gallice
1617 2436 1675 2455 une
1706 2429 1814 2468 gue'pc.

1201 2475 1234 2508 3.
1252 2476 1333 2520 Quas
1349 2476 1454 2515 clune,
1470 2484 1534 2509 etc.
1551 2476 1638 2518 Quae
1652 2475 1797 2522 depygis
1811 2503 1819 2516 ,

1146 2529 1346 2564 macilenta,
1371 2537 1403 2562 et
1423 2529 1518 2575 quasi
1545 2528 1650 2563 nudis
1671 2530 1814 2562 ossibus.

1145 2582 1303 2627 Explicat
1331 2594 1454 2627 nempe
1474 2583 1582 2615 fusius
1602 2582 1742 2615 subtilem
1760 2595 1814 2614 vo-

1146 2647 1220 2668 cem
1244 2635 1402 2668 ultimam
1422 2648 1540 2669 versus
1565 2648 1592 2668 1.
