1978 3305
449 217 549 273 488

829 217 890 259 Μ.
911 217 1052 259 VAL.
1092 215 1477 259 MARTIALIS

1062 358 1175 413 XV
1189 358 1233 413 I.

983 507 1042 536 iu
1092 487 1319 536 omnim*

521 613 568 656 51
591 610 755 655 donare
780 625 912 654 vocas
937 611 1192 671 promittere
1218 627 1298 654 nec
1322 610 1449 662 dare,
1471 613 1574 667 Ca'1‘3

590 682 778 725 Vincam
806 690 848 724 te
877 680 1025 735 donis,
1052 681 1394 741 muneribusque
1417 682 1536 725 meis.

520 752 681 812 Accipe
706 749 904 796 Callaicis
929 751 1140 812 quidquid
1165 751 1276 795 fodit
1305 753 1437 795 Astur
1461 752 1503 795 in
1533 752 1672 803 arvis,

591 823 735 865 Aurea
758 821 969 882 quidquid
988 822 1122 865 habet
1144 821 1286 866 divitis
1311 821 1429 865 unda
1449 823 1581 883 Tagi3

521 892 746 952 Quidquid
768 893 997 953 Erythraea
1026 893 1149 952 niger
1175 893 1340 935 invenit
1364 892 1500 936 Indus
1529 893 1572 935 in
1601 891 1723 953 alga,

593 960 820 1023 Quidquid
850 972 893 1006 et
920 963 965 1006 in
990 961 1100 1006 nidis
1128 963 1257 1006 unica
1285 971 1431 1006 servat
1452 963 1567 1017 avis3

522 1033 748 1094 Quidquid
771 1034 1002 1094 Agenoreo
1023 1034 1162 1093 Tyros
1188 1032 1391 1093 improba
1417 1033 1534 1093 cogit
1555 1032 1721 1087 ahen03

593 1103 819 1164 Quidquid
847 1103 1013 1147 habent
1037 1119 1212 1158 omnes,
1238 1103 1409 1163 accipe,
1432 1102 1654 1163 quomodo
1683 1102 1771 1146 das.

505 1213 522 1229 *
536 1214 727 1250 Sordidum
746 1223 780 1249 et
795 1227 926 1248 vanum
941 1215 1130 1261 promisso-

455 1281 531 1303 rem
556 1267 790 1314 reprehendit
809 1268 873 1314 qui
887 1293 897 1310 ‚
916 1277 956 1302 ut
973 1268 1031 1301 ille
1053 1269 1129 1301 Ma-

459 1320 637 1355 cedonum
676 1333 736 1354 rex
773 1321 972 1367 Antigonus
1009 1323 1130 1354 Doson

457 1372 594 1413 (δώσων
620 1386 729 1419 graece
757 1382 808 1408 est
835 1374 995 1413 daturus,-
1025 1382 1060 1407 et
1087 1373 1131 1407 de

455 1428 524 1461 hoc
543 1438 624 1472 rege
643 1425 699 1459 adi
717 1427 848 1460 Justin.
865 1427 927 1460 lib.
950 1427 1019 1460 XX
1031 1452 1040 1468 ‚
1054 1439 1131 1472 cap.

458 1493 504 1524 29
518 1506 527 1521 ,
545 1488 580 1513 et
601 1479 727 1526 Polyb.
741 1480 802 1513 lib.
819 1478 887 1522 II),
905 1479 1074 1514 daturum
1097 1492 1131 1513 se

456 1540 669 1579 perpetuum
695 1532 950 1578 profitebatur,
972 1541 1006 1567 at
1027 1531 1132 1566 dabat

458 1598 650 1632 nunquam.
666 1586 734 1618 Eo.

516 1652 547 1672 2.
561 1639 697 1672 Vincam
713 1638 851 1671 redonis.
869 1638 975 1675 Nam,
990 1645 1030 1671 ut
1045 1638 1140 1672 canit

460 1690 629 1730 Ovidius,
655 1708 668 1720 α
685 1691 854 1725 Pollicitis
875 1689 972 1725 dives
991 1691 1141 1737 quilibet

461 1756 534 1778 esse
549 1751 677 1790 potest.
698 1762 711 1774 n

508 1796 527 1830 3
535 1823 542 1830 .
553 1797 681 1831 Caldeis
692 1795 770 1830 cod.
783 1797 1139 1831 &vert—Callaicis.

465 1850 603 1884 Asturia
615 1876 623 1889 ,
660 1849 837 1894 Hispaniae
870 1850 1142 1883 Tarraconensis

465 1903 646 1949 provincia
663 1929 670 1941 ,
698 1902 734 1935 in
757 1914 824 1948 qua
850 1911 951 1935 erant
971 1901 1142 1935 aurifodi-

466 1959 521 1990 τιεί»,
543 1968 551 1989 :
572 1955 721 1990 Callaica
742 1967 823 1989 vero
836 1967 917 1988 arva
930 1955 1109 1996 dicuntur,
1125 1968 1143 1988 a

468 2008 629 2043 Gallaecia
642 2034 650 2049 ,
673 2020 753 2053 quae
771 2009 868 2052 regio
890 2017 941 2042 est
959 2008 1144 2042 Asturibus

470 2062 640 2107 proxima.

524 2118 557 2155 4.
596 2115 712 2147 Divitis
735 2114 819 2146 unda
851 2115 946 2159 Tagi.
976 2115 1017 2146 Iu
1049 2114 1146 2159 Tago

469 2167 646 2214 Hispaniae
660 2166 768 2199 ssuvio
791 2179 902 2201 aureae
919 2175 999 2200 sunt
1020 2179 1145 2200 areuae.

473 2220 559 2254 Vid.
577 2233 640 2254 uos
651 2219 764 2253 adlib.
781 2221 814 2260 I,
830 2220 939 2265 epigr.
955 2233 992 2260 L,
1006 2233 1054 2253 vs.
1080 2233 1090 2253 1
1103 2219 1120 2253 5
1138 2233 1146 2261 ;

474 2274 535 2307 lib.
551 2273 583 2306 X
597 2299 607 2315 ,
622 2273 731 2318 epigr.
746 2273 916 2314 xcv131ib.
935 2273 1024 2313 XII,
1037 2273 1148 2318 epigr.

476 2339 542 2368 111,
555 2339 604 2360 vs.
626 2327 645 2360 3
659 2352 668 2368 ‚
687 2335 720 2359 et
739 2326 877 2371 passim.

533 2379 565 2413 5.
578 2379 745 2425 Quidquid
759 2380 944 2424 Erythraea.
959 2379 1010 2411 De
1024 2378 1150 2424 lapillis

476 2432 688 2478 Erythraeis,
706 2432 766 2465 lib.
788 2433 833 2473 V,
855 2432 963 2478 epigr.
989 2444 1122 2465 xxxvii.

530 2488 564 2518 6.
592 2486 630 2519 In
654 2485 747 2518 nidis.
773 2485 921 2518 Phoenix
948 2485 1019 2517 avis
1047 2497 1150 2518 omne

475 2546 667 2571 aromatum
681 2551 791 2583 genus
803 2547 915 2572 servat
926 2539 959 2571 in
973 2551 1038 2571 suo
1052 2537 1149 2579 nido,

478 2590 537 2624 lib.
563 2591 608 2630 V,
628 2591 736 2636 epigr.
759 2604 822 2624 vn.
850 2591 995 2625 Confer,
1024 2599 1055 2623 et
1079 2591 1146 2623 Nai-

477 2644 570 2677 sonis
590 2644 732 2677 Metam.
756 2645 816 2677 lib.
844 2645 921 2683 KV,
945 2645 1012 2677 snb.
1036 2656 1092 2685 ix,
1114 2653 1142 2677 et

1189 1214 1305 1248 Taciti
1335 1215 1508 1256 Annales,
1528 1215 1589 1248 lib.
1607 1216 1681 1256 VI,
1707 1227 1785 1260 cap.
1811 1216 1868 1249 28.

1245 1280 1277 1312 7.
1315 1267 1483 1314 Quidquid
1513 1269 1694 1312 Agenoreo.
1730 1270 1870 1313 Agenor

1190 1319 1351 1353 condidit
1372 1321 1528 1364 Tyrum,
1552 1321 1589 1353 in
1615 1333 1684 1366 qua
1707 1320 1870 1354 inventus

1192 1382 1242 1407 est
1268 1372 1394 1406 modus
1422 1372 1649 1406 conficiendae
1675 1385 1870 1419 purpurae,

1192 1438 1270 1471 quae
1300 1426 1471 1472 superbiae
1504 1435 1539 1460 et
1570 1426 1670 1459 luxui
1704 1426 1851 1459 inservit
1863 1452 1871 1464 ‚

1191 1478 1288 1512 unde
1305 1480 1420 1525 Tyrus
1440 1478 1533 1512 illius
1558 1478 1733 1512 inventrix
1757 1481 1872 1524 impro-

1192 1532 1232 1564 ba
1256 1531 1396 1565 dicitur.
1418 1531 1474 1565 Sic
1496 1531 1627 1565 Seneca
1648 1531 1746 1577 epist.
1775 1544 1843 1565 cxv
1864 1543 1871 1564 :

1201 1585 1393 1618 «Lacernas
1411 1584 1538 1618 coloris
1556 1585 1721 1630 improbi.
1737 1602 1750 1614 »
1770 1584 1874 1618 Forte

1197 1645 1231 1671 et
1249 1638 1389 1683 improba
1407 1646 1552 1683 propter
1571 1637 1606 1670 id
1625 1637 1756 1671 dicitur
1777 1637 1874 1684 quod

1196 1690 1387 1732 iterentur,
1408 1691 1476 1724 hoc
1504 1698 1554 1724 est
1569 1715 1579 1731 ‚
1613 1691 1668 1724 bis
1696 1691 1875 1736 tingantur

1197 1756 1359 1789 purpura
1375 1744 1478 1784 lanae,
1492 1744 1609 1783 aheno,
1629 1755 1708 1777 vase
1727 1743 1876 1781 scilicet,

1198 1796 1235 1829 in
1249 1809 1323 1842 quo
1334 1797 1434 1830 color
1446 1796 1653 1830 elaboratur.
1668 1797 1876 1842 Improbum

1198 1849 1355 1882 laborem
1374 1849 1564 1895 appellavit
1581 1849 1752 1895 Virgilius
1764 1875 1774 1891 ,
1795 1849 1876 1883 assi-

1200 1901 1311 1935 duum
1340 1910 1373 1935 et
1400 1903 1565 1935 iteratum
1595 1914 1602 1935 :
1629 1904 1676 1935 ita
1703 1911 1737 1936 et
1767 1910 1878 1935 vestes

1202 1955 1334 1999 improbi
1351 1956 1463 1988 coloris
1485 1954 1655 2000 dibaphas
1681 1963 1715 1988 et
1740 1955 1879 1988 iteratas

1202 2008 1314 2041 aheno
1333 2020 1524 2054 purpureo.
1545 2009 1589 2041 Et
1607 2008 1676 2041 huc
1692 2008 1774 2042 facit
1786 2008 1875 2041 Plin.

1202 2061 1263 2093 lib.
1289 2061 1361 2102 IX,
1385 2073 1460 2106 cap.
1486 2065 1528 2100 41
1558 2073 1566 2093 ε
1596 2061 1699 2094 «Non
1724 2070 1774 2095 est
1799 2061 1879 2094 satis

1203 2113 1384 2147 abstulisse
1404 2125 1547 2158 gemuiae
1569 2126 1698 2147 nomen
1722 2113 1879 2159 amethy-

1204 2174 1295 2199 stum
1309 2192 1317 2207 ,
1336 2179 1457 2200 rursus
1481 2166 1661 2200 absolutus
1685 2166 1881 2201 inebriatur

1205 2219 1331 2264 Tyrio,
1348 2227 1385 2252 ut
1397 2219 1441 2251 sit
1455 2231 1495 2252 ex
1510 2228 1659 2265 utroque
1671 2231 1800 2252 nomeu
1815 2220 1880 2252 im-

1205 2272 1370 2317 probum,
1379 2271 1552 2318 simulque
1562 2272 1698 2305 luxuria
1709 2271 1876 2318 duplex.»

1206 2325 1284 2358 Lib.
1306 2326 1404 2366 XIV,
1421 2325 1626 2370 epigramm.
1645 2325 1882 2359 cum—Meo

1208 2376 1513 2424 quidemjudicio,
1534 2378 1726 2423 simplicius
1744 2391 1807 2423 per
1823 2381 1881 2411 im-

1206 2432 1307 2475 proba
1321 2431 1593 2476 intelligeretur,
1611 2439 1651 2464 ut
1671 2431 1792 2472 toties,
1815 2431 1881 2464 cal-

1211 2483 1298 2525 lida,
1317 2492 1473 2525 versuta;
1489 2484 1611 2517 artifici
1622 2485 1713 2517 enim
1725 2483 1784 2530 qui
1796 2485 1882 2516 mira

1212 2537 1365 2577 invenit,
1392 2537 1477 2571 inira
1505 2537 1662 2583 quaedam
1694 2537 1781 2570 inest
1817 2537 1881 2569 im-

1210 2592 1378 2635 probitas,
1396 2589 1479 2623 duni
1495 2599 1616 2636 negata
1634 2590 1767 2623 homiui
1779 2598 1810 2621 et
1825 2602 1862 2622 su

1207 2657 1267 2689 pra
1282 2653 1441 2677 naturam
1460 2644 1571 2689 posita
1593 2641 1801 2688 aggreditur.
1817 2642 1879 2675 Eu.
