1978 3305
355 266 936 311 EPIGRAMMATUM
973 266 1096 309 LIB.
1125 267 1240 308 VII.

1382 273 1494 309 '20³

237 357 305 399 De
335 365 433 400 cute
465 353 567 415 quid
599 353 757 397 faciant
788 351 854 396 ille
872 388 882 405 ,
904 352 972 396 vel
1000 351 1092 407 ille,
1121 352 1226 397 sua?

168 426 373 470 Centenis
396 425 527 469 futuit
552 424 708 468 Matho
736 422 925 467 millibus
948 440 955 466 :
979 422 1086 478 Ole,
1111 423 1215 484 quid
1242 423 1296 467 ad
1322 423 1393 468 te?

237 497 339 541 Non
365 505 412 540 tu
434 504 688 557 propterea,
714 493 789 538 sed
810 493 965 537 Matho
991 510 1156 554 pauper
1181 495 1276 537 erit.

166 568 218 609 In
242 565 382 610 lucem
407 575 550 610 coenat
574 565 789 609 Sertorius
811 581 820 606 ε
845 563 947 617 016,
972 564 1075 624 quid
1101 564 1156 608 ad
1180 574 1222 607 te
1240 599 1251 617 ,

236 636 385 693 Quum
415 635 542 680 liceat
567 644 658 679 tota
685 643 863 678 stertere
888 643 1017 678 nocte
1042 633 1152 677 tibi?

166 707 448 767 Septingenta
472 707 568 749 Tito
594 704 723 748 debet
745 706 895 764 Lupus
918 721 926 746 τ
950 702 1056 758 016,
1080 704 1183 764 quid
1207 704 1262 748 ad
1286 704 1360 747 te?

238 777 388 820 Assem
420 792 474 818 ne
502 774 670 818 dederis
685 809 696 829 ,
721 773 1011 818 crediderisve
1034 775 1174 835 Lupo.

166 844 280 889 Illud
305 844 572 901 dissimulas,
593 844 648 888 ad
678 854 720 888 te
750 844 868 904 quod
894 844 1103 905 pertinet,
1129 843 1211 888 016
1227 879 1237 898 ,

238 915 457 976 Quodque
481 915 618 976 magis
641 932 756 960 eurae
782 915 987 958 convenit
1011 930 1102 958 esse
1125 923 1223 959 tuae.

168 988 253 1030 Pro
283 985 434 1047 togula
462 985 593 1029 debes
617 1002 625 1028 ε
650 985 736 1030 1106
764 984 819 1028 ad
849 994 891 1029 te
919 985 1135 1046 pertinet,
1159 983 1253 1028 Ole.

239 1051 543 1113 Quadrantem
568 1072 697 1099 nemo
720 1056 810 1116 J'am
835 1054 912 1099 tibi
937 1054 1084 1100 credet
1106 1071 1114 1097 :
1137 1064 1180 1098 et
1203 1055 1300 1099 hoc.

171 1128 295 1170 Uxor
318 1127 492 1171 moecha
519 1126 598 1170 tibi
625 1135 689 1170 est
712 1142 721 1169 ε
743 1126 828 1169 hoc
854 1125 909 1169 ad
934 1134 976 1169 te
1002 1125 1212 1186 pertinet,
1235 1125 1330 1169 Ole.

239 1198 386 1241 Poscit
407 1197 499 1257 jam
524 1196 672 1240 dotem
695 1195 782 1240 filia
806 1195 982 1257 grandis
1007 1212 1016 1239 ε
1043 1205 1085 1239 et
1109 1195 1207 1240 hoc.

170 1267 328 1311 Dicere
356 1266 603 1328 quindecies
628 1275 850 1327 poteram,
871 1265 988 1326 quod
1014 1267 1203 1327 pertinet
1230 1266 1284 1310 ad
1312 1276 1353 1309 te
1376 1283 1384 1308 :

103 1405 202 1437 Pinus
221 1415 288 1450 pro
311 1405 408 1438 Linus
429 1404 467 1437 in
492 1404 614 1438 codice
633 1405 774 1439 Vatica-

101 1469 162 1490 no.
183 1457 245 1491 Ole
258 1457 336 1504 quid
351 1457 397 1490 ad
412 1463 466 1490 te?
482 1459 535 1490 De
549 1465 617 1490 cute
633 1457 711 1503 quid
715 1458 774 1500 sa-

102 1512 183 1550 ciat,
204 1518 271 1544 etc.
291 1510 455 1544 exhibent
473 1509 554 1544 edd.
575 1518 658 1544 vett.
681 1511 772 1548 Olle,

103 1563 181 1608 quid
199 1563 244 1595 ad
265 1571 294 1595 te
314 1564 366 1596 De
388 1571 457 1596 cute
479 1563 557 1610 quid
570 1564 700 1606 faciant
723 1563 776 1595 ille

104 1615 158 1647 vel
175 1615 227 1648 ille
247 1620 336 1648 sua?
362 1615 547 1662 legendum
569 1625 685 1650 censet
706 1615 777 1649 Sal-

103 1667 252 1710 masius;
272 1681 354 1701 nam
376 1679 392 1695 «
407 1668 452 1702 de
470 1669 584 1703 alieno
605 1669 701 1702 corio
722 1669 775 1701 lu-

103 1719 188 1754 dere
201 1738 215 1751 n
238 1722 401 1766 proverb.
427 1722 463 1754 in
486 1733 544 1755 eos
565 1720 693 1755 dicitur
713 1721 777 1767 qui

104 1772 148 1807 de
162 1774 276 1807 alieno
289 1774 448 1808 liberales
465 1786 473 1807 :
491 1773 551 1808 sed
566 1774 776 1808 chamaeleon

104 1839 176 1859 non
201 1825 245 1860 de
269 1827 401 1869 alieno,
430 1826 490 1861 sed
516 1826 560 1860 de
588 1839 650 1860 suo
675 1828 778 1873 plane

105 1879 202 1912 corio
230 1878 344 1920 ludit,
371 1879 470 1926 quod
503 1880 549 1913 ita
581 1893 646 1925 pro
674 1881 778 1913 libitu

104 1932 285 1977 versipelle
306 1933 412 1966 habet
437 1945 474 1966 ac
498 1933 669 1967 versatile.
687 1932 778 1966 Vide

106 1985 260 2018 Turneb.
286 1985 347 2018 lib.
372 1986 513 2027 XXIV,
538 1998 614 2031 cap.
642 1987 700 2020 28.
727 2007 779 2013 —-

108 2037 292 2070 Paedicatur
308 2039 410 2079 Eros,
431 2046 495 2072 etc.
520 2038 606 2071 Olus
625 2038 700 2072 aliis
716 2039 779 2071 ob-

107 2091 298 2132 trectabat,
325 2091 480 2136 aliosque
504 2090 692 2137 prodigere
718 2104 780 2125 sua

108 2142 244 2177 dicebat
258 2169 267 2185 ‚
298 2156 406 2189 quum
443 2152 478 2177 et
510 2145 656 2190 ipsemet
690 2145 779 2177 nihil

108 2196 262 2229 haberet.

166 2261 197 2282 x.
220 2249 359 2282 Faciant
384 2249 487 2282 etiam
511 2250 652 2284 exhibet
672 2249 782 2284 codex

111 2301 331 2335 Florentinus
346 2314 356 2343 ;
375 2302 431 2335 alii
440 2303 556 2345 faciat.

164 2354 197 2387 5.
212 2354 252 2387 In
271 2354 367 2386 lucem
389 2363 500 2388 coenat.
522 2355 659 2389 Pernox
678 2356 714 2388 in
728 2368 785 2389 co-

109 2406 375 2440 messationibus
384 2431 392 2444 ‚
404 2408 677 2452 compotationes
687 2409 725 2441 in
734 2409 785 2442 lu-

110 2471 185 2493 cem
198 2459 391 2505 protrahit;
407 2459 455 2493 sic
470 2460 492 2492 l.
506 2461 543 2498 Ι,
561 2461 671 2506 epigr.
686 2473 782 2494 xxxx.

163 2524 199 2556 7.
222 2512 440 2558 Septingenta.
462 2512 623 2547 Sestertia
647 2526 784 2559 nempe.

165 2566 199 2598 8.
218 2565 329 2598 Assem
344 2578 418 2598 num
431 2565 560 2598 dederas
577 2566 786 2599 credideram-<2

833 1403 985 1438 reddunt
1016 1404 1158 1438 nomina
1189 1404 1281 1450 Lupi
1315 1416 1390 1450 quae
1423 1405 1505 1438 Tito

833 1456 957 1497 debet;
979 1465 1016 1491 tu
1038 1457 1088 1490 nil
1111 1457 1162 1490 illi
1185 1456 1321 1497 credas,
1341 1469 1425 1491 cura
1446 1471 1505 1491 va-

834 1510 938 1544 cabis.

892 1575 948 1596 11.
976 1563 1043 1596 Pro
1075 1563 1183 1607 togula
1211 1563 1310 1596 debes.
1340 1561 1507 1597 Nondum

834 1615 966 1649 solvisti
991 1624 1124 1661 togam,
1151 1628 1254 1661 quam
1279 1624 1413 1661 gestas;
1440 1617 1507 1649 hoc

835 1676 924 1701 taces
940 1676 974 1702 et
991 1667 1201 1709 dissimulas,
1220 1668 1437 1715 aliorumque
1452 1668 1509 1702 de-

836 1721 908 1754 bita
928 1733 1096 1755 recenses.

893 1786 948 1807 12.
976 1774 1049 1806 Jam
1071 1774 1127 1806 tibi
1147 1774 1266 1814 credis,
1296 1773 1405 1808 codex
1428 1775 1509 1808 Pul-

836 1827 966 1859 manni.
991 1848 1042 1852 ——-
1069 1827 1297 1870 Quadrantem.
1332 1827 1408 1862 Hoc
1441 1837 1507 1865 est,

837 1888 995 1925 quartam
1018 1880 1099 1913 assis
1120 1888 1265 1926 partem.

895 1937 953 1973 14.
974 1933 1083 1966 Poscit
1096 1934 1164 1977 jam
1188 1934 1301 1966 dotem.
1322 1934 1411 1966 Nam
1430 1934 1509 1967 filiae

838 1984 976 2019 debitor
997 1994 1049 2019 est
1071 1994 1191 2031 pater,
1214 1999 1323 2031 quum
1347 1999 1422 2019 eam
1447 1986 1510 2019 do-

838 2046 911 2071 tare
927 2046 1110 2082 teneatur,
1127 2039 1188 2072 lib.
1203 2039 1307 2079 XIX,
1325 2040 1366 2072 D.
1381 2038 1424 2072 de
1439 2040 1511 2072 ritu

838 2099 937 2136 nupt.
962 2091 986 2125 l.
1019 2103 1033 2123 1
1063 2088 1097 2130 S.
1128 2092 1242 2133 Quare
1271 2091 1511 2125 Artemidorus

839 2145 998 2177 observat
1015 2144 1205 2190 eleganter,
1222 2145 1308 2178 filias
1324 2146 1361 2177 iu
1382 2146 1511 2179 somnis

839 2205 1016 2243 sumptum
1042 2206 1076 2230 et
1098 2195 1266 2230 damnum
1284 2196 1510 2242 portendere,

840 2250 921 2295 quia
939 2249 1002 2284 dos
1020 2249 1061 2283 iis
1080 2248 1240 2283 debetur.
1263 2251 1398 2283 Herald.

899 2302 954 2336 15.
987 2301 1065 2335 Ald.
1100 2303 1197 2335 Junt.
1231 2303 1344 2336 Colin.
1374 2304 1511 2349 Gryph.

842 2356 955 2389 Plant.
971 2356 1114 2388 Junian.
1130 2356 1234 2399 Lang.
1249 2364 1283 2388 et
1297 2357 1422 2402 Delph.
1438 2358 1516 2403 qaid

839 2411 975 2454 pertinet
995 2408 1039 2440 ad
1060 2415 1087 2439 te
1101 2412 1119 2439 Ρ
1140 2408 1342 2441 Lectionem
1361 2418 1514 2443 nostram

843 2469 990 2495 testatur
1009 2460 1119 2493 codex
1137 2461 1334 2495 Pulmanni.
1346 2463 1519 2497 ——Dicere

845 2513 1031 2560 quindecies.
1051 2514 1176 2546 Sensus
1191 2522 1259 2547 est:
1273 2514 1357 2553 Ole‚
1373 2523 1443 2548 tam
1459 2529 1520 2550 cu-

846 2567 958 2600 riosus
975 2579 1009 2599 es
1027 2566 1061 2599 in
1077 2567 1195 2599 alienis
1208 2568 1373 2613 negotiis,
1390 2578 1426 2602 ut
1443 2570 1520 2614 plu-

111 2618 199 2662 Lupo
212 2623 230 2650 :³
248 2618 332 2664 legit
358 2619 533 2652 Antonius
558 2618 596 2652 de
617 2619 717 2665 Roqr.
735 2639 787 2645 —-
849 2619 916 2652 ries
937 2618 1054 2652 dicere
1079 2619 1140 2652 tibi
1165 2631 1231 2652 nec
1257 2621 1430 2654 immerito
1458 2635 1520 2667 po-

112 2671 226 2702 Assem
251 2684 290 2703 ne
315 2671 448 2704 dederis.
481 2671 517 2705 Si
543 2679 576 2705 te
602 2672 791 2705 sollicitum
854 2671 1114 2713 tuerithuid
1128 2671 1170 2705 ad
1181 2673 1235 2705 te?
