1978 3305
359 226 942 271 EPIGRAMMATUM
981 226 1102 267 LIB.
1131 225 1213 266 VI.

1403 239 1494 284 127

298 317 397 360 Non
432 315 582 369 nubis,
606 313 859 367 Proculum,
887 312 960 356 sed
986 311 1144 355 fateris.

88 457 245 483 revocata
277 448 412 481 vetabat
439 446 621 481 adulteria.
647 446 765 493 Epigr.

88 515 140 543 11,
164 514 199 534 lv
221 509 255 534 et
280 513 333 534 vu
361 513 477 546 supra.

142 559 174 595 4.
196 554 270 587 Non
287 553 389 591 nubis,
416 561 481 587 etc.
499 553 630 598 Supra,
659 551 765 597 epigr.

829 457 882 478 vn
896 471 904 486 ‚
921 458 968 478 vs.
992 444 1033 485 53
1064 444 1126 477 lib.
1143 445 1187 483 V,
1205 444 1313 490 epigr.
1337 456 1446 485 Lxxv3
1466 453 1498 477 et

830 499 889 531 lib.
913 498 948 537 Ι,
975 497 1082 542 epigr.
1111 509 1211 529 Lxxv.
1226 496 1354 530 -Sed
1370 497 1497 540 fateris.

828 551 932 583 Illum
955 550 1060 582 fuisse
1080 549 1253 582 inoechum
1273 549 1349 582 tibi.

663 686 918 740 XXIII.

589 840 643 867 IN
695 818 994 867 LsssmAivL*

157 967 308 1010 STARF,
329 964 455 1025 jubes
481 973 679 1008 nostrum
707 979 878 1024 semper
902 962 976 1005 [ibi
992 998 1003 1018 ,
1029 963 1207 1016 Lesbia,
1232 979 1413 1023 penem3

226 1035 366 1079 Crede
398 1035 532 1089 mihi,
559 1051 648 1078 non
675 1043 739 1077 est
764 1032 980 1086 mentula,
1004 1033 1121 1093 quod
1150 1033 1322 1094 digitus.

154 1107 220 1148 Tu
250 1105 348 1149 licet
377 1115 420 1148 et
451 1105 677 1158 manibus,
706 1103 874 1147 blandis
902 1113 945 1146 et
976 1103 1155 1147 vocibus
1185 1105 1338 1157 instcs;

227 1178 393 1219 Contra
425 1185 466 1219 te
494 1175 625 1219 facies
654 1175 885 1235 imperiosa
918 1183 991 1217 tua
1021 1183 1098 1217 est.

143 1312 156 1325 ⁴*
182 1314 352 1359 Σύγχρονοι
378 1313 519 1346 fuerunt
540 1312 710 1346 Martialis
732 1320 765 1346 et

86 1367 288 1408 Juvenalis;
306 1378 451 1399 acumen
469 1378 560 1411 saepe
578 1365 763 1404 convenit,

87 1427 122 1452 et
147 1419 201 1452 vel
224 1419 325 1451 Philo
350 1419 572 1464 platonissat‚
591 1418 646 1451 vel
666 1418 766 1451 Plato

88 1471 294 1517 philonissat
324 1483 331 1503 ι
366 1479 445 1504 uter
478 1471 549 1504 utri
583 1479 765 1516 acceptum

91 1525 177 1556 serat
192 1525 377 1570 utriusque
394 1525 566 1570 interpres
582 1537 652 1557 non
673 1523 765 1557 dico.

91 1578 221 1609 Verum
259 1577 324 1609 hoc
357 1578 570 1622 epigramma
600 1575 680 1610 vide
709 1589 767 1609 ex·

88 1642 245 1675 pressum
269 1630 340 1663 Sat.
359 1642 395 1663 VI
413 1630 609 1671 Juvenalis,
626 1642 657 1663 v.
684 1631 766 1673 196,

91 1681 279 1727 itidemque
300 1683 507 1728 expositum.

881 1312 915 1345 3.
943 1313 991 1344 Tu
1021 1313 1094 1344 licet
1120 1321 1151 1344 et
1181 1312 1322 1345 manibus
1351 1313 1496 1350 blandis,

827 1373 890 1398 etc.
922 1365 1183 1410 interpungitur
1210 1365 1245 1398 in
1268 1365 1348 1399 edd.
1375 1366 1500 1399 veteri-

825 1418 890 1450 bus
903 1443 911 1458 ,
936 1417 982 1450 ita
1003 1426 1040 1450 ut
1062 1418 1185 1451 blandis
1205 1426 1239 1451 et
1259 1419 1400 1451 manibus
1417 1431 1501 1452 con-

824 1471 1028 1515 jungantur.

882 1527 916 1563 4.
941 1523 1061 1556 Contra
1093 1531 1121 1554 te
1140 1524 1255 1566 filcies.
1284 1524 1397 1557 Tanta
1429 1534 1501 1557 erat

826 1576 930 1620 hujus
960 1576 1092 1609 Lesbiae
1117 1574 1343 1618 deformitas,
1372 1585 1410 1610 ut
1441 1590 1500 1609 vo-

827 1629 924 1661 cibus
943 1628 1081 1662 blandis
1104 1629 1252 1663 excitare
1275 1630 1415 1663 Poetam
1442 1642 1501 1662 ne-

827 1681 958 1726 quiret,
981 1682 1080 1715 vultu
1096 1691 1325 1727 repugnante.

675 1813 912 1869 XXIV.

563 1977 624 2004 nr
666 1956 1045 2005 CHARISIANOf

299 2096 390 2139 Νη
425 2094 624 2139 lascivius
650 2104 713 2138 est
739 2095 1023 2147 Cha1·isiano;

301 2164 600 2209 Saturnalibus
629 2163 824 2208 ambulat
852 2174 1039 2226 togatus,

146 2297 159 2311 ³
181 2302 230 2334 De
261 2301 429 2335 Carisiano
461 2302 660 2335 inscribunt
688 2300 767 2334 Ald.

93 2355 194 2388 Junt.
214 2354 329 2388 Colin.
350 2354 489 2401 Gryph.
510 2355 693 2388 Puhnann.
709 2355 773 2387 Ju-

96 2407 189 2440 nian.
212 2407 323 2452 Lang.
341 2415 406 2440 etc.

152 2473 185 2493 1.
203 2459 266 2492 Nil
285 2460 438 2492 lascivius.
457 2460 621 2493 Lasciviae
640 2459 676 2492 id
698 2472 769 2493 esse

95 2512 128 2545 in
148 2512 354 2546 Charisiano
366 2514 502 2557 jocatur
516 2539 524 2553 ‚
540 2512 637 2558 quod
650 2525 769 2545 revera

93 2566 312 2610 paupertatis
337 2574 409 2598 erat
430 2577 438 2598 z
462 2573 502 2598 ut
528 2565 583 2598 cui
604 2578 675 2598 non
697 2573 770 2597 erat

95 2617 199 2650 vestis
221 2619 408 2651 coenatoria
429 2631 530 2663 quam
556 2626 709 2651 sumeret
732 2618 767 2650 in

95 2669 355 2711 Saturnalibu53
385 2671 443 2703 ubi
472 2679 506 2704 et
532 2672 712 2704 Senatores
736 2679 770 2703 et

834 2302 966 2347 equites
982 2301 1103 2347 positis
1119 2302 1209 2347 togis
1226 2302 1419 2337 induebant
1430 2319 1506 2347 syn-

833 2355 958 2388 theses.
984 2353 1077 2387 Vide
1098 2354 1159 2388 lib.
1181 2355 1280 2397 XIV,
1300 2345 1504 2402 epigr-anim.

832 2420 937 2448 ch1;
960 2415 993 2439 et
1021 2408 1115 2452 Lips.
1138 2408 1153 2439 Ι
1174 2432 1182 2449 ‚
1209 2407 1279 2442 Sat.
1308 2422 1338 2443 1.
1366 2413 1505 2456 AEque,

835 2460 949 2505 inquit
963 2486 971 2500 ‚
990 2459 1154 2492 lascivum
1170 2468 1221 2494 est
1236 2463 1437 2506 gravitatem
1454 2464 1506 2496 in-

833 2512 983 2553 ducere,
1010 2512 1069 2545 ubi
1094 2513 1209 2546 caeteri
1233 2527 1299 2560 pro
1327 2517 1397 2549 ritu
1419 2517 1503 2549 civi-

835 2566 913 2598 tatis
948 2565 1155 2608 lasciviunt,
1188 2578 1226 2600 ac
1258 2567 1416 2602 lascivire
1442 2570 1500 2603 ubi

830 2618 942 2651 caeteri
980 2618 1070 2652 cives
1102 2619 1219 2664 gravia
1259 2630 1399 2666 agunt:
1426 2635 1505 2655 nam

829 2679 1019 2716 utrumque
1036 2670 1237 2705 ridiculum.
