1978 3305
189 256 251 300 M.
265 255 400 300 VAL.
428 254 756 299 MARTIALIS
779 253 1117 298 EPIGRAMM.
1141 253 1247 297 LIB.
1273 254 1352 297 VI.
1393 270 1485 315 τος)

731 391 815 447 ΙΙ.

356 530 425 558 AD
475 528 741 558 CAESAREM
787 526 1170 557 DOMITIANUM.
1186 507 1207 524 ⁴¹

76 645 229 689 Lusus
253 651 348 686 erat
369 657 502 686 sacrae
525 640 744 685 connubia
766 638 914 684 fallere
940 639 1084 695 taedae;

146 715 290 757 Lusus
317 722 360 756 et
387 712 627 756 immeritos
652 710 895 754 exsecuisse
920 725 1074 753 mares.

76 785 273 844 Utraque
298 792 346 826 tu
372 781 604 844 prohibeS‚
626 782 795 837 Caesar,
821 779 1081 841 populisque
1111 779 1271 823 futuris

146 853 393 909 Succurris,
422 853 542 896 nasci
567 868 676 912 quos
701 852 792 895 sine
817 850 970 894 fraude
996 850 1136 910 jubes.

76 926 171 970 Nec
188 923 323 985 spado
337 923 450 983 jam,
471 938 551 966 nec
573 921 772 967 moechus
791 923 892 978 erit,
914 930 957 964 te
980 919 1184 982 praeside,
1205 920 1446 981 quisquam.
1476 942 1487 964 ε,

146 996 205 1039 At
227 995 348 1056 prius
372 989 419 1051 (ο
441 1009 585 1037 mores
600 987 642 1049 l)
667 1001 711 1037 et
736 991 873 1054 spado
898 991 1097 1035 moechus
1125 1000 1230 1035 erat.

129 1108 145 1125 *
159 1114 221 1148 Ad
239 1113 396 1147 Coesurem
414 1112 620 1146 inscribitur
638 1111 676 1144 in
692 1124 751 1145 co-

77 1165 156 1201 dice
179 1165 377 1200 Pulmanni.
400 1164 494 1198 Vide
515 1165 665 1198 Dionem
687 1164 751 1198 Ni-

78 1232 215 1254 caenum
237 1219 274 1252 in
292 1217 421 1251 Domit.

131 1294 183 1299 —
197 1270 333 1305 Laudat
356 1271 526 1304 Caesarem
549 1268 648 1315 quod
665 1269 752 1314 legi-

79 1326 145 1359 hus
164 1324 358 1358 coercuerit
379 1322 549 1356 adulteria
571 1330 605 1355 et
625 1330 752 1356 castra-

79 1378 192 1411 tiones
205 1377 355 1410 marium
368 1402 377 1417 ‚
393 1385 428 1409 et
440 1374 524 1408 inde
541 1375 753 1409 succurrisse

78 1431 267 1464 hominum
286 1428 576 1474 multiplicationi
593 1454 602 1471 ,
625 1437 659 1462 et
678 1440 752 1461 ma-

80 1484 132 1517 los
153 1496 268 1516 mores
288 1483 451 1515 frenasse.
464 1481 531 1514 En.

137 1549 170 1570 1.
185 1536 294 1569 Ludus
313 1543 392 1568 erat.
423 1534 508 1580 legit
533 1532 752 1568 Calderinus.

81 1590 183 1623 Lusus
202 1596 270 1622 erat
285 1601 364 1621 serae
383 1586 494 1621 codex
516 1587 754 1621 Florentinus.

81 1664 134 1670 —
147 1643 249 1675 Lusus
264 1649 342 1675 erat.
359 1641 437 1674 Hoc
452 1647 503 1673 est
514 1666 523 1681 ,
540 1648 640 1673 antea
657 1640 755 1673 lusus

82 1703 156 1729 erat
179 1694 350 1728 adulteria
365 1693 608 1735 committere,
625 1701 659 1726 et
680 1705 756 1726 ma-

80 1761 136 1782 res
152 1756 299 1781 castrare
311 1773 320 1788 ‚
348 1745 446 1792 quod
464 1753 657 1791 utrumque
677 1745 756 1779 fieri

80 1800 268 1846 prohibuit
286 1799 529 1841 Domitianus,
549 1807 634 1833 teste
650 1799 756 1832 etiam

81 1853 254 1887 Suetonio
272 1853 309 1885 in
326 1852 530 1886 Domitiano
546 1877 555 1895 ,
573 1864 649 1897 cap.
667 1864 701 1896 7.

129 1919 161 1939 2.
179 1907 280 1939 Lusus
307 1907 340 1938 in
365 1907 539 1938 innumeros
568 1905 604 1937 in
632 1903 757 1938 eodem

82 1957 272 1994 codice.--
279 1959 380 1991 Lusus
391 1966 423 1991 et
436 1959 615 1991 immeritos.
636 1959 759 1991 Sueto-

81 2012 181 2046 nius:
196 2011 371 2046 «Castrari
384 2023 496 2045 mares
511 2011 632 2044 vetuit.
642 2027 655 2040 n
671 2010 757 2055 Spa·

82 2064 217 2098 donum
239 2065 299 2110 qui
319 2063 414 2110 apud
433 2075 625 2109 mangones
641 2071 757 2105 erant,

81 2118 194 2164 pretia
212 2116 415 2151 moderatus
437 2125 499 2150 est.
517 2116 640 2161 Papin.
662 2116 757 2162 Sylv.

82 2171 149 2212 IV,
191 2170 236 2204 de
269 2171 338 2203 hoc
380 2169 495 2203 edicto
535 2169 728 2202 Domitiani
749 2182 757 2203 :

88 2240 102 2253 ιι
116 2223 189 2265 Qui
209 2224 336 2257 fortem
354 2231 448 2256 vetat
463 2222 609 2255 interire
622 2234 759 2264 sexum,

82 2276 129 2309 Et
148 2288 272 2310 censor
290 2275 459 2321 prohibet
480 2287 593 2309 mares
621 2274 759 2308 adultos

82 2329 244 2362 Pulchrae
275 2328 488 2374 supplicium
527 2328 652 2361 timere
688 2328 760 2361 for-

83 2393 159 2415 mae.
179 2398 194 2411 ι.
214 2380 300 2414 Vid.
320 2380 482 2414 eumdem
510 2380 547 2413 in
572 2380 654 2414 silv.
674 2381 729 2413 111
750 2393 758 2414 :

88 2450 102 2464 a
130 2434 233 2467 Nunc
270 2433 432 2478 frangere
463 2445 586 2467 sexum
599 2459 609 2475 ‚
645 2434 761 2478 Atque

82 2486 264 2520 hominem
282 2494 418 2519 mutare
440 2486 535 2519 nefas
547 2511 557 2527 ‚
577 2487 761 2532 gavisaque

83 2540 194 2580 solos,
217 2539 315 2581 Quos
335 2538 457 2584 genuit
476 2547 602 2572 natura
626 2537 756 2572 videt.»

84 2592 258 2626 Ammian.
281 2592 537 2625 Eunuchorum
555 2591 665 2624 hostis
682 2604 762 2637 per-

84 2652 235 2690 petuus:
259 2661 273 2675 ι
287 2645 510 2679 Domitianus
529 2644 764 2690 receptissima

86 2697 250 2732 inclaruit
273 2698 373 2742 lege,
394 2710 461 2743 qua
494 2697 678 2731 minaciter
707 2697 763 2730 in-

810 1110 1023 1152 terdixerat,
1047 1124 1092 1144 ne
1120 1111 1214 1144 intra
1244 1112 1412 1146 terminos
1437 1115 1490 1158 ju-

810 1163 1026 1198 risdictionis
1047 1177 1201 1198 romanae
1221 1173 1386 1198 castraret
1401 1167 1492 1211 quis-

811 1229 916 1263 quam
948 1229 1113 1263 puerum.
1131 1234 1145 1247 a
1166 1217 1243 1250 Hoc
1269 1226 1385 1251 autem
1410 1218 1491 1252 ideo

809 1270 922 1303 vetuit
934 1294 942 1306 ‚
963 1270 1045 1315 quia
1064 1282 1174 1315 quum
1193 1271 1399 1304 memoriam
1419 1272 1491 1305 Titi

811 1322 927 1356 fratris
940 1322 1022 1355 odio
1038 1323 1200 1365 haberet,
1216 1331 1249 1356 et
1264 1324 1293 1357 is
1310 1325 1491 1359 eunuchos

812 1376 1026 1417 amasset,in
1048 1377 1124 1421 ejus
1146 1377 1395 1411 contumeliam
1418 1377 1493 1411 edi-

811 1437 908 1462 ctum
938 1428 1234 1474 proscribendum
1259 1430 1407 1463 censuit.
1428 1431 1493 1463 Xi-

811 1481 968 1527 philinus
990 1482 1027 1515 in
1049 1482 1262 1516 Domitiano.
1282 1483 1381 1516 Hanc
1398 1496 1492 1516 eam-

812 1534 893 1568 dem
939 1535 1051 1579 legem
1100 1535 1218 1568 Nerva
1257 1536 1492 1571 confirmavit.

812 1586 911 1621 Idem
923 1612 932 1627 ‚
955 1587 993 1620 in
1013 1587 1142 1621 Nerva.
1162 1588 1300 1622 Herald.
1318 1611 1372 1615 -—
1391 1590 1494 1623 Επε-

814 1643 911 1673 cuisse
921 1653 1032 1672 mares.
1050 1641 1226 1674 Castrare.
1236 1642 1492 1678 -E.zsecuisse.

813 1694 983 1727 Exsecare
992 1718 1002 1733 ‚
1018 1695 1196 1738 ἐκτέμνειν.
1207 1693 1264 1727 Sic
1277 1696 1492 1729 circumsectos

814 1747 835 1780 J
838 1746 954 1780 udaeos
985 1745 1074 1779 dixit
1092 1747 1282 1781 Suetonius
1302 1748 1339 1780 in
1358 1749 1492 1783 Domit.

815 1812 906 1845 quos
927 1801 1122 1832 circumcisos
1135 1800 1243 1845 vulgo
1263 1801 1491 1846 appellamus.

871 1852 889 1884 3
899 1878 906 1884 .
918 1852 1084 1893 prohibes,
1102 1861 1168 1886 etc.
1184 1852 1333 1888 Edictis.
1347 1853 1491 1889 Sueton.

815 1905 947 1939 Domit.
979 1917 1056 1950 cap.
1086 1918 1121 1949 7.
1149 1905 1325 1950 Xiphilin.
1358 1908 1491 1942 Domit.

815 1958 905 1998 Dio3
922 1961 1039 1992 Amm.
1055 1958 1253 1993 Marcellin.
1266 1959 1328 1993 lib.
1349 1960 1494 2002 XVIII,

816 2011 940 2057 Papin.
961 2011 1059 2057 Sylv.
1077 2012 1142 2045 IV.

872 2068 904 2105 4.
923 2064 1022 2108 Quod
1038 2066 1104 2097 sine
1119 2064 1239 2107 fraude
1258 2064 1350 2109 jubes
1366 2066 1494 2100 Bever-

816 2116 914 2151 landi
932 2117 1008 2150 MS.
1029 2139 1081 2143 -—
1099 2117 1174 2151 Sine
1190 2118 1320 2161 fraude.
1347 2117 1390 2152 Id
1415 2128 1488 2160 est,

820 2170 978 2215 legitime
990 2196 999 2212 ‚
1015 2183 1088 2203 non
1110 2183 1155 2204 ex
1176 2170 1362 2204 adulterio.

873 2226 908 2257 6.
934 2224 980 2256 Et
1001 2223 1112 2268 spado.
1134 2223 1208 2264 Qui
1230 2222 1381 2257 ducebat
1407 2237 1493 2258 uxo-

818 2287 895 2309 rem
914 2288 987 2309 non
1007 2276 1072 2309 sibi
1085 2301 1094 2316 ,
1111 2275 1172 2309 sed
1189 2276 1264 2309 aliis
1276 2302 1285 2317 ‚
1302 2276 1399 2310 unde
1419 2277 1493 2324 ipse

819 2337 893 2362 erat
916 2328 1054 2362 adulter
1072 2341 1141 2362 suae
1165 2329 1295 2362 uxoris.
1315 2330 1494 2365 Juvenalis

820 2381 889 2414 Sat.
899 2393 912 2414 1
927 2393 935 2414 :
955 2381 1098 2423 «Quum
1115 2390 1216 2414 tener
1227 2394 1373 2416 uxorem
1388 2382 1495 2417 ducat

820 2433 930 2480 spado
953 2451 966 2464 ι
981 2459 991 2475 ,
1016 2443 1080 2468 etc.
1099 2435 1167 2468 Vel
1192 2435 1312 2480 potius
1339 2436 1495 2483 intellige

821 2486 925 2520 etiam
955 2485 1126 2533 spadones
1160 2487 1390 2530 mulieribus,
1417 2502 1494 2535 quae

822 2551 946 2584 parere
968 2540 1120 2581 nollent,
1138 2549 1254 2586 gratos
1270 2541 1392 2583 fuisse,
1411 2542 1496 2577 infr.

823 2592 934 2637 epigr.
951 2605 1061 2626 van.
1083 2593 1210 2627 Juven.
1230 2592 1300 2627 Sat.
1318 2606 1376 2636 νῐ,
1395 2596 1468 2640 367
1485 2609 1492 2628 ε

828 2662 842 2674 n
859 2646 966 2687 Sunt,
984 2658 1072 2692 quas
1092 2646 1243 2680 eunuchi
1265 2647 1421 2681 imbelles
1433 2674 1442 2690 ‚
1461 2657 1494 2682 et

826 2698 945 2732 mollia
967 2710 1104 2745 semper
1125 2700 1251 2734 Oscula
1271 2699 1458 2735 delectent.
1477 2719 1490 2731 »
