1978 3305
417 231 515 277 602

805 231 865 273 M.
890 230 1030 273 VAL.
1071 230 1293 274 MARTI
1309 231 1464 275 ALIS

490 321 544 364 At
575 335 669 362 mea
699 334 768 362 me
798 316 954 362 libram
986 316 1122 362 foliati
1151 326 1305 379 poscat
1333 319 1493 374 amica,

556 391 645 433 Aut
674 388 834 433 virides
860 404 1074 450 gemmas,
1096 388 1447 450 sardonychasve
1471 404 1618 450 pares;

485 461 579 504 Nec
604 459 686 503 nisi
708 460 853 520 prima
876 461 982 504 velit
1003 459 1056 503 de
1076 461 1221 504 Tusco
1245 460 1382 505 serica
1407 459 1506 504 vico
1520 495 1532 515 ‚

558 531 647 574 Aut
670 539 847 575 centum
873 529 1099 587 aureolos,
1125 532 1185 576 sic
1215 529 1335 575 velut
1359 547 1468 587 aera,
1492 539 1629 592 roget.

485 601 616 645 Nunc
647 610 695 644 tu
724 599 836 645 velle
863 611 991 663 putas
1021 602 1114 646 haec
1143 618 1213 645 me
1241 601 1344 645 dare
1373 601 1489 646 dona
1514 598 1702 662 puellae?

558 669 673 716 Nolo
700 689 708 714 ς
738 671 836 728 sed,
865 672 934 717 his
965 681 1014 717 ut
1044 673 1097 718 sit
1126 672 1258 734 digna
1285 671 1457 734 puella,
1477 670 1592 716 volo.

419 809 526 842 illotae
548 808 593 842 ad
615 809 797 855 palliolum
825 809 1096 845 conficiendum.

1157 814 1257 844 serica
1277 814 1360 845 vico.
1384 812 1539 845 Textura
1573 810 1764 844 sericarum
1804 817 1836 842 et

474 875 508 907 9.
525 862 773 908 Foliatiposcat
785 866 898 898 amica.
916 863 1096 910 Unguenti
1157 864 1451 911 bombycinarum
1477 863 1627 898 vestium
1655 862 1838 896 exerceba-

420 928 461 948 ex
486 915 579 950 foliis
606 915 709 950 nardi
733 917 880 963 aliisque
901 917 992 951 foliis
1010 916 1097 951 odo-

419 968 609 1003 ratis.Vide
624 969 780 1003 Plinium
802 979 837 1004 et
858 970 1097 1004 Pancirolum.

478 1034 532 1055 ιο.
553 1023 666 1056 Pares.
680 1023 858 1057 Geminas.

1157 926 1216 951 tur
1240 917 1277 951 in
1295 918 1412 951 Tusco
1430 917 1508 951 vico
1525 917 1657 951 Romae.

1216 984 1273 1004 12.
1297 971 1384 1004 Num
1413 978 1457 1004 tu.
1479 969 1535 1004 Sic
1554 969 1628 1004 MS.
1656 967 1838 1003 Bodleian.

1161 1025 1291 1057 Donat-e
1307 1036 1373 1070 pro
1397 1023 1474 1056 dare
1494 1023 1578 1057 dona
1605 1022 1738 1056 habent
1760 1020 1854 1054 cod«-

479 1087 535 1109 11.
568 1076 691 1110 Prima.
721 1076 875 1122 Optima.
902 1098 955 1102 —
996 1078 1098 1110 Tusco
1158 1077 1268 1111 Palat.
1289 1084 1323 1110 et
1341 1076 1397 1110 ed.
1416 1076 1519 1110 Barb.

970 1213 1288 1269 XXVIII.

616 1369 682 1397 DE
720 1369 1085 1410 NEPHR1T1c0‚
1124 1369 1217 1398 SED
1257 1348 1650 1398 ΡΗΒΕΝΕΤΙΩΟ.ῃ

496 1496 715 1539 INvAsm·
741 1494 961 1540 medicum
994 1496 1080 1540 sica
1110 1496 1404 1557 nephriticus,
1430 1497 1592 1546 Auem,

563 1566 619 1609 Et
646 1565 844 1626 praecidit
868 1565 1013 1627 Hylan
1039 1583 1046 1609 z
1073 1567 1167 1620 hic,
1192 1576 1326 1627 puto,
1352 1581 1482 1611 sanus
1509 1574 1614 1609 erat.

478 1699 492 1713 ‘
511 1705 561 1736 De
576 1705 749 1749 nephritico
763 1718 817 1738 seu
826 1706 1009 1751 phrenetico
1032 1705 1104 1740 edi-

425 1757 474 1790 tio
510 1757 657 1790 Farnab.
691 1758 742 1790 De
774 1759 956 1804 phrenetico
989 1760 1107 1793 medico

425 1809 507 1844 edd.
529 1818 613 1844 vett.
638 1811 689 1844 De
712 1812 825 1857 plu-en.
848 1811 893 1846 ed
914 1812 1027 1846 Maitt.
1055 1813 1106 1846 De

427 1864 550 1898 Nasica
577 1863 632 1898 ed.
662 1864 764 1898 Barb.
784 1866 829 1898 Et
849 1864 929 1899 cod.
953 1866 1014 1900 Ad
1033 1867 1106 1901 Au-

428 1925 511 1950 ctum
533 1917 735 1951 Pulmanni.

472 1970 658 2004 —Refert
678 1969 722 2005 de
743 1970 898 2016 quodam
918 1972 977 2018 qui
999 1985 1108 2018 quum

426 2022 554 2058 medici
574 2037 722 2070 puerum
742 2023 935 2071 deperiret,
955 2025 1108 2071 phrene-

426 2077 556 2119 ticum,
587 2077 624 2111 id
655 2086 724 2114 est,
754 2086 871 2112 mente
901 2087 1042 2124 captum
1076 2088 1110 2113 et

428 2131 580 2164 amentia
597 2131 632 2164 in
649 2131 756 2165 furias
772 2144 863 2178 saepe
881 2144 1018 2165 versum
1038 2144 1109 2166 sese

429 2183 541 2217 finxit.
552 2184 598 2218 Et
607 2184 692 2218 hinc
707 2197 817 2231 quum
828 2183 953 2219 medici
965 2184 1108 2219 domum

429 2237 648 2280 intravisset,
661 2236 880 2272 adstantibus
903 2251 969 2272 una
989 2247 1023 2272 et
1045 2239 1111 2273 hoc

431 2299 464 2323 et
495 2303 626 2337 puero,
654 2299 845 2338 utrumque
870 2292 966 2326 velut
993 2292 1113 2326 furore

430 2352 616 2389 correptus
629 2344 776 2389 invasit,
788 2353 822 2379 at
835 2345 931 2379 hunc
947 2342 1113 2392 (namque

433 2396 545 2442 pudet
559 2397 685 2432 clarius
700 2393 844 2445 eloqui)
860 2399 909 2432 ira
920 2425 930 2439 ,
946 2407 1113 2433 necaturo

432 2450 554 2483 similis
566 2476 574 2491 ‚
592 2451 691 2485 illum
708 2465 810 2494 vero,
826 2465 890 2486 nec
909 2452 975 2486 sica
993 2465 1058 2487 nec
1075 2461 1113 2486 ut

434 2503 492 2548 qui
510 2513 707 2539 necaturus.
722 2504 846 2539 Ludus
859 2514 973 2539 autem
986 2520 994 2548 ;
1008 2514 1038 2540 at
1054 2507 1112 2552 qui

435 2556 548 2590 minus
583 2557 727 2592 interest
765 2558 807 2592 ad
849 2559 1112 2606 intelligendum

435 2618 547 2643 lotum
569 2610 602 2644 in
626 2615 738 2644 invasit
750 2639 756 2651 ,
778 2621 809 2645 et
824 2613 970 2657 prcecidi!
985 2627 995 2646 .·
1011 2626 1112 2658 quenl

1167 1706 1260 1740 enim
1284 1706 1436 1739 furiosus
1460 1705 1653 1744 invaserat,
1677 1704 1704 1738 is
1725 1704 1846 1750 procul

1166 1758 1276 1793 dubio
1286 1757 1516 1801 occidendus,
1524 1757 1744 1803 proecidendus
1753 1756 1849 1791 vide-

1166 1813 1281 1847 batur.
1301 1811 1343 1846 Id
1365 1821 1478 1846 autem
1500 1824 1591 1845 num
1610 1810 1761 1846 accidit?
1779 1811 1847 1844 Mi-

1166 1866 1279 1909 nime,
1303 1865 1364 1900 sed
1395 1866 1431 1899 in
1459 1865 1558 1899 hunc
1588 1864 1714 1904 irruit,
1749 1863 1847 1898 illum

1166 1918 1337 1965 praecidit.
1374 1919 1530 1952 Proecidit
1559 1930 1644 1952 vero
1671 1916 1848 1964 duplicem

1168 1985 1307 2007 sensum
1322 1972 1452 2006 habere
1466 1973 1538 2018 jam
1557 1970 1755 2005 notavimus
1767 1997 1776 2013 ,
1789 1983 1850 2004 ne-

1168 2038 1237 2072 que
1250 2026 1365 2059 occidit
1380 2025 1550 2060 duntaxat
1568 2036 1692 2058 sonare
1703 2051 1713 2067 ,
1734 2023 1794 2058 sed
1817 2031 1851 2057 et

1173 2082 1241 2113 viro
1259 2082 1359 2113 utimr
1373 2081 1465 2125 quasi
1478 2079 1614 2112 muliere.
1629 2078 1697 2111 En.

1228 2145 1241 2165 1
1252 2158 1261 2173 ‚
1280 2146 1312 2166 α.
1331 2133 1475 2166 Medicus
1492 2134 1557 2165 sica
1567 2132 1764 2177 phreneticus
1779 2131 1851 2164 Eu-

1170 2186 1212 2219 cli
1240 2185 1320 2220 edd.
1336 2193 1421 2219 vett.
1442 2185 1602 2219 Medicum
1632 2184 1754 2218 Nasica
1777 2184 1850 2229 phr.

1171 2240 1272 2273 Aucti
1290 2237 1369 2274 cod.
1388 2239 1574 2273 Pulmann.
1593 2237 1715 2271 Medici
1733 2237 1853 2271 Nasica

1168 2293 1365 2337 phreneticus
1380 2294 1481 2326 Aucti
1496 2291 1551 2326 ed.
1570 2291 1670 2325 Bar-b.
1688 2291 1738 2324 At
1756 2290 1853 2323 medi-

1171 2359 1240 2379 cum
1264 2347 1462 2392 phreneticus
1475 2373 1484 2386 ,
1513 2346 1617 2379 Aucta
1647 2343 1704 2378 ed.
1735 2343 1851 2377 Maiu.

1173 2400 1315 2433 Percidi!
1335 2398 1390 2433 ed.
1410 2399 1509 2432 Barh.
1526 2397 1680 2440 -Qnid
1701 2395 1746 2430 de
1764 2397 1804 2430 iis
1821 2404 1853 2429 et

1173 2453 1356 2499 scripturis
1372 2461 1404 2486 et
1422 2452 1636 2497 conjecturis
1654 2450 1854 2484 existiman-

1174 2505 1257 2539 dum
1278 2520 1296 2541 e
1318 2515 1399 2539 nota
1425 2507 1538 2551 prima
1564 2513 1683 2539 nostra
1697 2530 1706 2544 ‚
1727 2503 1752 2537 si
1781 2515 1854 2536 rem

1175 2559 1281 2594 inodo
1293 2560 1483 2605 attigimus,
1497 2558 1660 2593 facillime
1673 2555 1854 2603 perviden-

1175 2612 1258 2647 dum
1278 2613 1398 2647 lectori
1420 2621 1480 2646 est.
1503 2613 1569 2646 En.
