1978 3305
464 239 556 283 218

832 240 893 281 M.
917 241 1058 282 VAL.
1098 240 1491 283 MARTIALIS

1039 401 1290 456 XXIV.

911 569 968 597 IN
1009 549 1412 599 MALEDmUnL*

526 706 638 748 CUM
662 705 683 747 J
691 702 873 747 uvenale
899 720 996 748 meo
1021 721 1118 765 quae
1148 721 1218 749 me
1246 705 1520 749 committere
1544 713 1685 749 tentas
1702 740 1711 758 ‚

597 773 718 831 Quid
744 791 833 818 non
856 774 1061 831 audebis,
1087 775 1254 837 perfida
1279 775 1449 837 lingua,
1480 773 1627 836 loqui?

525 847 586 889 Te
616 844 809 906 fingente
834 845 978 901 nefas,
1003 845 1194 907 Pyladen
1222 846 1383 891 odisset
1403 847 1582 890 Orestes
1604 863 1612 889 :

594 916 762 960 Thesea
786 916 968 961 Pirithoi
993 917 1257 962 destituisset
1277 933 1413 962 amor.

525 989 594 1030 Tu
618 986 787 1032 Siculos
814 986 992 1043 fratres,
1015 997 1059 1032 et
1086 988 1225 1048 majus
1249 1004 1409 1032 nomen
1435 987 1633 1043 Atridas,

596 1060 653 1102 Et
680 1058 810 1103 Ledae
839 1068 1015 1119 poteras
1041 1058 1272 1103 dissociare
1300 1075 1449 1120 genus.

527 1131 624 1174 Hoc
648 1129 728 1173 tibi
751 1146 833 1190 pro
859 1129 1044 1185 meritis,
1071 1139 1115 1173 et
1140 1129 1298 1174 talibus
1323 1131 1543 1191 imprecor
1572 1129 1711 1183 ausis,

597 1201 659 1244 Ut
687 1199 819 1245 facias
847 1198 976 1255 illud,
997 1199 1140 1261 quod,
1162 1210 1295 1262 puto,
1320 1200 1490 1262 lingua,
1516 1199 1632 1244 facis.

511 1345 526 1359 ³
550 1349 611 1383 Ad
633 1349 852 1381 Detractorem
875 1349 1002 1382 lemma
1026 1358 1077 1384 est
1098 1349 1135 1382 in

456 1401 581 1437 codice
601 1402 799 1436 Pulmanni.

517 1468 530 1489 1
540 1482 547 1489 .
565 1454 644 1488 Cum
659 1456 812 1488 ,Iuvenale
827 1468 893 1488 meo
909 1456 986 1502 quid
999 1469 1045 1488 me
1057 1469 1137 1488 com-

461 1511 581 1542 mittere
604 1516 734 1554 temptas
758 1507 967 1542 Beverlandi
988 1509 1063 1542 MS.
1085 1530 1136 1535 —

462 1562 543 1596 Cum
563 1562 726 1596 Juvenale.
749 1563 827 1595 Hoc
845 1570 896 1596 est
915 1574 923 1595 :
945 1562 976 1595 Ο
998 1562 1138 1607 lingua,

460 1628 539 1661 quae
559 1623 670 1649 tentas
689 1615 931 1649 contentionis
950 1614 1138 1657 et,dissidii

460 1669 592 1703 semina
609 1671 724 1714 jacere
744 1669 837 1703 inter
855 1681 911 1703 me
930 1676 966 1702 et
983 1669 1137 1702 Juvena-

461 1723 528 1756 lein
550 1730 690 1768 poetam
702 1722 825 1756 Satiris
843 1730 984 1762 notum,
1004 1730 1038 1756 et
1055 1722 1137 1755 ami-

461 1788 543 1809 cum
562 1788 693 1809 meum.

515 1829 550 1862 3.
574 1828 713 1873 Pylades
735 1829 851 1862 odisset
872 1830 1006 1863 Oresten
1027 1827 1138 1862 codex

461 1882 648 1915 Palatinus.
665 1903 718 1908 —-
738 1882 896 1928 Ry‘laden.
919 1882 1056 1915 Horum
1076 1881 1137 1915 he-

460 1948 563 1969 roum
590 1935 737 1968 historia
764 1935 930 1968 omnibus
957 1943 1038 1968 nota
1067 1943 1137 1975 est,

462 1988 518 2022 vel
547 1988 679 2035 pueris.
714 1989 764 2022 De
799 1987 946 2034 Pylade,
976 1987 1047 2021 vid.
1076 1988 1137 2022 lib.

459 2041 513 2075 VI
524 2067 534 2083 ,
554 2042 664 2088 epigr·
681 2053 731 2076 ΧΙ.
747 2063 800 2068 ——
815 2041 1009 2087 Tefingente
1027 2042 1138 2084 nefas,-

460 2094 550 2129 fictis
579 2095 786 2129 criminibus
818 2095 901 2129 odia
930 2095 1023 2129 inter
1054 2095 1137 2128 tales

460 2148 588 2183 amicos
608 2148 792 2182 excitante.
812 2149 879 2182 Ευ.

515 2206 548 2242 4.
566 2203 695 2235 Thesea.
708 2201 788 2235 Vid.
807 2202 868 2236 lib.
885 2203 918 2236 X
931 2229 940 2244 ,
959 2203 1069 2249 epigr.
1088 2216 1136 2236 xl.

462 2253 548 2295 Adi,
570 2255 597 2289 si
620 2255 760 2296 lubeat,
776 2256 846 2290 vol.
864 2257 880 2289 Ι
901 2255 1010 2291 nostri
1033 2256 1137 2290 Clau·

1196 1348 1287 1383 diani
1299 1376 1308 1391 ,
1325 1362 1400 1396 pag.
1415 1353 1497 1394 147,
1512 1357 1631 1382 notam
1647 1361 1696 1382 vs.
1710 1350 1793 1383 186.
1805 1348 1873 1382 En.

1253 1403 1286 1437 5.
1309 1403 1433 1437 Siculos
1447 1404 1580 1446 fratres.
1608 1401 1767 1447 Intellige
1789 1402 1873 1433 Am-

1195 1456 1406 1502 phinomum
1430 1464 1465 1488 et
1486 1455 1660 1501 Anapiam
1684 1463 1784 1488 natos
1807 1455 1873 1488 Ca-

1196 1518 1308 1550 tanae,
1324 1508 1432 1542 hodie
1445 1534 1453 1549 ‚
1476 1508 1634 1548 catania,
1655 1508 1692 1540 in
1712 1508 1799 1541 urbe
1819 1507 1873 1539 Si-

1195 1563 1306 1603 ciliae,
1330 1575 1402 1595 non
1430 1562 1532 1607 longe
1560 1574 1578 1594 a
1605 1568 1725 1594 monte
1749 1562 1874 1598 AEtna,

1195 1628 1346 1662 quorum
1366 1616 1464 1662 pium
1484 1615 1520 1648 in
1539 1622 1700 1660 parentes
1717 1626 1873 1646 amorem

1196 1669 1306 1704 refert
1317 1669 1442 1702 Strabo
1458 1668 1518 1702 lib.
1529 1669 1602 1710 V1;
1621 1667 1741 1701 Senec.
1760 1666 1815 1699 111
1830 1665 1874 1700 de

1197 1723 1349 1756 Benefic.
1363 1735 1392 1756 c.
1408 1735 1421 1756 1
1432 1735 1466 1767 7.
1481 1742 1518 1748 —-
1534 1721 1682 1756 Atridas.
1696 1721 1877 1765 Agamem-

1197 1788 1328 1810 nonem
1358 1784 1392 1809 et
1418 1775 1619 1808 Menelaum
1630 1799 1640 1815 ,
1668 1773 1875 1807 celebriores

1197 1830 1322 1864 Siculis
1340 1829 1415 1863 istis
1433 1828 1610 1862 fratribus.

1253 1885 1288 1917 6.
1308 1882 1405 1916 Ledae
1420 1895 1531 1928 genus.
1551 1881 1733 1915 Castorem
1749 1887 1783 1913 et
1799 1878 1876 1911 Pol-

1198 1937 1312 1970 lucem
1330 1947 1338 1969 :
1354 1936 1415 1969 lib.
1430 1936 1483 1976 V,
1502 1934 1614 1980 epigr.
1633 1945 1732 1966 xxxv.

1253 1991 1288 2023 8.
1308 1989 1483 2023 Gruterus
1502 2000 1543 2022 ex
1566 1987 1672 2021 palat.
1691 1984 1811 2019 codice
1831 1985 1877 2018 le-

1198 2043 1266 2089 git,
1283 2043 1500 2087 linguasucck,
1516 2053 1582 2087 pro
1598 2039 1688 2085 vulg.
1704 2039 1813 2083 lingua
1816 2039 1875 2082 sa-

1197 2099 1261 2130 cit:
1271 2095 1464 2142 alloquitur
1477 2095 1570 2129 enim
1585 2094 1694 2139 ipsam
1708 2092 1874 2138 linguam.

1197 2169 1248 2175 —
1265 2150 1370 2183 Facis.
1385 2147 1536 2182 Videtur
1549 2145 1684 2192 alloqui
1699 2145 1854 2191 linguam
1866 2170 1876 2185 ,

1198 2203 1254 2236 cui
1281 2210 1462 2249 precatur,
1496 2209 1534 2235 ut
1570 2199 1747 2234 adhaereat
1773 2199 1877 2232 rebus

1200 2256 1372 2301 turpibus.
1388 2255 1467 2289 Lib.
1483 2255 1517 2287 II
1530 2280 1538 2295 ‚
1557 2253 1667 2300 epigr.
1686 2264 1756 2287 Lx!-
