1978 3305
420 216 482 263 56

791 216 853 258 M.
885 215 1025 257 VAL.
1064 213 1453 257 MARTIALIS

556 302 690 361 Quod
711 302 955 347 Atticarum
981 299 1121 361 prima
1147 297 1275 342 mella
1302 315 1525 355 cerarum,
1795 327 1824 343 ι.»

556 372 690 430 Quod
715 372 990 416 succinorum
1015 379 1140 430 rapta
1164 369 1218 413 de
1243 384 1373 412 manu
1399 368 1550 430 gleba;

557 443 640 487 Cui
668 450 945 502 comparatus
973 439 1177 483 indecens
1208 448 1300 482 erat
1327 455 1467 499 pavo,

554 510 805 556 Inamabilis
835 511 1025 564 sciurus,
1049 519 1092 553 et
1117 508 1319 569 frequens
1343 508 1521 570 phoenix
1548 527 1556 551 ;

555 582 712 626 Adhuc
743 580 906 624 recenti
932 588 1052 641 tepet
1078 580 1262 623 Erotion
1291 579 1442 633 busto,

554 653 699 709 Quam
728 651 1014 712 pessimorum
1041 649 1110 694 lex
1137 665 1268 693 avara
1293 649 1482 693 fatorum

555 723 683 766 Sexta
707 722 876 783 peregit
897 721 1053 782 hyeme
1068 753 1080 774 ,
1105 736 1185 764 nec
1211 729 1358 763 tamen
1383 728 1497 774 tota,

558 791 744 836 Nostros
769 807 962 846 amores,
987 790 1304 851 gaudiumque,
1324 788 1540 850 lususque.

553 864 612 907 Et
637 878 729 907 esse
756 862 925 906 tristem
950 878 1020 905 me
1049 877 1171 904 meus
1196 869 1314 904 vetat.
1340 861 1481 903 Paetus
1505 876 1515 901 ε

555 935 797 992 Pectusque
822 931 1021 993 pulsans,
1046 932 1208 992 pariter
1234 939 1278 974 et
1304 945 1474 974 comam
1501 927 1690 987 vellens;

475 1067 532 1088 10.
557 1055 655 1098 Quod
671 1055 853 1088 Atticarum
869 1056 974 1099 prima
986 1079 995 1093 ,
1024 1061 1089 1086 etc.

417 1107 534 1142 Prima
564 1106 669 1149 dicit,
697 1107 794 1141 velut
820 1106 972 1147 illibata,
1001 1105 1090 1139 inte-

416 1173 588 1206 grumque
607 1159 752 1193 odorem
777 1159 976 1193 retinentia.
998 1157 1092 1190 Vide

416 1213 479 1248 lib.
503 1213 591 1246 XIII
604 1237 613 1253 ‚
634 1213 743 1258 epigr.
764 1224 836 1254 ‹31v;
855 1212 923 1245 mel
946 1212 1092 1257 Hymet·

420 1267 507 1299 tiuin
526 1266 652 1311 agitur.

477 1331 535 1352 11.
564 1318 789 1357 succinorum,
821 1325 885 1351 etc.
913 1317 1092 1350 Electrum

419 1384 526 1404 manu
554 1372 677 1405 tritum
703 1383 808 1404 suave
834 1371 917 1403 olet.
941 1370 1018 1402 Lib.
1039 1371 1092 1409 ΙΙ,

420 1425 530 1470 epigr.
547 1436 653 1466 thv3
670 1424 786 1457 Diosc.
800 1423 861 1456 lib.
879 1424 896 1455 I
908 1447 917 1464 ‚
936 1435 1009 1468 cap.
1031 1423 1090 1466 93.

418 1498 471 1503 —-
486 1476 599 1510 Gleba.
618 1477 805 1510 Succinum
822 1488 894 1509 esse
910 1475 1024 1509 fossile
1035 1501 1044 1515 ‚
1059 1483 1093 1508 et

418 1529 456 1562 in
477 1529 615 1563 duobus
636 1530 721 1563 locis
739 1529 888 1575 Scythiae
905 1528 981 1561 erui
1003 1527 1093 1561 dixit

417 1582 616 1617 Philemon.
628 1583 763 1616 Plinius
775 1591 890 1615 tamen
904 1581 951 1614 ait
963 1593 1002 1613 ex
1016 1581 1092 1626 opi-

418 1635 525 1669 nione
555 1636 725 1681 temporis
754 1633 990 1680 vulgatissima
1006 1660 1015 1676 ‚
1036 1633 1094 1667 de-

419 1687 528 1722 fluere
546 1689 725 1722 succinum
742 1700 782 1721 ex
800 1687 941 1733 populis
960 1687 1093 1719 arbori-

418 1741 508 1783 bus,
536 1750 570 1774 et
597 1741 698 1775 humi
721 1742 790 1774 cito
815 1751 1035 1773 concrescere
1060 1748 1095 1773 et

420 1793 616 1828 durescere.
646 1795 750 1827 Nunc
778 1793 957 1826 invenitur
983 1793 1092 1826 succi-

421 1860 506 1880 nuin
541 1859 652 1893 prope
689 1845 859 1893 quosdam
898 1845 1022 1879 fluvios
1060 1854 1094 1879 et

421 1900 595 1946 praecipne
611 1901 796 1933 Vistulani.
815 1899 982 1932 Nesciunt
1000 1897 1093 1931 unde

421 1955 613 1993 formetur,
635 1952 695 1987 sed
714 1959 849 1987 constat
871 1951 1035 1985 fluctibus
1057 1952 1091 1984 in

422 2007 524 2040 litore
546 2006 636 2052 ejici.
659 2007 724 2039 Et).

481 2072 536 2093 12.
557 2059 679 2093 Codex
700 2058 1001 2102 Pulma1u1ipm·11.s
1021 2058 1093 2090 sive

416 2126 528 2156 [taum.
542 2113 750 2146 ——Indecens
758 2125 851 2157 pavo.
867 2111 972 2155 (ξι-ῥεῖ
988 2109 1092 2151 dicat,

420 2166 565 2198 Erotion
589 2166 780 2210 elegantior
800 2177 956 2210 pavone,
979 2172 1091 2196 tanto-

421 2231 489 2263 que
516 2219 717 2264 pulchrior,
742 2226 779 2251 ut
800 2218 911 2263 turpis
938 2229 1009 2261 prae
1034 2216 1089 2250 illa

421 2283 511 2315 pavo
533 2272 645 2316 putari
663 2279 792 2316 posset.

480 2338 489 2357 1
502 2325 534 2357 3.
549 2325 730 2357 Inamabilis
738 2328 867 2356 scitu-us.
880 2324 960 2365 Quo
973 2331 1087 2356 tannen

421 2378 508 2410 nihil
525 2378 707 2410 amabilius
720 2404 729 2418 ‚
749 2386 780 2410 et
798 2376 903 2410 hodie
922 2376 1037 2421 pneris
1054 2377 1087 2409 in

416 2430 560 2463 deliciis.
576 2432 602 2462 Α
619 2430 693 2463 σκιὰ
708 2438 741 2463 et
755 2430 830 2475 οὐρὰ
842 2456 850 2471 ,
869 2428 963 2475 quod
979 2428 1086 2463 cauda

415 2496 541 2528 corpus
565 2483 758 2523 inumbret,
779 2483 849 2516 imo
876 2491 976 2527 tegat.
1003 2483 1085 2517 Rad.

416 2558 464 2563 —
489 2538 634 2569 I’lumix.
660 2536 749 2577 Quae
773 2548 846 2569 rara
871 2537 960 2577 avis,
988 2544 1021 2568 et
1047 2546 1084 2570 ut

412 2589 554 2635 qnidam
578 2589 718 2629 volunt,
739 2589 839 2622 unica
853 2615 861 2629 ‚
879 2588 942 2622 hac
967 2598 1079 2623 iumen

410 2643 554 2676 Erotion
578 2642 610 2675 in
631 2655 755 2687 genero
777 2654 841 2675 sno
864 2642 985 2674 rarior.

1206 1063 1220 1084 1
1230 1055 1263 1092 4.
1282 1052 1430 1091 Recenti,
1448 1059 1512 1084 etc.
1526 1052 1659 1085 Recens
1672 1052 1758 1085 elata
1771 1062 1824 1087 est

1151 1112 1186 1138 et
1195 1113 1360 1145 cremata,
1371 1105 1616 1149 epigrammate
1626 1117 1733 1138 xxnv
1745 1118 1823 1151 sup.

1150 1158 1269 1202 Rogus
1285 1157 1461 1202 lignorum
1479 1165 1589 1190 strues
1608 1156 1650 1191 ad
1671 1170 1825 1192 creman-

1149 1208 1234 1243 dum
1253 1209 1421 1251 cadaver;
1446 1223 1533 1255 pyra
1557 1209 1677 1243 eadem
1698 1219 1748 1244 est
1767 1224 1824 1246 ac-

1149 1274 1270 1305 censa3
1290 1264 1432 1296 bustum
1445 1287 1455 1304 ,
1476 1262 1617 1308 quando
1641 1263 1720 1308 igne
1739 1277 1823 1298 cou-

1151 1325 1289 1361 sumpta
1306 1323 1367 1349 est.
1384 1316 1451 1349 En.

1208 1369 1266 1402 15.
1287 1368 1407 1402 Codex
1433 1368 1616 1402 Pulmanni
1638 1376 1672 1402 et
1696 1370 1824 1403 Bever-

1150 1420 1245 1454 laudi
1260 1421 1335 1455 MS.
1351 1422 1400 1454 les
1413 1434 1533 1454 amara.
1544 1422 1720 1455 -—-Avara.
1734 1423 1824 1464 Quae

1150 1473 1201 1506 illi
1220 1483 1288 1507 tam
1309 1486 1429 1519 parce,
1453 1483 1522 1507 tam
1541 1474 1692 1520 maligne
1713 1487 1822 1509 annos

1151 1526 1194 1559 ad
1208 1527 1313 1560 vitam
1331 1526 1499 1573 agendam
1518 1528 1740 1561 annumerari
1762 1527 1823 1562 de-

1150 1580 1270 1613 crevit.
1287 1581 1354 1612 En.

1210 1636 1265 1666 16.
1302 1650 1315 1662 u
1335 1633 1402 1666 Pro
1426 1635 1550 1678 peregit
1577 1632 1821 1679 reponendum

1151 1684 1262 1718 videri
1278 1694 1382 1731 queat
1394 1712 1403 1727 ‚
1415 1687 1566 1731 peremit;
1583 1698 1663 1720 nam
1682 1687 1731 1721 sic
1747 1699 1823 1720 om-

1152 1738 1238 1771 nino
1250 1739 1310 1772 lib.
1330 1740 1360 1771 X
1373 1765 1382 1779 ‚
1396 1739 1505 1784 epigr.
1520 1751 1580 1772 Lx1
1597 1751 1605 1772 :
1628 1739 1715 1773 «Hic
1728 1740 1822 1773 festi-

1151 1800 1230 1824 nata
1269 1792 1458 1837 requiescit
1493 1792 1640 1825 Erotion
1677 1793 1798 1826 umbra
1811 1818 1822 1833 ‚

1152 1844 1307 1877 Crimine
1336 1857 1440 1890 quani
1467 1845 1527 1877 sati
1555 1853 1646 1878 sexta
1672 1846 1822 1890 peremit

1151 1897 1275 1930 hienis.
1294 1915 1307 1927 ›-
1341 1897 1410 1930 Sed
1435 1911 1586 1942 peragere
1622 1898 1726 1932 etiam
1756 1911 1821 1943 pro

1147 1950 1442 1994 perimere,Valer.
1460 1951 1552 1983 Flac,
1573 1951 1634 1984 lib.
1656 1952 1672 1984 I
1690 1963 1698 1984 :
1719 1952 1821 1985 «Fert

1151 2003 1264 2046 gravis
1275 2003 1384 2036 invito
1393 2007 1556 2036 victorem
1571 2004 1715 2038 Nestora
1727 2013 1823 2050 tergo

1152 2056 1369 2101 Monychus,
1388 2055 1524 2089 ardenti
1546 2058 1677 2102 peragit
1698 2058 1821 2104 Clytus

1151 2110 1277 2142 Actora
1306 2122 1450 2155 quercu.
1471 2127 1484 2139 »ι
1521 2109 1574 2142 Sic
1607 2107 1820 2155 διαπράττειν

1151 2162 1290 2195 Graeeis.
1308 2161 1575 2196 ll‹›r‹1hlus.Vide
1591 2163 1699 2208 epigr.
1717 2176 1820 2196 xxxiv

1150 2227 1264 2259 snpra.
1289 2236 1339 2241 —
1357 2215 1454 2248 Sexta
1472 2217 1595 2259 peregit
1617 2216 1729 2256 hieme,
1753 2225 1820 2250 etc.

1151 2269 1217 2300 Nec
1233 2276 1334 2300 tumen
1348 2277 1413 2300 toea
1428 2295 1435 2306 ‚
1454 2267 1538 2301 dicit
1552 2281 1560 2308 3
1577 2269 1659 2312 quia
1675 2282 1731 2302 sex
1746 2269 1821 2303 dies

1148 2319 1351 2356 defuerunt.
1383 2321 1471 2353 sicut
1502 2321 1574 2366 ipse
1599 2334 1703 2367 supra
1732 2321 1819 2356 dixit

1147 2374 1257 2419 epigr.
1275 2387 1389 2407 xxxiv.

1206 2442 1258 2470 ¹31-
1281 2428 1454 2473 Pectusque
1471 2428 1579 2472 pulsat
1599 2427 1717 2461 Codex
1738 2428 1820 2461 Pul-

1148 2480 1276 2514 manni.
1294 2481 1466 2525 Pectusque
1475 2482 1595 2525 pulsem
1612 2480 1817 2513 Beverlandi

1145 2533 1221 2567 MS.
1247 2542 1276 2566 ct
1302 2547 1388 2566 coma
1414 2534 1524 2566 'vellem
1546 2533 1654 2567 codex
1677 2534 1816 2567 Vatica-

1144 2599 1210 2620 nus
1237 2599 1244 2620 ι
1266 2605 1279 2616 -
1296 2587 1341 2621 Et
1367 2588 1412 2621 ita
1436 2588 1580 2621 omnino
1607 2585 1820 2633 legeinlini13

1142 2652 1278 2685 iic-nipe,
1296 2640 1419 2685 inquit,
1438 2641 1546 2673 Paetus
1567 2648 1654 2673 vetat
1677 2648 1713 2673 ut
1735 2640 1812 2685 pnl-
