1978 3305
379 228 960 273 EPIGRAMMATUM
999 229 1124 271 LIB.
1164 229 1250 271 XI.

1418 227 1508 272 (ior

186 318 307 360 Basia
332 316 388 360 da
416 317 541 361 nobis
566 315 738 371 vetulo,
763 332 891 377 puer,
913 315 997 359 uda
1024 313 1230 370 Falerno,

254 386 414 431 Pocula
439 387 494 430 da
518 385 650 431 labris
673 387 788 430 facta
812 386 983 430 minora
1011 387 1110 429 tuis.

183 456 412 501 Addideris
436 473 567 518 super
590 457 684 502 haec
705 457 890 501 Veneris
915 457 950 500 si
975 455 1131 516 gaudia
1156 470 1280 511 vera,

253 529 358 571 Esse
383 544 537 589 negem
564 527 716 571 melius
738 543 838 571 cum
866 525 1120 587 Ganymede
1143 527 1254 570 Jovi.

115 672 184 704 que
212 658 345 692 domini
369 660 439 701 tui,
453 672 475 693 ο
493 659 654 693 omnibus
676 671 787 693 venu-

115 712 199 745 stior
214 724 301 757 quos
323 712 455 746 amavi!

170 765 204 798 3.
218 765 371 798 Falerno.
388 766 440 798 De
456 765 607 798 Falerno
620 766 691 810 jam
710 776 788 798 sex-

115 817 267 858 centies;
284 817 329 851 de
350 818 489 851 Falerno
516 818 639 857 vetulo,
666 817 727 851 lib.
752 818 788 858 I,

115 870 226 915 epigr.
245 882 304 903 x1x
316 896 325 911 ,
337 883 387 903 vs.
415 883 444 903 1.

171 926 205 962 4.
227 923 331 956 Facta
362 926 493 957 minora.
527 923 626 957 Trita
640 949 649 964 ‚
680 922 788 969 degu-

117 982 201 1008 stata
217 975 322 1010 labris
336 976 416 1010 tuis.
428 991 441 1003 «
453 976 497 1010 Et
507 989 574 1022 qua
590 984 630 1010 tu
645 975 787 1018 biberis,

845 659 912 692 hac
921 671 984 704 ego
997 666 1096 703 parte
1110 658 1240 691 bibam.
1250 674 1263 687 x·
1276 657 1382 691 Ovid.
1403 660 1522 691 Amor.

847 711 908 756 lib.
929 712 945 743 Ι
959 736 967 751 ,
988 711 1086 756 Eleg.
1108 722 1158 752 lv,
1172 723 1220 744 vs.
1241 710 1301 744 32.

902 766 938 797 6.
961 763 1046 797 .Ῑονὶ.
1067 763 1135 796 Pro
1153 763 1220 796 hoc
1240 763 1292 795 De
1320 763 1410 806 Rooy
1431 765 1523 807 conj.

847 817 966 850 Jovem.
991 815 1059 850 Sed
1085 817 1178 861 vulg.
1207 814 1364 848 defendit
1393 815 1524 849 amicus

848 869 1008 915 hujusV.
1031 870 1086 909 C.‚
1102 868 1188 902 dum
1210 867 1253 902 ad
1283 881 1366 901 eum
1390 868 1523 901 scribit.

848 942 901 948 -—
920 922 1113 964 Gany-mede.
1134 923 1186 955 De
1208 934 1280 967 quo
1301 920 1469 966 saepius.V
1476 919 1523 954 id.

848 975 909 1009 lih.
927 976 945 1008 Ι
958 1001 967 1017 ,
981 975 1091 1021 epigr.
1105 987 1157 1008 vn
1171 1001 1181 1017 ,
1197 983 1231 1008 et
1246 974 1384 1020 passim.

686 1111 966 1166 XXVII.

610 1266 682 1294 AD
722 1246 1038 1294 FLACCUM.⁴

187 1388 400 1431 Fssmffius
425 1402 469 1430 es
485 1421 495 1440 ,
521 1388 554 1430 si
579 1396 693 1430 stare
719 1395 863 1447 potest
886 1386 961 1430 tibi
987 1385 1205 1438 mentula,
1233 1385 1405 1435 Flacce,

258 1458 406 1513 Quum
438 1467 479 1501 te
508 1474 582 1501 sex
612 1457 792 1518 cyathos
822 1466 918 1501 orat
945 1457 1084 1500 amica
1115 1457 1231 1517 gari3

195 1525 271 1571 Vel
297 1527 385 1571 duo
410 1528 547 1572 frusta
573 1537 699 1588 rogat
725 1527 860 1588 cybii,
890 1537 1123 1571 tenuemve
1149 1526 1356 1571 lacertum
1376 1562 1386 1582 ‚

259 1598 354 1641 Nec
382 1598 557 1659 dignam
585 1607 679 1642 toto
706 1615 750 1642 se
780 1598 992 1659 botryone
1021 1607 1171 1658 putat3

189 1669 271 1713 Cui
298 1678 443 1729 portat
468 1669 660 1730 gaudens
685 1668 839 1712 ancilla
864 1668 1095 1730 paropside
1119 1668 1251 1712 rubra

257 1737 431 1783 Alecem
447 1774 459 1794 ‚
485 1739 559 1783 sed
587 1756 718 1800 quam
747 1740 947 1800 protinus
974 1738 1045 1782 illa
1068 1749 1218 1793 voret3

192 1812 277 1854 Aut
305 1826 441 1870 quum
466 1810 693 1870 perfricuit
717 1809 930 1865 frontem,
955 1810 1186 1871 posuitque
1211 1809 1422 1870 pudorem
1442 1845 1451 1863 ‚

259 1880 442 1925 Succida
467 1879 642 1941 palliolo
668 1879 827 1925 vellera
850 1881 1041 1941 quinque
1066 1880 1187 1941 petit.

173 2007 186 2021 ¹
195 2011 477 2057 RogatFlaccum
487 2025 558 2057 quo
572 2021 673 2058 pacto
684 2024 798 2046 amare

122 2065 231 2111 possit
265 2065 519 2099 meretriculam
553 2064 769 2098 diobolarem
788 2092 796 2107 ,

122 2130 199 2163 quae
217 2125 254 2151 ut
268 2116 459 2151 redimatur
471 2126 542 2152 tota
553 2118 681 2152 sufficit
691 2131 797 2163 pecu·

123 2171 225 2204 niolae
243 2171 417 2204 xeniolive
436 2172 491 2204 vel
511 2171 706 2204 minimum.
729 2172 797 2205 Ευ.

180 2224 311 2257 nsum»
319 2231 439 2268 potest,
453 2233 519 2258 etc.
534 2226 574 2257 In
591 2224 699 2258 amica
715 2224 797 2263 vili,

123 2288 230 2323 quam
243 2276 367 2322 exiguo
377 2277 491 2321 pretio
505 2276 690 2310 redemisse
698 2278 777 2311 licet
790 2304 798 2318 ,

122 2337 165 2363 ut
177 2341 254 2375 quae
267 2337 385 2374 poscat
399 2342 455 2362 sex
471 2329 541 2362 vini
556 2330 717 2374 cyathos,
728 2328 798 2363 duo

123 2382 232 2415 frusta
249 2381 362 2426 cybii,
382 2390 449 2415 etc.

180 2447 212 2467 2.
232 2435 314 2467 Dan·
326 2433 404 2467 cod.
419 2435 620 2474 Pulmanni;
635 2434 707 2467 vid.
722 2444 794 2468 not.

124 2488 188 2520 inf.
222 2487 299 2520 dare
335 2486 476 2532 quidem
515 2486 594 2521 edd.
630 2496 713 2521 vett.
747 2509 801 2516 —-

127 2542 211 2573 Orat
242 2542 343 2572 amica
373 2542 458 2584 gari.
490 2541 533 2574 Et
557 2541 605 2574 sic
627 2540 798 2574 Gruterus

124 2606 166 2626 ex
185 2593 291 2626 Palat.
316 2593 416 2638 legit,
447 2593 542 2639 quod
567 2603 599 2627 et
619 2606 793 2626 commen-

125 2646 209 2678 taria
237 2644 411 2679 Calderini
443 2655 645 2691 agnoscunt.
676 2646 797 2679 Garum

855 2013 1031 2058 liquamen
1062 2026 1101 2046 ex
1133 2013 1239 2058 pisce.
1263 2012 1352 2046 Gall.
1377 2025 1529 2044 saumure.

911 2065 943 2098 3.
964 2065 1070 2110 Cv'bii.
1089 2066 1197 2099 Piscis
1215 2078 1232 2099 e
1248 2064 1461 2111 pelamidum
1479 2078 1532 2110 ge-

856 2117 1048 2151 nere.Vide
1064 2118 1174 2159 lih.V,
1191 2118 1301 2164 epigr.
1322 2130 1456 2151 Lxxv111
1468 2143 1478 2157 ,
1497 2120 1530 2151 5.

913 2175 946 2210 ά.
961 2171 1328 2216 Botqm*orze111ct‹1l.0vis
1339 2171 1511 2217 sepiarum
1523 2197 1531 2211 ‚

859 2236 929 2257 non
954 2236 1090 2257 racemo
1104 2250 1112 2261 ,
1142 2233 1178 2257 ut
1199 2224 1273 2256 vult
1294 2224 1479 2257 Domitius.

914 2277 946 2310 5.
965 2277 1141 2321 Parapsc'de
1158 2277 1300 2311 Gruter.
1314 2277 1397 2322 legit
1409 2302 1418 2317 ,
1435 2285 1469 2310 et
1485 2277 1532 2310 sic

859 2328 919 2362 dat
938 2330 1053 2363 Pulm.
1071 2329 1149 2363 cod.
1173 2351 1214 2356 —
1228 2330 1405 2375 Pal-upside
1423 2330 1531 2363 rubra.

859 2383 974 2415 Lance
993 2382 1105 2416 fictili.
1122 2383 1239 2416 Rubra
1266 2383 1358 2416 enim
1386 2392 1425 2416 ut
1454 2383 1534 2428 plu-

856 2435 983 2468 rimum
1029 2448 1133 2481 quam
1163 2436 1317 2480 argillam
1353 2436 1530 2481 figulinam

856 2497 979 2521 vocant

913 2554 943 2585 7.
961 2542 1028 2574 flul
1043 2555 1148 2586 quam,
1159 2550 1221 2575 etc.
1237 2541 1342 2583 Quod
1362 2543 1389 2574 si
1406 2542 1532 2587 majon-

858 2606 937 2627 culn
968 2593 1095 2627 fiducia
1130 2595 1213 2627 velit
1238 2607 1401 2640 inagnum
1429 2593 1532 2639 quid-

858 2646 935 2681 dam
957 2660 1095 2691 rogare,
1118 2648 1226 2692 poscit
1247 2648 1426 2693 paululum
1448 2648 1533 2680 lana*
