1978 3305
457 216 548 263 [56

819 220 881 262 Μ.
903 220 1043 262 VAL.
1082 220 1475 263 MARTIALIS

517 306 604 349 Vix
631 314 835 367 tangente
861 321 994 366 vagos
1020 304 1136 349 ferro
1162 321 1356 350 resecare
1382 305 1562 367 capillos

586 376 758 420 Doctus
774 410 785 430 ,
811 384 854 419 et
882 375 1068 419 hirsutas
1098 375 1335 420 excoluisse
1361 392 1508 436 genas.

520 445 585 489 Sis
609 444 731 502 licet,
754 454 803 488 ut
830 444 984 501 debes,
1012 444 1158 490 Tellus
1185 445 1355 507 placata
1371 482 1382 503 ‚
1405 445 1615 506 levisque;

587 515 781 559 Artificis
809 514 948 560 levior
975 532 1065 560 non
1090 526 1214 577 potes
1244 533 1335 561 esse
1361 532 1506 560 manu.

503 652 536 686 3.
554 653 614 685 Vis
626 660 782 698 tangente.
795 654 895 687 Junt.
908 665 987 687 ann.
1011 666 1024 687 1
1035 653 1053 687 5
1064 666 1077 686 1
1089 666 1119 687 2.

450 726 501 732 —
516 705 553 737 V
550 707 583 738 ix
599 713 747 751 tangente
758 733 768 747 ,
786 715 850 741 etc.
871 706 1022 752 Propter
1042 707 1122 740 faci-

446 758 517 791 lem
534 766 568 792 et
578 758 690 792 levem
706 759 743 792 in
758 758 939 793 tondendo
954 758 1123 793 radendo-

449 822 517 855 que
530 823 685 854 manum,
698 820 737 846 tu
752 813 797 846 sis
810 812 861 846 illi
871 812 968 855 levis,
981 825 1002 846 o
1018 821 1122 847 terra.

451 862 907 911 Vid lib.V,epigr.xxx1v,
917 878 965 899 vs.
979 878 1000 910 9
1018 874 1052 899 et
1064 877 1121 899 10.

504 917 536 950 5.
556 917 608 951 Sis
634 917 708 951 licet
730 921 873 964 imposito
903 919 992 951 tellus
1014 918 1123 952 codex

449 969 650 1004 Pulmanni.
676 971 728 1005 Sis
754 972 827 1004 licet
849 971 920 1005 inde
946 972 1007 1004 sibi
1033 972 1124 1004 tellas

448 1021 531 1056 Ald.
563 1024 662 1057 Junt.
693 1024 810 1058 Colin.
842 1025 983 1070 Gryph.
1011 1025 1123 1059 Plant.

447 1076 469 1108 J
473 1076 590 1110 unian.
605 1077 711 1123 Lang.
731 1077 857 1123 Delph.
879 1086 943 1110 etc.
962 1078 1125 1118 barbare,

447 1127 579 1174 judicio
607 1130 634 1163 F
637 1131 780 1164 arnahii.
808 1131 972 1164 Nostram
1004 1130 1125 1164 lectio-

1180 665 1262 687 nem
1294 661 1466 688 testantur
1495 651 1602 687 codd.
1633 653 1792 688 Florent.
1820 661 1857 687 et

1180 707 1318 740 Thuan.
1332 706 1383 740 Sis
1398 707 1472 739 licet
1482 733 1491 747 ‚
1511 714 1547 739 ut
1561 706 1666 740 debes.

1235 762 1269 794 6.
1280 759 1426 805 Artificis
1444 759 1552 794 levior.
1560 759 1744 801 Quamvis,
1759 771 1780 791 o
1797 758 1859 791 tel-

1181 813 1245 850 lus,
1257 812 1473 858 Pantagatho
1488 812 1534 846 sis
1545 812 1720 846 levissima
1729 837 1738 853 ,
1752 811 1859 846 facili-

1181 874 1287 900 tatem
1323 874 1439 899 tamen
1473 865 1679 911 Pantagathi
1716 864 1858 898 vincere

1183 931 1255 952 non
1287 927 1412 964 potes;
1445 930 1510 952 nec
1542 927 1641 964 potes
1673 925 1744 951 tam
1772 916 1859 950 levis

1183 984 1256 1005 esse
1276 970 1453 1017 pondere,
1473 983 1577 1016 quam
1595 970 1682 1004 levis
1698 978 1731 1003 et
1750 969 1859 1003 facilis

1185 1024 1278 1058 illius
1299 1036 1423 1058 manus
1450 1024 1539 1064 fuit,
1563 1036 1673 1069 quum
1698 1020 1860 1056 tonderet

1184 1077 1327 1122 capillos
1339 1102 1348 1118 ‚
1383 1077 1437 1110 vel
1475 1077 1619 1110 barbam
1635 1089 1644 1118 ;
1678 1075 1735 1109 vix
1765 1075 1859 1109 enim

1187 1130 1282 1176 tangi
1297 1130 1391 1164 ferro
1410 1128 1634 1163 videbantur.
1651 1129 1718 1163 En.

1067 1267 1240 1322 LIII.

891 1425 960 1452 DE
1006 1402 1408 1454 ANDRAGORA.*

524 1551 679 1594 LoTUS
704 1550 931 1594 nobiscum
955 1560 1045 1605 est,
1067 1549 1215 1594 hilaris
1238 1550 1445 1604 coenavit3
1471 1558 1514 1592 et
1537 1548 1650 1591 idem

592 1621 803 1665 Inventus
831 1637 958 1665 mane
983 1631 1049 1666 est
1073 1629 1271 1666 mortuus
1293 1619 1586 1681 Andragoras,

522 1692 629 1735 Tam
658 1692 812 1736 subitae
840 1693 994 1736 mortis
1022 1708 1221 1747 causam,
1247 1691 1478 1747 Fausfine,
1502 1687 1713 1750 requiris?

593 1764 643 1806 In
667 1763 829 1807 somnis
850 1762 1067 1808 medicum
1090 1762 1259 1807 viderat
1277 1764 1625 1806 Hermocratem.

525 1905 684 1954 Λούσας
713 1899 927 1954 δειπνήσας
952 1921 996 1947 τε
1023 1906 1118 1964 παρ’
1143 1908 1236 1961 ἡμῖν
1260 1902 1477 1965 γηθόσυνος
1498 1909 1596 1961 κῆρ,

599 1976 732 2026 Αὐτὸς
763 1981 871 2018 κεῖτο
901 1974 1026 2018 θανὼν
1053 1975 1203 2036 ὄρθριος
1234 1967 1518 2035 Ᾰνδραγόρας·

529 2045 668 2090 Αἴτιον
696 2040 894 2106 αἰφνιδίου
924 2045 1119 2100 θανάτου,-
1148 2046 1355 2098 Φαυστῒν’,
1384 2043 1578 2102 ἐρεείνεις;

598 2103 639 2159 fi
667 2117 759 2177 ὄναρ
786 2117 919 2177 ἰητρόν
948 2118 980 2176 ῥ’
1006 2110 1148 2160 εἴσιδεν
1175 2107 1459 2177 Ἑρμοκράτην.

511 2252 525 2265 ”
545 2256 612 2290 Hic
628 2256 724 2290 nulla
739 2256 901 2290 lectionis
919 2255 1066 2289 varietas
1083 2263 1133 2289 est

461 2311 496 2343 in
512 2310 608 2343 libris
621 2322 726 2343 manu
735 2309 898 2346 exaratis,
915 2316 973 2343 aut
985 2309 1131 2343 excusis.

517 2368 549 2403 4.
578 2364 615 2396 In
639 2366 774 2403 somnis,
795 2371 861 2397 etc.
891 2362 1133 2396 Perniciosum

461 2416 661 2450 mehercuie
683 2415 875 2450 medicum!
897 2417 996 2462 cujus
1019 2415 1134 2461 imago

462 2470 516 2503 vel
539 2482 601 2514 per
621 2471 797 2503 somnium
820 2470 908 2510 visa,
935 2469 1061 2503 faceret
1092 2467 1135 2502 acl

464 2530 622 2557 mortem.
635 2522 731 2564 Quid
749 2523 821 2568 ipse
838 2523 972 2558 fecisset
988 2530 1060 2556 arte
1073 2534 1135 2556 sua

1192 2253 1320 2288 inerti?
1341 2253 1455 2286 Habes
1475 2250 1631 2299 ejusdem
1652 2249 1784 2295 ingenii
1803 2248 1875 2294 epi·

1191 2319 1346 2353 gramma
1362 2307 1472 2341 Graec.
1490 2305 1598 2339 Anth.
1613 2304 1674 2339 lib.
1691 2304 1744 2346 11,
1762 2315 1792 2337 c.
1811 2315 1827 2335 α
1840 2315 1873 2336 1.

1195 2355 1355 2406 Ερμογένη
1368 2361 1420 2393 τὸν
1435 2360 1558 2404 ἰατρὸν,
1575 2366 1642 2392 etc.
1663 2355 1802 2390 Lucillii
1815 2380 1824 2396 ,
1838 2363 1873 2388 et

1195 2413 1359 2448 Nicarchi
1374 2413 1454 2446 0131·
1473 2414 1602 2446 ἔκλυσεν
1614 2436 1622 2447 ,
1641 2410 1702 2444 ubi
1717 2409 1765 2443 ait
1778 2420 1873 2441 mor-

1196 2475 1265 2501 tem
1285 2467 1411 2500 obiisse
1440 2465 1482 2499 ad
1510 2465 1622 2500 solum
1645 2461 1772 2497 medici
1792 2461 1875 2495 Phi-

1195 2520 1297 2555 donis
1314 2532 1455 2555 nomeu.
