1978 3305
410 184 472 231 38

778 183 840 225 M.
872 183 1012 226 VAL.
1052 181 1446 226 MARTIALIS

614 272 800 314 Hermes
824 269 1027 324 vincere,
1055 285 1137 313 nec
1161 268 1291 313 ferire
1316 269 1494 324 doctus3

619 343 803 385 Hermes
831 339 1133 400 supposititius
1162 338 1241 383 sibi
1266 339 1372 399 ipsi3

619 413 804 454 Hermes
826 408 988 453 divitiae
1012 407 1299 466 locariorum3

618 482 804 524 Hermes
829 494 957 535 cura,
982 477 1192 541 laborque
1220 478 1465 535 ludiarum;
1793 500 1824 516 ιι»

618 552 803 594 Hermes
824 548 1029 610 belligera
1054 550 1267 611 superbus
1291 549 1438 604 hasta;

616 622 803 664 Hermes
832 635 1034 681 aequoreo
1061 621 1208 664 minax
1236 619 1447 675 tridente3

619 691 806 734 Hermes
829 689 994 735 casside
1019 689 1225 752 languida
1248 688 1489 745 timendus;

464 833 498 864 7.
519 819 652 852 Hermes
670 819 797 851 vincere
815 831 847 851 se
862 826 893 851 et
906 819 1008 861 ferire
1028 817 1088 851 Li-

410 873 506 919 psius
518 897 528 913 ,
547 871 647 918 epist.
663 883 677 904 1
689 895 699 912 ,
721 871 762 913 53
779 871 945 914 sedserire
963 871 1000 904 in
1018 871 1091 904 vul-

410 925 497 971 gatis
515 937 524 966 ;
544 937 598 957 nec
610 925 732 967 ferire,
758 922 864 958 codd.
882 923 1068 957 Pulmanni
1082 948 1091 966 ‚

410 977 574 1023 Cagnerii
588 985 623 1011 et
637 978 658 1010 J
661 976 737 1010 unii
750 999 761 1015 ‚
781 977 955 1022 probante
973 976 1093 1012 Dousa

413 1030 456 1064 ad
482 1030 701 1065 Petronium.
729 1050 781 1056 —
809 1030 878 1063 Nec
894 1030 1008 1072 serit-e.
1036 1029 1093 1063 Sic

414 1083 510 1118 enim
537 1081 776 1117 adversarium
800 1082 1002 1129 implicabat
1017 1108 1027 1124 ,
1053 1090 1094 1115 ut

415 1137 490 1171 sine
519 1136 591 1169 ictu
619 1135 719 1169 illum
745 1134 925 1176 vinceret,
949 1134 1005 1168 vel
1031 1135 1093 1180 qui

414 1190 509 1223 victo
526 1187 725 1223 adversario
746 1188 922 1234 parcebat.

470 1241 735 1287 &supposititius
744 1241 805 1274 sibi
815 1243 885 1286 ipsi.
898 1239 1094 1286 Pugnando

419 1307 490 1328 non
506 1294 714 1340 defatigatus
724 1318 733 1331 ‚
752 1292 813 1328 sed
828 1292 978 1339 perinde
993 1306 1031 1328 ac
1043 1305 1097 1327 re-

419 1360 501 1381 cens
520 1346 771 1393 gladiatoribus
789 1347 890 1380 novis
910 1345 1096 1393 congredi-

421 1409 478 1434 tur
490 1426 499 1441 ‚
516 1413 580 1434 nec
602 1399 737 1445 indiget
754 1408 795 1433 ut
813 1399 878 1433 sibi
896 1400 983 1434 alius
999 1399 1097 1433 suffi-

419 1453 531 1487 ciatur
552 1465 560 1486 :
581 1452 661 1486 vide
688 1453 783 1498 Lips.
812 1452 989 1486 saturnal.
1015 1453 1097 1487 Gla-

421 1505 576 1540 diatores
608 1505 703 1539 enim
732 1505 947 1552 supposititii
973 1514 1096 1546 erant,

422 1559 483 1605 qui
519 1559 613 1593 sessis
647 1567 682 1592 et
715 1558 818 1592 victis
848 1557 1098 1604 gladiatoribus

422 1612 686 1645 sufficiebantur
699 1637 709 1653 ,
747 1611 808 1657 qui
845 1623 927 1645 cum
966 1611 1099 1646 victore

422 1664 697 1706 contenderent,
715 1676 802 1710 quos
833 1672 867 1697 et
892 1664 1072 1697 subdititios
1087 1691 1096 1704 ‚

421 1718 524 1763 graeci
545 1713 692 1763 ἐφέδρους
708 1717 937 1751 nominabant
954 1729 962 1750 :
979 1717 1102 1751 substi-

423 1771 586 1804 tuebatur
609 1779 726 1804 autem
749 1782 857 1810 unus,
878 1770 976 1812 alter,
994 1770 1099 1803 etiam

421 1825 547 1857 tertius
565 1822 748 1869 gladiator,
765 1830 858 1856 sorte
875 1831 990 1856 tamen
1004 1849 1013 1864 ,
1028 1835 1100 1856 non

426 1877 530 1911 ullius
548 1876 705 1909 arbitrio.
728 1876 844 1909 Rader.

481 1944 515 1974 9.
529 1928 643 1964 Codd.
655 1929 840 1962 Pulmanni
850 1938 883 1962 et
893 1928 1101 1962 Beverlandi

420 1986 624 2028 jocariorum.
641 1981 733 2015 Vide
745 1982 850 2015 Salm.
866 1981 908 2015 ad
921 1981 1080 2015 Solinum
1090 2006 1097 2018 ,

428 2050 460 2082 p.
486 2035 557 2076 234
570 2061 579 2076 ‚
597 2043 631 2068 et
645 2035 790 2069 Coelium
804 2061 814 2076 ‚
826 2035 886 2068 lib.
902 2035 1002 2077 XIV,
1024 2047 1099 2081 cap.

432 2104 449 2123 2
458 2089 491 2122 3.
503 2111 555 2115 ——
565 2088 696 2121 Divitiae
711 2089 909 2122 locat-iorum.
924 2088 995 2121 Pau
1002 2100 1101 2133 peres

428 2143 487 2188 qui
504 2142 576 2175 loca
599 2140 785 2174 commoda
804 2141 839 2173 in
859 2141 1064 2186 spectaculis
1082 2154 1099 2174 a

427 2207 462 2228 sc
483 2202 669 2240 occupata,
692 2203 725 2228 et
747 2194 908 2228 subsellia
929 2193 1100 2227 divitibus

428 2246 527 2280 tarde
545 2247 767 2281 venientibus
785 2247 960 2287 locarent,
980 2247 1100 2281 locarii

430 2300 648 2334 dicebantur.
668 2301 736 2333 En.
750 2322 800 2327 --
819 2301 951 2333 Οἰυὶιὶω
965 2300 1100 2333 locat-io-

430 2366 508 2385 rum.
517 2352 621 2386 Unde
632 2361 802 2398 quaestum
813 2353 940 2387 faciant
951 2353 1013 2398 qui
1024 2353 1101 2387 loca

429 2406 562 2452 populo
578 2405 613 2437 in
628 2406 832 2451 spectaculis
846 2405 1030 2451 designaut
1048 2406 1101 2439 lo-

427 2467 588 2503 cantquc.
601 2459 722 2503 Etjam
737 2459 825 2491 lucar
837 2458 992 2500 dictum,
1006 2459 1101 2504 quod

429 2513 528 2557 prius
553 2512 640 2543 lacm-
661 2523 675 2545 .·
701 2524 744 2544 aes
766 2512 933 2545 nimirum
958 2526 997 2545 cx
1020 2513 1101 2546 locis

428 2565 499 2598 sive
509 2563 648 2598 sedibus
663 2564 888 2598 theatralibus
905 2565 1100 2598 collectum.

483 2630 538 2655 ιο.
571 2617 733 2662 Laborque
765 2618 933 2651 ludim-um.
966 2619 1098 2651 Uxores

1149 817 1205 851 vel
1233 817 1353 851 amicae
1379 815 1613 863 gladiatorum
1642 815 1748 850 ludiae
1773 815 1827 850 di-

1149 871 1339 912 cebantur,
1369 882 1447 916 quae
1477 882 1599 903 omnes
1625 869 1828 903 Hermetem

1150 924 1314 957 amabant
1325 949 1335 965 ‚
1347 934 1498 968 eumque
1510 922 1644 955 salvum
1659 922 1759 955 anxie
1772 935 1829 956 cu-

1150 976 1363 1021 piebant.--
1372 975 1498 1015 Ludius,
1520 983 1604 1009 sunt
1624 975 1729 1008 etiam
1749 988 1827 1009 mu-

1150 1028 1267 1071 lieres,
1277 1041 1356 1074 quae
1367 1036 1477 1062 artem
1483 1027 1728 1061 histrionicam
1735 1041 1830 1062 exer-

1151 1089 1232 1116 cent
1243 1107 1252 1123 ,
1274 1093 1351 1127 quae
1371 1080 1497 1115 mimos
1511 1089 1546 1114 et
1561 1081 1642 1114 alias
1666 1080 1704 1114 id
1721 1093 1830 1126 genus

1152 1134 1285 1168 fabulas
1298 1160 1307 1176 ,
1323 1146 1362 1169 ac
1377 1133 1573 1180 spectacula
1585 1133 1754 1167 exhibent
1764 1160 1773 1176 ‚
1792 1134 1829 1167 in

1152 1187 1266 1233 iisque
1283 1187 1416 1221 faciunt
1433 1195 1616 1233 quaestum.

1213 1253 1226 1274 1
1239 1253 1253 1274 1
1263 1266 1271 1274 .
1283 1240 1442 1285 Superbus
1455 1241 1557 1273 hasta.
1569 1239 1742 1273 Samnites
1752 1248 1831 1274 ante

1153 1305 1306 1339 pugnam
1348 1293 1537 1327 vibrabant
1574 1292 1688 1326 hastas
1700 1318 1709 1334 ,
1744 1305 1832 1338 quos

1155 1347 1384 1380 {emulabatur
1396 1346 1554 1388 Hermes,
1567 1353 1671 1391 atque
1684 1353 1724 1379 ut
1736 1346 1832 1391 plau-

1155 1412 1232 1433 sum
1247 1400 1371 1446 populi
1387 1406 1556 1445 captaret,
1573 1398 1610 1432 in
1622 1398 1832 1445 praelusioue

1155 1452 1288 1486 hastam
1302 1452 1451 1486 mirifice
1463 1452 1636 1485 vibrabat.

1215 1518 1228 1539 1
1241 1518 1271 1539 2.
1286 1506 1454 1553 AEquoreo
1466 1507 1584 1538 mina-v.
1595 1504 1769 1538 Retiarius
1778 1504 1832 1538 ni-

1156 1558 1288 1592 mirum
1300 1585 1308 1600 ,
1322 1558 1385 1605 qui
1396 1557 1560 1592 adversus
1569 1557 1832 1603 Myrmillonem

1157 1611 1225 1645 reti
1243 1619 1278 1645 et
1295 1610 1447 1645 tridente
1462 1611 1640 1645 utebatur.
1655 1610 1676 1643 J
1679 1610 1835 1644 uvenalis

1158 1673 1220 1698 sat.
1243 1676 1312 1698 vm
1334 1675 1342 1697 :
1371 1681 1385 1694 κ
1404 1664 1524 1697 Movet
1545 1675 1624 1698 ecce
1644 1661 1834 1697 tridentem

1158 1717 1348 1763 Postquam
1376 1717 1511 1750 vibrata
1535 1715 1724 1762 pendentia
1747 1716 1835 1750 retia

1159 1769 1282 1804 dextra
1303 1770 1547 1816 Nequicquam
1569 1768 1709 1802 effudit.
1732 1787 1745 1799 n
1769 1770 1833 1802 Ar-

1159 1831 1331 1856 maturam
1361 1822 1495 1856 retiarii
1527 1834 1722 1868 expressam
1755 1821 1835 1855 vide

1159 1875 1253 1921 apud
1272 1875 1431 1921 Lipsium
1443 1901 1454 1916 ‚
1468 1875 1529 1908 lib.
1550 1875 1585 1908 II
1598 1902 1607 1917 ,
1625 1883 1686 1909 sat.
1703 1887 1780 1920 cap.
1800 1877 1833 1909 8.

1158 1929 1269 1962 Erant
1280 1928 1428 1974 insignia
1443 1927 1514 1961 duo
1531 1941 1656 1973 genera
1670 1926 1838 1973 gladiato-

1158 1995 1251 2023 rum,
1267 1994 1394 2027 nempe
1408 1981 1582 2015 Retiarius
1595 1989 1628 2015 et
1641 1981 1834 2026 Myrmillo.

1159 2035 1334 2068 Retiarius
1361 2035 1515 2080 gestabat
1541 2043 1614 2068 rete
1638 2046 1677 2068 ac
1700 2032 1835 2068 triden-

1158 2096 1229 2121 tem
1239 2088 1437 2133 ;Myrmillo
1443 2087 1574 2133 galeam
1584 2088 1682 2133 cujus
1694 2087 1728 2120 in
1740 2087 1838 2132 apice

1158 2141 1262 2186 piscis
1288 2153 1330 2174 ex
1351 2152 1419 2174 aere
1444 2140 1642 2180 visebatur,
1664 2148 1698 2173 et
1719 2151 1836 2173 ensem

1159 2206 1355 2228 recurvum.
1372 2193 1574 2227 Conabatur
1588 2192 1762 2226 Retiarius
1776 2192 1838 2225 im-

1159 2248 1290 2293 plicare
1310 2247 1375 2280 reti
1395 2255 1500 2292 caput
1523 2245 1780 2293 Myrmillonis,
1803 2253 1837 2278 et

1160 2313 1241 2333 cum
1260 2312 1323 2333 suo
1343 2298 1496 2333 tridente
1524 2298 1728 2333 confodere.
1751 2297 1836 2331 Vid.

1160 2354 1320 2387 Juvenal.
1338 2361 1399 2385 sat.
1422 2365 1450 2385 ῐῐ
1464 2378 1473 2393 ,
1496 2365 1507 2385 1
1520 2351 1578 2392 43.
1599 2353 1667 2385 Ει).

1220 2418 1232 2439 1
1243 2406 1262 2439 3
1271 2433 1277 2440 .
1289 2406 1421 2439 Ilermes
1433 2405 1563 2439 casside.
1580 2405 1684 2439 Hunc
1698 2416 1836 2438 versum

1162 2459 1311 2504 explicat
1335 2459 1492 2504 Lipsius,
1514 2467 1575 2492 sat.
1598 2458 1660 2491 lib.
1682 2458 1738 2496 ΙΙ,
1760 2469 1836 2501 cap.

1168 2525 1179 2545 1
1193 2526 1226 2546 2.
1251 2512 1444 2545 Martialem
1459 2538 1467 2552 ,
1494 2511 1629 2557 inquit,
1648 2509 1693 2543 de
1721 2509 1837 2542 Anda-

1163 2567 1239 2598 bata
1275 2565 1485 2610 interpreter
1497 2590 1507 2605 ,
1540 2564 1600 2597 ubi
1635 2564 1836 2596 Hermetem

1161 2617 1388 2662 gladiatorem
1407 2617 1553 2658 attollit,
1570 2624 1602 2651 et
1617 2616 1720 2651 variis
1734 2615 1837 2649 armis
