1978 3305
437 234 1020 279 EPIGRAMMATUM
1058 238 1181 280 LIB.
1221 239 1274 280 V.

1502 239 1563 283 23

165 321 283 379 Quid
306 331 450 364 tamen
472 322 564 365 haec
590 333 792 382 prosunt,
813 325 1010 384 quamvis
1031 326 1281 368 venerantia
1303 325 1488 370 multos?
1549 349 1561 370 5

234 393 334 436 Non
358 392 526 452 prosint
547 408 555 434 :
579 409 681 436 sane
703 410 774 437 me
798 403 945 437 tamen
969 395 1047 438 ista
1069 397 1236 454 juvant.

221 512 252 545 5.
277 514 312 545 6.
342 512 433 556 Quid
453 520 553 545 tamen
579 513 646 545 laoec
666 521 800 558 prosunt
816 519 834 546 ,³

163 567 301 609 quamvis
321 567 505 598 venerantia
533 566 637 598 multis
660 566 736 599 Non
757 579 834 611 pro·

162 625 261 649 sunt:
277 630 370 657 sane,
396 626 463 651 etc.
483 618 520 650 in
543 617 621 651 cod.
641 617 741 651 Bodl.
761 619 836 652 Non

158 678 293 713 prosunt
303 683 377 702 sane
388 697 397 710 ,
420 683 466 702 me
477 695 486 708 ,
505 677 569 702 etc.
588 670 624 702 in
638 669 720 704 Ald.
735 670 834 704 Junt.

163 722 280 755 Colin.
308 730 342 756 et
371 723 419 755 sic
442 721 610 768 distingui
629 723 726 756 malit
752 725 834 756 Ant.

163 774 201 807 cle
218 775 329 820 [ἔσο-ῃ
345 788 421 807 sane
438 775 612 820 eleganter
629 775 838 809 concedenti

163 827 317 861 inservit.
338 826 429 861 Vide
447 829 566 861 Burm.
587 827 630 861 ad
647 827 751 861 Ovid.
772 828 838 861 He·

892 514 984 548 r'oid.
1001 515 1101 560 epist.
1116 515 1204 548 XXI
1216 540 1226 558 ,
1250 515 1344 558 213;
1366 518 1484 551 Nostr.
1502 518 1566 552 inf.

893 567 955 600 lib.
974 569 1026 601 VI
1039 593 1048 608 ‚
1072 568 1181 612 epigr.
1203 580 1319 602 xxxn.
1338 591 1390 596 —-
1409 570 1499 614 Quid
1517 579 1566 603 ta-

895 632 963 652 men
987 621 1064 652 lzaec.
1088 621 1219 654 Versus
1242 621 1310 654 mei
1329 622 1467 655 nullum
1489 623 1567 668 qui-

894 670 975 704 dem
1005 672 1093 705 mihi
1114 672 1270 706 fructum
1301 675 1476 717 afferunt,
1503 688 1567 710 nec

897 736 1051 769 unquam
1072 726 1260 759 attulerunt
1272 752 1280 768 ,
1297 726 1356 761 sed
1376 735 1491 761 tamen
1509 740 1567 762 me

896 775 1081 810 delectant.
1112 777 1189 811 Hoc
1220 777 1312 812 idem
1341 780 1468 827 repetit
1496 780 1570 827 epi-

897 838 1088 874 grammate
1108 832 1279 876 sequenti.

802 966 975 1021 XVI.

650 1102 1083 1149 AI)‚L1⁴:CTOREM.⁴k

235 1248 378 1290 SERIA
404 1262 538 1306 quum
564 1246 751 1306 possim,
771 1245 888 1305 quod
913 1245 1170 1290 delectantia
1196 1247 1341 1291 malini

306 1316 527 1371 Scribere,
554 1326 601 1359 tu
623 1332 753 1359 causa
773 1332 817 1359 es
831 1350 842 1372 ,
864 1315 1000 1359 lector
1024 1317 1186 1371 amice,
1212 1318 1345 1373 mihi,

236 1387 323 1443 Qui
354 1385 484 1447 legis,
512 1396 554 1429 et
580 1395 672 1429 tota
697 1395 845 1429 cantas
871 1403 967 1430 mea
992 1388 1183 1430 carmina
1207 1389 1360 1431 Roma.

305 1456 389 1499 Sed
420 1457 557 1500 nescis
573 1491 584 1510 ,
609 1458 758 1517 quanti
789 1465 873 1500 stet
899 1457 1006 1500 mihi
1032 1456 1128 1501 talis
1153 1473 1289 1501 amor.

237 1528 347 1569 Nam
373 1528 406 1570 si
432 1526 614 1571 falciferi
639 1526 870 1570 defendere
900 1526 1062 1587 templa
1092 1529 1324 1584 Tonantis,

308 1596 596 1657 Sollicitisque
627 1596 756 1640 velim
787 1597 975 1641 vendere
1004 1597 1140 1641 verba
1165 1599 1270 1654 reis,

236 1666 454 1711 Plurimus
479 1669 694 1728 Hispanas
718 1668 860 1711 mittet
882 1668 990 1711 mihi
1018 1677 1151 1712 nauta
1182 1678 1405 1725 metretas,

220 1803 233 1816 '
246 1808 339 1841 Dicit
351 1809 395 1841 ob
407 1807 563 1841 studium
579 1807 716 1841 lectoris
729 1809 841 1854 cujus·

167 1872 236 1906 que
248 1874 400 1906 pronum
412 1861 446 1893 in
458 1862 610 1894 carmina
621 1860 840 1902 delectantia,

169 1913 280 1958 ipsum
304 1915 361 1947 illa
385 1914 555 1947 anteferre
574 1914 687 1955 se1·iis;
711 1922 744 1946 at
763 1914 840 1947 talis

167 1979 321 1999 amorem
357 1966 485 2000 ludicri
513 1967 576 2000 sibi
605 1979 728 2012 magno
756 1979 839 2000 con·

167 2027 256 2051 stare
270 2045 278 2060 ,
300 2032 409 2065 quum
433 2020 522 2053 nihil
544 2021 609 2052 nisi
634 2020 740 2052 verba
765 2020 839 2052 lau-

168 2071 302 2105 datoria
329 2073 489 2118 colligat,
513 2071 601 2105 dum
626 2073 724 2106 brevi
752 2081 840 2105 tem-

168 2137 252 2169 pore
278 2125 356 2158 lites
375 2125 510 2171 agendo
534 2124 728 2159 causidicus
752 2124 840 2158 dite-

167 2190 260 2211 scere
279 2187 405 2223 posset.
426 2179 491 2211 En.

226 2243 256 2263 ι.
279 2230 485 2264 Beverlandi
508 2230 581 2264 MS.
601 2231 693 2263 malo.

224 2287 254 2315 3.
287 2284 355 2327 Qui
385 2285 482 2328 legis,
513 2293 543 2316 ει
574 2292 701 2316 cunctas
732 2281 843 2317 codex

169 2334 372 2369 Thuaneus.
405 2337 470 2381 Qui
492 2337 569 2381 legis
585 2363 593 2376 ,
625 2344 657 2368 et
674 2337 781 2381 jactas
806 2336 842 2369 in

169 2386 246 2420 cod.
270 2388 422 2422 Florent.

222 2445 257 2481 4.
279 2440 345 2473 Sed
361 2443 471 2474 nescis.
493 2441 524 2474 Ο
549 2441 677 2482 lector,
700 2450 739 2475 ut
758 2441 843 2474 meis

169 2493 324 2526 versibus
350 2502 486 2539 captem
512 2501 608 2526 tuam
629 2494 843 2527 benevolen-

169 2546 253 2578 tiam
265 2571 274 2586 ‚
291 2545 335 2579 ad
350 2547 502 2592 inopiam
519 2545 679 2591 redigor3
693 2545 753 2579 sed
769 2546 843 2579 aliis

169 2611 209 2630 ex
226 2597 348 2632 studiis
360 2625 369 2642 ‚
388 2612 464 2645 quae
483 2599 627 2639 omitto,
647 2597 843 2632 mercedem

169 2663 400 2697 consequerer
419 2652 677 2697 amplissimam.
700 2653 752 2685 Ita
771 2651 844 2686 aliis

899 1808 1019 1853 placeo
1039 1833 1048 1848 ‚
1078 1816 1111 1841 et
1140 1807 1370 1841 circumferor
1405 1807 1547 1853 quidem
1567 1833 1576 1848 ‚

901 1859 987 1893 dum
1007 1861 1094 1893 mihi
1112 1872 1233 1906 pereo.

954 1913 989 1947 5.
1018 1913 1102 1946 Nam
1119 1916 1147 1946 si
1158 1914 1315 1956 falciferi.
1343 1914 1420 1946 Hoc
1444 1922 1515 1954 est,
1538 1913 1573 1946 Si

899 1966 1003 1998 velim
1013 1978 1129 1999 causas
1140 1978 1303 2011 perorare
1317 1966 1352 1999 in
1371 1966 1465 2004 foro,
1478 1968 1574 2012 juxta

899 2018 995 2064 quod
1015 2019 1164 2052 Saturno
1187 2019 1308 2052 falcem
1328 2019 1461 2064 gerenti
1479 2018 1574 2051 dica-

900 2080 974 2104 tum
992 2080 1065 2105 erat
1084 2072 1255 2117 templum
1267 2098 1277 2112 ‚
1292 2080 1377 2105 teste
1393 2072 1574 2104 Macrobio

901 2124 1040 2158 Saturn.
1055 2125 1115 2158 lib.
1130 2126 1146 2157 I
1157 2150 1166 2166 ‚
1180 2137 1256 2170 cap.
1273 2127 1304 2158 8.
1319 2144 1372 2150 —-
1388 2124 1574 2167 Defendere.

902 2176 944 2210 Id
970 2186 1042 2219 est,
1065 2189 1182 2211 causas
1205 2190 1304 2222 agere
1319 2203 1328 2218 ,
1353 2189 1430 2222 quae
1452 2178 1575 2222 juvant

903 2231 1074 2263 aerarium.
1096 2230 1188 2263 Vide
1212 2231 1292 2270 libr.
1313 2231 1367 2262 III
1384 2256 1394 2271 ,
1425 2228 1468 2262 de
1496 2230 1573 2263 Pec.

902 2283 984 2316 Vet.
1014 2295 1089 2328 cap.
1118 2283 1151 2316 3.
1183 2282 1322 2316 Gronov.
1349 2303 1401 2309 --
1432 2283 1572 2327 Templa.

904 2334 945 2368 Id
964 2344 1029 2374 est,
1054 2347 1169 2368 causas
1187 2335 1224 2367 in
1243 2335 1375 2380 templo
1393 2333 1515 2368 dictas.

957 2391 991 2421 6.
1008 2390 1027 2420 Ι
1035 2388 1166 2428 endere,
1186 2396 1250 2421 etc.
1264 2388 1394 2421 Locare
1408 2388 1574 2433 linguam,

904 2448 937 2473 et
958 2453 1050 2472 voces
1063 2442 1259 2485 prostituisse
1276 2442 1354 2484 foro
1367 2454 1380 2480 ;
1398 2441 1458 2474 lib.
1482 2440 1552 2473 VII
1568 2465 1578 2480 ,

904 2493 1012 2538 epigr.
1038 2505 1151 2531 mun,
1169 2506 1218 2528 vs.
1238 2505 1271 2538 7.

958 2558 992 2590 7.
1008 2546 1186 2587 Plurimus,
1205 2554 1269 2579 etc.
1287 2546 1473 2579 Mittentur
1489 2545 1576 2578 mihi

904 2611 921 2631 a
938 2599 1120 2632 clientibus
1134 2611 1220 2645 quos
1235 2597 1400 2639 defendi,
1414 2597 1492 2632 cadi
1507 2598 1578 2630 vini

904 2651 1071 2697 Hispani3
1093 2664 1239 2685 nummo
1263 2663 1354 2686 aereo
1374 2650 1578 2697 implebitur

1315 2714 1374 2783 2*AE
