1978 3305
442 249 534 279 120

806 235 866 276 M.
895 233 1034 276 VAL.
1075 234 1464 276 MARTIALIS

577 322 722 378 Quem
754 320 898 380 rapuit
928 318 1062 374 collo,
1090 335 1223 380 parve
1247 319 1444 380 Cupido,
1476 328 1563 362 tuo.

506 391 570 434 Ut
592 391 746 434 Martis
771 398 1001 433 revocetur
1026 405 1149 432 amor
1175 390 1416 449 summique
1435 388 1668 443 Tonantis,

576 461 612 504 A
640 469 682 503 te
709 462 822 503 Juno
855 468 975 519 petat
999 468 1148 503 ceston
1178 469 1221 502 et
1245 460 1338 519 ipsa
1359 461 1524 502 Venus.

441 614 488 619 -—
502 592 608 625 Ludit.
624 590 838 624 Ludihunda
855 599 888 624 et
902 592 998 624 velut
1016 601 1112 625 tene-

441 658 478 678 ra
498 657 536 678 ac
555 644 651 677 molli
671 656 777 677 manu
796 644 887 688 gerit
905 652 1056 686 cestum,
1074 644 1112 678 id

443 711 471 731 e.
487 697 638 730 balteum
655 697 780 730 amoris
794 705 972 742 potentem
983 723 992 738 ‚
1004 697 1113 742 Cupi-

443 749 518 782 dini
545 757 702 795 ereptum
719 775 728 790 ‚
763 761 834 795 quo
867 750 1017 783 Martem
1042 751 1114 782 Ve-

445 815 527 843 nus,
547 803 672 835 Jovem
690 802 788 834 Juno
808 810 937 835 tactum
958 801 1001 835 ad
1025 815 1116 835 amo-

445 868 519 888 rem
534 853 720 888 accendere
738 854 956 889 fertur.Vide
967 854 1114 899 Gyraldi

444 908 585 952 Syntag.
605 908 714 945 XIII,
734 906 778 940 de
801 908 950 941 Venere.
970 909 1114 940 —Aci-

445 960 532 992 dallo
545 986 553 998 ,
571 968 639 993 etc.
653 960 776 992 Venus
791 959 945 993 Acidalia
961 959 1051 993 dicta
1066 968 1116 993 est

446 1013 489 1045 ab
512 1009 648 1053 ἀκίδας,
675 1011 710 1045 id
735 1021 803 1053 est,
824 1025 922 1046 curas
949 1025 1032 1058 quas
1061 1013 1114 1045 in-

443 1065 539 1110 jicit:
558 1065 613 1098 vel
632 1065 674 1097 ab
697 1064 853 1098 Acidalio
877 1066 972 1098 fonte
994 1065 1029 1098 in
1047 1065 1115 1098 Or-

447 1118 622 1151 chomeno
644 1118 802 1158 Boeotiae,
831 1130 900 1162 quo
935 1130 970 1151 se
1002 1118 1116 1151 lavare

447 1171 574 1203 Gratiae
602 1171 814 1203 ferebantur.
842 1171 883 1203 In
908 1170 975 1203 hoc
1000 1179 1115 1203 autem

446 1222 587 1267 cingulo
622 1235 742 1256 omnes
773 1223 883 1256 inesse
912 1223 1048 1256 Gratias
1084 1231 1118 1256 et

447 1276 603 1308 Veneres
631 1275 723 1308 canit
750 1275 893 1309 Homer.
922 1276 963 1308 Il.
987 1276 1014 1315 ξ.
1036 1276 1117 1309 Aci-

447 1328 550 1360 dalius
571 1328 670 1360 nodus
691 1329 762 1361 sive
785 1327 1023 1374 Cupidinem,
1050 1341 1117 1374 pro

447 1389 538 1415 cesto
559 1381 726 1421 sumitur,
749 1393 819 1426 quo
836 1393 1043 1426 percussura
1063 1381 1117 1417 vi-

1170 591 1273 625 detur
1284 591 1526 625 Domitianum
1536 615 1546 632 ‚
1559 598 1598 624 ut
1611 589 1738 623 amoris
1749 589 1844 635 ignes

1171 653 1312 690 pectore
1332 643 1516 689 concipiat.

1226 711 1261 742 7.
1279 697 1323 729 Ut
1336 697 1454 730 Martis
1464 704 1626 728 renovetm·
1636 694 1745 728 codex
1764 694 1840 726 Flo-

1175 750 1353 791 rentinus3
1369 762 1439 782 non
1458 749 1577 794 inepte
1588 774 1597 790 ‚
1609 747 1742 794 judicio
1761 747 1843 779 Far-

1174 802 1282 836 nabii.
1305 823 1356 828 ——
1380 802 1423 834 Ut
1444 802 1580 841 Martis,
1609 809 1673 834 etc.
1694 801 1791 833 Juno
1812 808 1847 832 et

1175 857 1297 888 Venus
1314 863 1479 900 tanquam
1499 854 1652 887 minores
1675 854 1755 886 Deae
1773 865 1792 885 a
1812 860 1844 884 te

1175 905 1258 947 (ubi
1280 907 1481 940 conciliatos
1508 907 1632 940 volunt
1660 907 1783 938 Jovem
1812 912 1846 937 et

1174 954 1338 1003 Martem)
1350 968 1468 1004 petant
1481 959 1658 1004 cingulum
1675 959 1742 991 hoc
1752 984 1761 998 ,
1775 969 1846 1003 quo

1174 1021 1212 1045 tu
1236 1011 1393 1046 incendis
1414 1012 1653 1044 Domitianum
1675 1012 1787 1044 Deum
1809 1022 1847 1042 ac

1178 1067 1282 1098 Dom.
1303 1073 1474 1097 nostrum.

1231 1117 1357 1151 8.]ιιηυ
1369 1124 1469 1162 petat.
1481 1117 1557 1149 Hoc
1573 1124 1640 1156 est,
1652 1115 1780 1148 siJuno
1790 1115 1849 1147 Jo-

1176 1183 1253 1203 vem
1273 1170 1339 1203 sibi
1356 1169 1542 1202 conciliare
1561 1168 1662 1209 velit,
1681 1176 1714 1201 et
1728 1168 1848 1199 Venus

1177 1224 1344 1263 Martem,
1362 1230 1506 1255 utantur
1520 1222 1634 1254 balteo
1647 1233 1717 1265 quo
1733 1219 1851 1252 Domi-

1178 1276 1312 1309 tianum
1334 1275 1505 1320 percussit
1523 1274 1626 1307 Julia.
1647 1273 1711 1306 His
1736 1271 1851 1306 verbis

1178 1327 1308 1362 indicat
1341 1328 1447 1360 Poeta
1460 1353 1470 1367 ‚
1502 1327 1632 1360 Juliam
1666 1338 1736 1359 esse
1772 1325 1850 1369 pul-

1179 1381 1355 1415 chriorem
1373 1381 1531 1421 Junone,
1549 1388 1582 1413 et
1604 1379 1678 1425 ipsa
1699 1379 1849 1411 Venere.

1054 1516 1226 1572 XIV.

935 1664 989 1693 JN
1028 1664 1320 1694 LABERIUM.
1342 1644 1362 1662 ⁴¹

653 1785 838 1828 VERSUS
863 1785 1050 1828 scribere
1076 1802 1201 1846 posse
1227 1795 1269 1829 te
1296 1785 1478 1829 disertos

654 1854 884 1910 Affirmas‚
914 1855 1069 1899 Laberi
1097 1873 1105 1898 :

1138 1855 1241 1917 quid
1271 1873 1376 1916 ergo
1404 1873 1491 1900 non
1523 1856 1615 1899 vis?

655 1926 820 1968 Versus
852 1925 1040 1970 scribere
1070 1928 1143 1986 qui
1173 1936 1316 1987 potest
1341 1926 1545 1980 disertos,

652 1996 693 2038 N
697 2013 754 2038 on
780 1995 963 2051 scribat,
986 1996 1166 2054 Labcri3
1193 1998 1330 2041 virum
1359 1997 1535 2058 putabo.

495 2123 508 2137 '
527 2128 677 2160 Difficile
702 2127 809 2160 Poeta
837 2129 988 2161 affirmat
1026 2129 1121 2173 inge-

447 2182 545 2213 nium
566 2181 736 2213 exccllens
753 2189 860 2214 artem
883 2193 953 2214 non
972 2189 1121 2216 ostenta-

446 2246 483 2265 re
499 2247 507 2273 ;
523 2233 732 2278 nullumque
745 2234 817 2266 sere
831 2246 901 2267 esse
915 2259 923 2274 ‚
940 2234 997 2279 qui
1015 2247 1121 2279 quum

442 2284 575 2331 aliquid
593 2298 628 2318 se
647 2286 734 2319 scire
755 2296 881 2331 praeter
897 2295 1038 2320 caetcros
1058 2300 1121 2332 pu-

444 2346 491 2371 tot
504 2364 513 2379 ‚
531 2339 620 2371 nolit
638 2339 705 2371 hoc
727 2339 810 2372 alios
830 2339 873 2373 de
888 2353 923 2373 se
942 2340 1038 2373 scire.

495 2410 546 2416 —
577 2391 672 2423 Nihil
705 2391 740 2424 in
768 2392 837 2425 hoc
867 2393 1117 2438 epigrammate

442 2443 576 2476 variant
606 2444 687 2476 libri
712 2445 843 2479 calamo
873 2446 1021 2488 exarati,
1059 2454 1117 2479 aut

439 2496 532 2540 typis
552 2495 724 2540 impressi.

499 2561 527 2581 1.
545 2549 661 2581 Versus
674 2550 817 2583 scrihere.
839 2551 973 2584 Pictum
991 2561 1040 2584 cst
1054 2565 1116 2585 no-

440 2614 518 2634 men
543 2601 650 2646 hujus·
679 2603 841 2635 Laberii:
870 2605 1010 2637 alu-rius
1031 2617 1113 2637 vero

437 2654 624 2687 mimorum
644 2655 823 2700 scriptoris
851 2658 1010 2690 nit-minit
1038 2657 1111 2690 Ma-

1182 2129 1322 2163 crohius
1355 2128 1491 2162 Saturn.
1527 2129 1586 2161 lib.
1619 2130 1668 2168 11,
1705 2142 1778 2173 cap.
1806 2142 1823 2172 7
1844 2145 1852 2169 3

1183 2182 1372 2215 Suetonius
1391 2182 1426 2214 in
1448 2182 1547 2214 Julio
1561 2208 1570 2222 ‚
1589 2193 1663 2226 cap.
1688 2182 1746 2224 39.

1238 2239 1269 2275 ά.
1292 2236 1404 2267 sirum
1423 2235 1552 2279 putabo.
1578 2234 1653 2267 Hoc.
1680 2243 1729 2267 ost
1746 2260 1754 2275 ‚
1783 2234 1852 2266 sor-

1184 2287 1305 2321 tissimi
1325 2299 1396 2321 csse
1414 2287 1520 2320 animi
1538 2299 1616 2320 eum
1634 2287 1780 2332 putabo,
1794 2287 1852 2331 qui

1179 2341 1304 2373 samam
1338 2340 1488 2373 muninis
1510 2340 1562 2373 sui
1583 2347 1798 2379 contemnat,
1821 2347 1854 2371 et

1178 2393 1236 2438 qui
1267 2406 1384 2426 versus
1422 2392 1570 2425 disertos
1604 2405 1714 2437 quum
1746 2391 1853 2437 possit

1176 2447 1344 2483 scribere,
1371 2459 1405 2479 se
1428 2454 1540 2478 tamen
1561 2444 1779 2479 ascribendo
1798 2456 1855 2477 cu-

1176 2499 1304 2532 hibent.
1329 2499 1386 2532 Sic
1408 2499 1594 2531 Laberium
1627 2498 1764 2542 carpit,
1793 2497 1852 2542 qui

1175 2566 1254 2585 sane
1275 2566 1293 2585 a
1315 2551 1500 2585 scribendo
1520 2563 1592 2584 non
1610 2563 1646 2583 so
1666 2550 1850 2583 abstinuis-

1174 2613 1221 2637 ,snt
1241 2628 1250 2643 ‚
1279 2606 1304 2637 si
1330 2617 1448 2637 xci-sus
1476 2606 1586 2637 sacen»
1614 2602 1760 2637 disertos
1790 2615 1848 2635 va-

1174 2658 1288 2691 luisset
1304 2683 1313 2699 ‚
1335 2667 1370 2691 ιιῐ
1391 2658 1462 2703 ips«¹
1477 2657 1633 2702 jactabat.
