<?xml version="1.0" encoding="UTF-8"?>
<!DOCTYPE html PUBLIC "-//W3C//DTD XHTML 1.0 Transitional//EN"
    "http://www.w3.org/TR/xhtml1/DTD/xhtml1-transitional.dtd">
<html xmlns="http://www.w3.org/1999/xhtml" xml:lang="en" lang="en">
 <head>
  <title>
</title>
<meta http-equiv="Content-Type" content="text/html;charset=utf-8" />
  <meta name='ocr-system' content='tesseract 3.04.00' />
  <meta name='ocr-capabilities' content='ocr_page ocr_carea ocr_par ocr_line ocrx_word'/>
</head>
<body>
  <div class='ocr_page' id='page_1' title='image "./epigrammata02martuoft/epigrammata02martuoft_0207.png"; bbox 0 0 1978 3305; ppageno 0'>
   <div class='ocr_carea' id='block_1_1' title="bbox 107 292 1512 306">
    <p class='ocr_par' dir='ltr' id='par_1_1' title="bbox 107 292 1512 306">
     <span class='ocr_line' id='line_1_1' title="bbox 107 292 1512 306; baseline -0.002 0"><span class='ocrx_word' id='word_1_1' title='bbox 107 292 966 306; x_wconf 51' lang='lat' dir='ltr'><strong>mmmmmsnmmzumnummwsm</strong></span> <span class='ocrx_word' id='word_1_2' title='bbox 971 292 1008 303; x_wconf 57' lang='lat' dir='ltr'><strong>§A</strong></span> <span class='ocrx_word' id='word_1_3' title='bbox 1013 292 1151 303; x_wconf 51' lang='lat' dir='ltr'><strong>§xus-nz-</strong></span> <span class='ocrx_word' id='word_1_4' title='bbox 1155 293 1451 304; x_wconf 62' lang='lat' dir='ltr'>mmmmm</span> <span class='ocrx_word' id='word_1_5' title='bbox 1455 292 1512 303; x_wconf 63' lang='lat' dir='ltr'>m</span> 
     </span>
    </p>
   </div>
   <div class='ocr_carea' id='block_1_2' title="bbox 131 508 1505 822">
    <p class='ocr_par' dir='ltr' id='par_1_2' title="bbox 131 508 1505 822">
     <span class='ocr_line' id='line_1_2' title="bbox 247 508 1381 588; baseline 0.001 -1"><span class='ocrx_word' id='word_1_6' title='bbox 247 508 648 587; x_wconf 75' lang='lat' dir='ltr'><strong>MVAL.</strong></span> <span class='ocrx_word' id='word_1_7' title='bbox 702 508 1381 588; x_wconf 82' lang='lat' dir='ltr'><strong>MARTIALIS</strong></span> 
     </span>
     <span class='ocr_line' id='line_1_3' title="bbox 131 703 1505 822; baseline 0.001 -6"><span class='ocrx_word' id='word_1_8' title='bbox 131 703 1505 822; x_wconf 77' lang='lat' dir='ltr'><strong>EPIGRAMMATUM</strong></span> 
     </span>
    </p>
   </div>
   <div class='ocr_carea' id='block_1_3' title="bbox 545 938 1073 1004">
    <p class='ocr_par' dir='ltr' id='par_1_3' title="bbox 545 938 1073 1004">
     <span class='ocr_line' id='line_1_4' title="bbox 545 938 1073 1004; baseline -0.004 -1"><span class='ocrx_word' id='word_1_9' title='bbox 545 938 843 1004; x_wconf 86' lang='lat' dir='ltr'>LIBER</span> <span class='ocrx_word' id='word_1_10' title='bbox 894 938 1073 1002; x_wconf 86' lang='lat' dir='ltr'><strong>VII.</strong></span> 
     </span>
    </p>
   </div>
   <div class='ocr_carea' id='block_1_4' title="bbox 781 1238 822 1291">
    <p class='ocr_par' dir='ltr' id='par_1_4' title="bbox 781 1238 822 1291">
     <span class='ocr_line' id='line_1_5' title="bbox 781 1238 822 1291; baseline -0.024 0"><span class='ocrx_word' id='word_1_11' title='bbox 781 1238 822 1291; x_wconf 87' lang='lat' dir='ltr'><strong>I.</strong></span> 
     </span>
    </p>
   </div>
   <div class='ocr_carea' id='block_1_5' title="bbox 597 1108 1021 1130">
    <p class='ocr_par' dir='ltr' id='par_1_5' title="bbox 597 1108 1021 1130">
     <span class='ocr_line' id='line_1_6' title="bbox 597 1108 1021 1130; baseline 0 2175"><span class='ocrx_word' id='word_1_12' title='bbox 597 1108 1021 1130; x_wconf 95' lang='lat' dir='ltr'><strong> </strong></span> 
     </span>
    </p>
   </div>
   <div class='ocr_carea' id='block_1_6' title="bbox 376 1390 1252 1448">
    <p class='ocr_par' dir='ltr' id='par_1_6' title="bbox 376 1390 1252 1448">
     <span class='ocr_line' id='line_1_7' title="bbox 376 1390 1252 1448; baseline -0.001 -9"><span class='ocrx_word' id='word_1_13' title='bbox 376 1410 445 1440; x_wconf 79' lang='lat' dir='ltr'><strong>AD</strong></span> <span class='ocrx_word' id='word_1_14' title='bbox 484 1409 870 1448; x_wconf 76' lang='lat' dir='ltr'><strong>DOMITIANUM,</strong></span> <span class='ocrx_word' id='word_1_15' title='bbox 909 1409 974 1438; x_wconf 81' lang='lat' dir='ltr'><strong>DE</strong></span> <span class='ocrx_word' id='word_1_16' title='bbox 1013 1390 1252 1441; x_wconf 66' lang='lat' dir='ltr'><strong>Loach.*</strong></span> 
     </span>
    </p>
   </div>
   <div class='ocr_carea' id='block_1_7' title="bbox 185 1506 1288 1669">
    <p class='ocr_par' dir='ltr' id='par_1_7' title="bbox 185 1506 1288 1669">
     <span class='ocr_line' id='line_1_8' title="bbox 185 1506 1288 1596; baseline -0.003 -13"><span class='ocrx_word' id='word_1_17' title='bbox 185 1506 392 1584; x_wconf 62' lang='lat' dir='ltr'><strong>Aecum</strong></span> <span class='ocrx_word' id='word_1_18' title='bbox 416 1534 630 1596; x_wconf 86' lang='lat' dir='ltr'><strong>belligerae</strong></span> <span class='ocrx_word' id='word_1_19' title='bbox 653 1535 836 1579; x_wconf 79' lang='lat' dir='ltr'><strong>crudum</strong></span> <span class='ocrx_word' id='word_1_20' title='bbox 857 1535 1038 1579; x_wconf 81' lang='lat' dir='ltr'><strong>thoraca</strong></span> <span class='ocrx_word' id='word_1_21' title='bbox 1058 1536 1288 1589; x_wconf 75' lang='lat' dir='ltr'><strong>Minervae,</strong></span> 
     </span>
     <span class='ocr_line' id='line_1_9' title="bbox 251 1606 1191 1669; baseline -0.003 -18"><span class='ocrx_word' id='word_1_22' title='bbox 251 1609 355 1669; x_wconf 85' lang='lat' dir='ltr'><strong>Ipsa</strong></span> <span class='ocrx_word' id='word_1_23' title='bbox 383 1606 614 1651; x_wconf 83' lang='lat' dir='ltr'><strong>Medusaeae</strong></span> <span class='ocrx_word' id='word_1_24' title='bbox 643 1622 772 1666; x_wconf 91' lang='lat' dir='ltr'><strong>quem</strong></span> <span class='ocrx_word' id='word_1_25' title='bbox 803 1607 926 1649; x_wconf 84' lang='lat' dir='ltr'><strong>timet</strong></span> <span class='ocrx_word' id='word_1_26' title='bbox 953 1606 1017 1649; x_wconf 85' lang='lat' dir='ltr'><strong>ira</strong></span> <span class='ocrx_word' id='word_1_27' title='bbox 1043 1622 1191 1650; x_wconf 81' lang='lat' dir='ltr'><strong>comae.</strong></span> 
     </span>
    </p>
   </div>
   <div class='ocr_carea' id='block_1_8' title="bbox 113 1739 789 2737">
    <p class='ocr_par' dir='ltr' id='par_1_8' title="bbox 113 1739 783 1883">
     <span class='ocr_line' id='line_1_10' title="bbox 165 1739 782 1778; baseline -0.003 0"><span class='ocrx_word' id='word_1_28' title='bbox 165 1739 180 1753; x_wconf 69' lang='lat'><strong>⁴¹</strong></span> <span class='ocrx_word' id='word_1_29' title='bbox 195 1745 238 1777; x_wconf 92' lang='lat' dir='ltr'><strong>In</strong></span> <span class='ocrx_word' id='word_1_30' title='bbox 255 1743 334 1778; x_wconf 86' lang='lat' dir='ltr'><strong>edd.</strong></span> <span class='ocrx_word' id='word_1_31' title='bbox 354 1752 438 1777; x_wconf 84' lang='lat' dir='ltr'><strong>vett.</strong></span> <span class='ocrx_word' id='word_1_32' title='bbox 460 1744 585 1777; x_wconf 83' lang='lat' dir='ltr'><strong>lemma</strong></span> <span class='ocrx_word' id='word_1_33' title='bbox 607 1742 727 1776; x_wconf 84' lang='lat' dir='ltr'><strong>deest:</strong></span> <span class='ocrx_word' id='word_1_34' title='bbox 747 1743 782 1776; x_wconf 87' lang='lat' dir='ltr'><strong>in</strong></span> 
     </span>
     <span class='ocr_line' id='line_1_11' title="bbox 113 1796 783 1838; baseline -0.003 -8"><span class='ocrx_word' id='word_1_35' title='bbox 113 1797 188 1830; x_wconf 78' lang='lat' dir='ltr'><strong>aliis</strong></span> <span class='ocrx_word' id='word_1_36' title='bbox 207 1796 422 1838; x_wconf 83' lang='lat' dir='ltr'><strong>inscribitur,</strong></span> <span class='ocrx_word' id='word_1_37' title='bbox 447 1797 507 1830; x_wconf 79' lang='lat' dir='ltr'><strong>Ad</strong></span> <span class='ocrx_word' id='word_1_38' title='bbox 524 1797 650 1830; x_wconf 75' lang='lat' dir='ltr'><strong>loricam</strong></span> <span class='ocrx_word' id='word_1_39' title='bbox 670 1796 783 1829; x_wconf 86' lang='lat' dir='ltr'><strong>Domi-</strong></span> 
     </span>
     <span class='ocr_line' id='line_1_12' title="bbox 115 1852 204 1883; baseline 0.022 -2"><span class='ocrx_word' id='word_1_40' title='bbox 115 1852 204 1883; x_wconf 80' lang='lat' dir='ltr'><strong>tiani.</strong></span> 
     </span>
    </p>

    <p class='ocr_par' dir='ltr' id='par_1_9' title="bbox 113 1901 789 2737">
     <span class='ocr_line' id='line_1_13' title="bbox 171 1901 785 1948; baseline -0.003 -12"><span class='ocrx_word' id='word_1_41' title='bbox 171 1914 202 1936; x_wconf 84' lang='lat'><strong>1.</strong></span> <span class='ocrx_word' id='word_1_42' title='bbox 226 1903 345 1948; x_wconf 80' lang='lat' dir='ltr'><em>Accipe</em></span> <span class='ocrx_word' id='word_1_43' title='bbox 368 1902 537 1947; x_wconf 66' lang='lat' dir='ltr'><strong>belligerae.</strong></span> <span class='ocrx_word' id='word_1_44' title='bbox 564 1901 785 1936; x_wconf 83' lang='lat' dir='ltr'><strong>Domitianus</strong></span> 
     </span>
     <span class='ocr_line' id='line_1_14' title="bbox 114 1953 785 2001; baseline -0.001 -13"><span class='ocrx_word' id='word_1_45' title='bbox 114 1955 150 1988; x_wconf 91' lang='lat' dir='ltr'><strong>in</strong></span> <span class='ocrx_word' id='word_1_46' title='bbox 172 1955 395 2001; x_wconf 79' lang='lat' dir='ltr'>expeditione</span> <span class='ocrx_word' id='word_1_47' title='bbox 422 1968 527 2001; x_wconf 87' lang='lat' dir='ltr'><strong>quam</strong></span> <span class='ocrx_word' id='word_1_48' title='bbox 552 1955 701 2000; x_wconf 83' lang='lat' dir='ltr'><strong>suscepit</strong></span> <span class='ocrx_word' id='word_1_49' title='bbox 725 1953 785 1987; x_wconf 84' lang='lat' dir='ltr'><strong>ad-</strong></span> 
     </span>
     <span class='ocr_line' id='line_1_15' title="bbox 113 2006 784 2048; baseline 0 -7"><span class='ocrx_word' id='word_1_50' title='bbox 113 2021 231 2042; x_wconf 87' lang='lat' dir='ltr'><strong>versus</strong></span> <span class='ocrx_word' id='word_1_51' title='bbox 246 2008 416 2042; x_wconf 80' lang='lat' dir='ltr'><strong>Sarmatas</strong></span> <span class='ocrx_word' id='word_1_52' title='bbox 433 2020 491 2042; x_wconf 91' lang='lat' dir='ltr'><strong>seu</strong></span> <span class='ocrx_word' id='word_1_53' title='bbox 505 2009 634 2048; x_wconf 82' lang='lat' dir='ltr'><strong>Dacos,</strong></span> <span class='ocrx_word' id='word_1_54' title='bbox 647 2015 687 2040; x_wconf 93' lang='lat' dir='ltr'><strong>ut</strong></span> <span class='ocrx_word' id='word_1_55' title='bbox 701 2006 784 2041; x_wconf 86' lang='lat' dir='ltr'><strong>dict.</strong></span> 
     </span>
     <span class='ocr_line' id='line_1_16' title="bbox 114 2059 785 2103; baseline -0.001 -9"><span class='ocrx_word' id='word_1_56' title='bbox 114 2061 204 2094; x_wconf 82' lang='lat' dir='ltr'><strong>infra</strong></span> <span class='ocrx_word' id='word_1_57' title='bbox 215 2088 224 2103; x_wconf 87' lang='lat'>‚</span> <span class='ocrx_word' id='word_1_58' title='bbox 239 2060 379 2095; x_wconf 86' lang='lat' dir='ltr'><strong>videtur</strong></span> <span class='ocrx_word' id='word_1_59' title='bbox 399 2061 466 2094; x_wconf 87' lang='lat' dir='ltr'><strong>sibi</strong></span> <span class='ocrx_word' id='word_1_60' title='bbox 481 2061 557 2094; x_wconf 85' lang='lat' dir='ltr'><strong>fieri</strong></span> <span class='ocrx_word' id='word_1_61' title='bbox 575 2073 710 2094; x_wconf 80' lang='lat' dir='ltr'><strong>curasse</strong></span> <span class='ocrx_word' id='word_1_62' title='bbox 731 2059 785 2092; x_wconf 91' lang='lat' dir='ltr'><strong>lo-</strong></span> 
     </span>
     <span class='ocr_line' id='line_1_17' title="bbox 113 2113 784 2159; baseline 0.001 -12"><span class='ocrx_word' id='word_1_63' title='bbox 113 2113 222 2147; x_wconf 84' lang='lat' dir='ltr'><strong>ricam</strong></span> <span class='ocrx_word' id='word_1_64' title='bbox 234 2140 244 2156; x_wconf 84' lang='lat'>‚</span> <span class='ocrx_word' id='word_1_65' title='bbox 281 2115 388 2148; x_wconf 87' lang='lat' dir='ltr'><strong>instar</strong></span> <span class='ocrx_word' id='word_1_66' title='bbox 427 2113 553 2159; x_wconf 85' lang='lat' dir='ltr'><strong>aegidos</strong></span> <span class='ocrx_word' id='word_1_67' title='bbox 596 2113 765 2148; x_wconf 70' lang='lat' dir='ltr'><strong>Minervae</strong></span> <span class='ocrx_word' id='word_1_68' title='bbox 776 2140 784 2156; x_wconf 90' lang='lat'>‚</span> 
     </span>
     <span class='ocr_line' id='line_1_18' title="bbox 115 2166 784 2213; baseline 0 -13"><span class='ocrx_word' id='word_1_69' title='bbox 115 2179 221 2212; x_wconf 82' lang='lat' dir='ltr'><strong>quam.</strong></span> <span class='ocrx_word' id='word_1_70' title='bbox 244 2166 466 2213; x_wconf 79' lang='lat' dir='ltr'><strong>peculiariter</strong></span> <span class='ocrx_word' id='word_1_71' title='bbox 484 2167 597 2200; x_wconf 85' lang='lat' dir='ltr'><strong>coluit</strong></span> <span class='ocrx_word' id='word_1_72' title='bbox 610 2193 619 2209; x_wconf 80' lang='lat'>,</span> <span class='ocrx_word' id='word_1_73' title='bbox 635 2174 668 2199; x_wconf 88' lang='lat' dir='ltr'><strong>et</strong></span> <span class='ocrx_word' id='word_1_74' title='bbox 686 2170 784 2213; x_wconf 85' lang='lat' dir='ltr'><strong>cujus</strong></span> 
     </span>
     <span class='ocr_line' id='line_1_19' title="bbox 115 2219 784 2254; baseline 0.003 -2"><span class='ocrx_word' id='word_1_75' title='bbox 115 2231 150 2252; x_wconf 89' lang='lat' dir='ltr'><strong>se</strong></span> <span class='ocrx_word' id='word_1_76' title='bbox 166 2219 275 2252; x_wconf 85' lang='lat' dir='ltr'><strong>filium</strong></span> <span class='ocrx_word' id='word_1_77' title='bbox 296 2232 368 2253; x_wconf 83' lang='lat' dir='ltr'><strong>esse</strong></span> <span class='ocrx_word' id='word_1_78' title='bbox 382 2220 506 2254; x_wconf 86' lang='lat' dir='ltr'><strong>voluit.</strong></span> <span class='ocrx_word' id='word_1_79' title='bbox 529 2219 652 2253; x_wconf 83' lang='lat' dir='ltr'><strong>Lorica</strong></span> <span class='ocrx_word' id='word_1_80' title='bbox 667 2227 784 2254; x_wconf 82' lang='lat' dir='ltr'><strong>autem</strong></span> 
     </span>
     <span class='ocr_line' id='line_1_20' title="bbox 115 2271 785 2319; baseline 0.004 -15"><span class='ocrx_word' id='word_1_81' title='bbox 115 2271 189 2305; x_wconf 88' lang='lat' dir='ltr'><strong>haec</strong></span> <span class='ocrx_word' id='word_1_82' title='bbox 215 2280 249 2305; x_wconf 88' lang='lat' dir='ltr'><strong>et</strong></span> <span class='ocrx_word' id='word_1_83' title='bbox 277 2273 443 2306; x_wconf 87' lang='lat' dir='ltr'><strong>Minervae</strong></span> <span class='ocrx_word' id='word_1_84' title='bbox 467 2272 573 2319; x_wconf 83' lang='lat' dir='ltr'><strong>aegida</strong></span> <span class='ocrx_word' id='word_1_85' title='bbox 609 2285 650 2306; x_wconf 90' lang='lat' dir='ltr'><strong>ex</strong></span> <span class='ocrx_word' id='word_1_86' title='bbox 682 2285 785 2318; x_wconf 85' lang='lat' dir='ltr'><strong>squa-</strong></span> 
     </span>
     <span class='ocr_line' id='line_1_21' title="bbox 116 2324 785 2360; baseline 0.003 -3"><span class='ocrx_word' id='word_1_87' title='bbox 116 2337 214 2358; x_wconf 87' lang='lat' dir='ltr'><strong>moso</strong></span> <span class='ocrx_word' id='word_1_88' title='bbox 242 2324 434 2359; x_wconf 84' lang='lat' dir='ltr'><strong>draconum</strong></span> <span class='ocrx_word' id='word_1_89' title='bbox 459 2326 555 2359; x_wconf 90' lang='lat' dir='ltr'><strong>corio</strong></span> <span class='ocrx_word' id='word_1_90' title='bbox 587 2334 785 2360; x_wconf 78' lang='lat' dir='ltr'><strong>contextam</strong></span> 
     </span>
     <span class='ocr_line' id='line_1_22' title="bbox 116 2379 786 2423; baseline 0.003 -13"><span class='ocrx_word' id='word_1_91' title='bbox 116 2379 376 2423; x_wconf 68' lang='lat' dir='ltr'><strong>repraesentavit</strong></span> <span class='ocrx_word' id='word_1_92' title='bbox 388 2390 395 2411; x_wconf 90' lang='lat'>:</span> <span class='ocrx_word' id='word_1_93' title='bbox 407 2379 461 2412; x_wconf 90' lang='lat' dir='ltr'><strong>vel</strong></span> <span class='ocrx_word' id='word_1_94' title='bbox 472 2379 698 2412; x_wconf 86' lang='lat' dir='ltr'><strong>Sarmaticum</strong></span> <span class='ocrx_word' id='word_1_95' title='bbox 711 2380 786 2412; x_wconf 89' lang='lat' dir='ltr'><strong>tho-</strong></span> 
     </span>
     <span class='ocr_line' id='line_1_23' title="bbox 116 2429 780 2476; baseline 0 -12"><span class='ocrx_word' id='word_1_96' title='bbox 116 2442 211 2471; x_wconf 81' lang='lat' dir='ltr'><strong>raca,</strong></span> <span class='ocrx_word' id='word_1_97' title='bbox 224 2429 267 2464; x_wconf 88' lang='lat' dir='ltr'><strong>de</strong></span> <span class='ocrx_word' id='word_1_98' title='bbox 279 2444 349 2476; x_wconf 92' lang='lat' dir='ltr'><strong>quo</strong></span> <span class='ocrx_word' id='word_1_99' title='bbox 363 2431 465 2472; x_wconf 81' lang='lat' dir='ltr'><strong>infra,</strong></span> <span class='ocrx_word' id='word_1_100' title='bbox 478 2432 545 2476; x_wconf 89' lang='lat' dir='ltr'><strong>Ep.</strong></span> <span class='ocrx_word' id='word_1_101' title='bbox 556 2433 590 2464; x_wconf 95' lang='lat' dir='ltr'><strong>II</strong></span> <span class='ocrx_word' id='word_1_102' title='bbox 603 2457 611 2472; x_wconf 96' lang='lat'>,</span> <span class='ocrx_word' id='word_1_103' title='bbox 622 2444 670 2465; x_wconf 84' lang='lat' dir='ltr'><strong>vs.</strong></span> <span class='ocrx_word' id='word_1_104' title='bbox 689 2436 720 2472; x_wconf 75' lang='grc'><strong>4.</strong></span> <span class='ocrx_word' id='word_1_105' title='bbox 735 2454 780 2458; x_wconf 95' lang='lat'><strong>-—</strong></span> 
     </span>
     <span class='ocr_line' id='line_1_24' title="bbox 118 2483 787 2530; baseline 0.001 -14"><span class='ocrx_word' id='word_1_106' title='bbox 118 2484 246 2529; x_wconf 79' lang='lat' dir='ltr'><strong>Accipe.</strong></span> <span class='ocrx_word' id='word_1_107' title='bbox 263 2484 393 2530; x_wconf 86' lang='lat' dir='ltr'><strong>Accipe</strong></span> <span class='ocrx_word' id='word_1_108' title='bbox 405 2509 413 2525; x_wconf 93' lang='lat'>,</span> <span class='ocrx_word' id='word_1_109' title='bbox 429 2485 559 2525; x_wconf 65' lang='lat' dir='ltr'><strong>Caemr,</strong></span> <span class='ocrx_word' id='word_1_110' title='bbox 572 2493 606 2517; x_wconf 88' lang='lat' dir='ltr'><strong>et</strong></span> <span class='ocrx_word' id='word_1_111' title='bbox 620 2483 726 2517; x_wconf 81' lang='lat' dir='ltr'><strong>indue</strong></span> <span class='ocrx_word' id='word_1_112' title='bbox 738 2485 787 2517; x_wconf 92' lang='lat' dir='ltr'><strong>lo-</strong></span> 
     </span>
     <span class='ocr_line' id='line_1_25' title="bbox 117 2536 786 2582; baseline 0 -13"><span class='ocrx_word' id='word_1_113' title='bbox 117 2536 224 2569; x_wconf 83' lang='lat' dir='ltr'><strong>ricam</strong></span> <span class='ocrx_word' id='word_1_114' title='bbox 243 2549 382 2582; x_wconf 80' lang='lat' dir='ltr'><strong>gravem</strong></span> <span class='ocrx_word' id='word_1_115' title='bbox 413 2544 447 2570; x_wconf 87' lang='lat' dir='ltr'><strong>et</strong></span> <span class='ocrx_word' id='word_1_116' title='bbox 469 2536 622 2570; x_wconf 79' lang='lat' dir='ltr'><strong>divinam</strong></span> <span class='ocrx_word' id='word_1_117' title='bbox 643 2537 786 2582; x_wconf 84' lang='lat' dir='ltr'><strong>bellige-</strong></span> 
     </span>
     <span class='ocr_line' id='line_1_26' title="bbox 117 2589 787 2635; baseline 0.001 -14"><span class='ocrx_word' id='word_1_118' title='bbox 117 2601 164 2622; x_wconf 83' lang='lat' dir='ltr'><strong>rae</strong></span> <span class='ocrx_word' id='word_1_119' title='bbox 179 2589 346 2623; x_wconf 80' lang='lat' dir='ltr'><strong>Minervae</strong></span> <span class='ocrx_word' id='word_1_120' title='bbox 357 2603 366 2631; x_wconf 89' lang='grc'><strong>;</strong></span> <span class='ocrx_word' id='word_1_121' title='bbox 378 2598 427 2623; x_wconf 91' lang='lat' dir='ltr'><strong>est</strong></span> <span class='ocrx_word' id='word_1_122' title='bbox 440 2590 532 2623; x_wconf 85' lang='lat' dir='ltr'><strong>enim</strong></span> <span class='ocrx_word' id='word_1_123' title='bbox 547 2598 660 2635; x_wconf 80' lang='lat' dir='ltr'><strong>togata</strong></span> <span class='ocrx_word' id='word_1_124' title='bbox 676 2598 708 2622; x_wconf 70' lang='lat' dir='ltr'><strong>ct</strong></span> <span class='ocrx_word' id='word_1_125' title='bbox 722 2590 787 2622; x_wconf 88' lang='lat' dir='ltr'><strong>mi-</strong></span> 
     </span>
     <span class='ocr_line' id='line_1_27' title="bbox 119 2642 787 2677; baseline 0.003 -4"><span class='ocrx_word' id='word_1_126' title='bbox 119 2642 227 2675; x_wconf 79' lang='lat' dir='ltr'><strong>litaris</strong></span> <span class='ocrx_word' id='word_1_127' title='bbox 242 2643 469 2677; x_wconf 78' lang='lat' dir='ltr'><strong>Minerva.—-</strong></span> <span class='ocrx_word' id='word_1_128' title='bbox 485 2642 623 2675; x_wconf 78' lang='lat' dir='ltr'><strong>Crudum</strong></span> <span class='ocrx_word' id='word_1_129' title='bbox 648 2643 787 2676; x_wconf 74' lang='lat' dir='ltr'><strong>thoraca.</strong></span> 
     </span>
     <span class='ocr_line' id='line_1_28' title="bbox 121 2694 789 2737; baseline 0.003 -10"><span class='ocrx_word' id='word_1_130' title='bbox 121 2694 351 2729; x_wconf 80' lang='lat' dir='ltr'><strong>Militaremne</strong></span> <span class='ocrx_word' id='word_1_131' title='bbox 362 2704 395 2729; x_wconf 92' lang='lat' dir='ltr'><strong>et</strong></span> <span class='ocrx_word' id='word_1_132' title='bbox 412 2695 561 2730; x_wconf 84' lang='lat' dir='ltr'><strong>crudum</strong></span> <span class='ocrx_word' id='word_1_133' title='bbox 574 2721 584 2737; x_wconf 84' lang='lat'><strong><em>‚</em></strong></span> <span class='ocrx_word' id='word_1_134' title='bbox 598 2703 634 2728; x_wconf 90' lang='lat' dir='ltr'><strong>ut</strong></span> <span class='ocrx_word' id='word_1_135' title='bbox 643 2695 789 2729; x_wconf 83' lang='lat' dir='ltr'><strong>volunt?</strong></span> 
     </span>
    </p>
   </div>
   <div class='ocr_carea' id='block_1_9' title="bbox 842 1743 1519 2741">
    <p class='ocr_par' dir='ltr' id='par_1_10' title="bbox 842 1743 1514 1842">
     <span class='ocr_line' id='line_1_29' title="bbox 843 1743 1514 1789; baseline 0.007 -13"><span class='ocrx_word' id='word_1_136' title='bbox 843 1756 884 1776; x_wconf 85' lang='lat' dir='ltr'><strong>an</strong></span> <span class='ocrx_word' id='word_1_137' title='bbox 907 1743 1048 1789; x_wconf 84' lang='lat' dir='ltr'><strong>respicit</strong></span> <span class='ocrx_word' id='word_1_138' title='bbox 1064 1743 1196 1789; x_wconf 89' lang='lat' dir='ltr'><strong>primos</strong></span> <span class='ocrx_word' id='word_1_139' title='bbox 1217 1744 1375 1778; x_wconf 80' lang='lat' dir='ltr'><strong>thoracas</strong></span> <span class='ocrx_word' id='word_1_140' title='bbox 1396 1758 1414 1779; x_wconf 93' lang='lat' dir='ltr'><strong>e</strong></span> <span class='ocrx_word' id='word_1_141' title='bbox 1435 1759 1514 1780; x_wconf 84' lang='lat' dir='ltr'><strong>cru·</strong></span> 
     </span>
     <span class='ocr_line' id='line_1_30' title="bbox 842 1795 1405 1842; baseline 0.004 -13"><span class='ocrx_word' id='word_1_142' title='bbox 842 1795 896 1829; x_wconf 83' lang='lat' dir='ltr'><strong>dis</strong></span> <span class='ocrx_word' id='word_1_143' title='bbox 913 1796 997 1829; x_wconf 86' lang='lat' dir='ltr'><strong>loris</strong></span> <span class='ocrx_word' id='word_1_144' title='bbox 1017 1796 1185 1842; x_wconf 82' lang='lat' dir='ltr'><strong>corioque</strong></span> <span class='ocrx_word' id='word_1_145' title='bbox 1206 1797 1405 1831; x_wconf 81' lang='lat' dir='ltr'><strong>confectos?</strong></span> 
     </span>
    </p>

    <p class='ocr_par' dir='ltr' id='par_1_11' title="bbox 843 1849 1519 2741">
     <span class='ocr_line' id='line_1_31' title="bbox 899 1849 1517 1895; baseline 0.006 -14"><span class='ocrx_word' id='word_1_146' title='bbox 899 1861 931 1882; x_wconf 83' lang='lat'><strong>2.</strong></span> <span class='ocrx_word' id='word_1_147' title='bbox 952 1849 1026 1894; x_wconf 77' lang='lat' dir='ltr'><strong>Ipsa</strong></span> <span class='ocrx_word' id='word_1_148' title='bbox 1046 1849 1206 1882; x_wconf 74' lang='lat' dir='ltr'><strong>Meduseae</strong></span> <span class='ocrx_word' id='word_1_149' title='bbox 1227 1863 1287 1895; x_wconf 82' lang='lat' dir='ltr'><strong>quo</strong></span> <span class='ocrx_word' id='word_1_150' title='bbox 1308 1851 1517 1885; x_wconf 83' lang='lat' dir='ltr'><strong>Beverlandi</strong></span> 
     </span>
     <span class='ocr_line' id='line_1_32' title="bbox 843 1902 1515 1947; baseline 0.006 -13"><span class='ocrx_word' id='word_1_151' title='bbox 843 1902 920 1935; x_wconf 90' lang='lat' dir='ltr'><strong>MS.</strong></span> <span class='ocrx_word' id='word_1_152' title='bbox 945 1915 1034 1947; x_wconf 82' lang='lat' dir='ltr'><strong>quem</strong></span> <span class='ocrx_word' id='word_1_153' title='bbox 1058 1905 1144 1935; x_wconf 79' lang='lat' dir='ltr'><strong>timet</strong></span> <span class='ocrx_word' id='word_1_154' title='bbox 1166 1905 1215 1935; x_wconf 75' lang='lat' dir='ltr'><strong>ira</strong></span> <span class='ocrx_word' id='word_1_155' title='bbox 1237 1904 1316 1936; x_wconf 79' lang='lat' dir='ltr'><strong>Deoe</strong></span> <span class='ocrx_word' id='word_1_156' title='bbox 1342 1903 1398 1937; x_wconf 81' lang='lat' dir='ltr'><strong>ed.</strong></span> <span class='ocrx_word' id='word_1_157' title='bbox 1426 1905 1515 1938; x_wconf 86' lang='lat' dir='ltr'><strong>anti-</strong></span> 
     </span>
     <span class='ocr_line' id='line_1_33' title="bbox 844 1954 1515 2001; baseline 0.006 -14"><span class='ocrx_word' id='word_1_158' title='bbox 844 1954 947 2000; x_wconf 89' lang='lat' dir='ltr'><strong>quiss.</strong></span> <span class='ocrx_word' id='word_1_159' title='bbox 963 1955 1097 1988; x_wconf 80' lang='lat' dir='ltr'><strong>Ferrar.</strong></span> <span class='ocrx_word' id='word_1_160' title='bbox 1114 1968 1168 1988; x_wconf 85' lang='lat' dir='ltr'><strong>an.</strong></span> <span class='ocrx_word' id='word_1_161' title='bbox 1188 1960 1296 2001; x_wconf 72' lang='lat'>1471.</span> <span class='ocrx_word' id='word_1_162' title='bbox 1315 1955 1396 1990; x_wconf 90' lang='lat' dir='ltr'><strong>Ald.</strong></span> <span class='ocrx_word' id='word_1_163' title='bbox 1414 1958 1515 1991; x_wconf 84' lang='lat' dir='ltr'><strong>Junt.</strong></span> 
     </span>
     <span class='ocr_line' id='line_1_34' title="bbox 844 2007 1517 2054; baseline 0.006 -14"><span class='ocrx_word' id='word_1_164' title='bbox 844 2007 960 2041; x_wconf 90' lang='lat' dir='ltr'><strong>Colin.</strong></span> <span class='ocrx_word' id='word_1_165' title='bbox 978 2008 1115 2054; x_wconf 70' lang='lat' dir='ltr'><strong>Gryph.</strong></span> <span class='ocrx_word' id='word_1_166' title='bbox 1141 2008 1298 2043; x_wconf 80' lang='lat' dir='ltr'><strong>Pulman.</strong></span> <span class='ocrx_word' id='word_1_167' title='bbox 1323 2010 1434 2044; x_wconf 83' lang='lat' dir='ltr'><strong>Plant.</strong></span> <span class='ocrx_word' id='word_1_168' title='bbox 1453 2011 1517 2043; x_wconf 87' lang='lat' dir='ltr'><strong>Ju—</strong></span> 
     </span>
     <span class='ocr_line' id='line_1_35' title="bbox 843 2055 1519 2107; baseline 0.001 -13"><span class='ocrx_word' id='word_1_169' title='bbox 843 2060 939 2094; x_wconf 88' lang='lat' dir='ltr'><strong>nian.</strong></span> <span class='ocrx_word' id='word_1_170' title='bbox 961 2055 1068 2106; x_wconf 57' lang='lat' dir='ltr'><strong>Len‘g.</strong></span> <span class='ocrx_word' id='word_1_171' title='bbox 1095 2061 1222 2107; x_wconf 84' lang='lat' dir='ltr'><strong>Delph.</strong></span> <span class='ocrx_word' id='word_1_172' title='bbox 1244 2070 1310 2095; x_wconf 88' lang='lat' dir='ltr'><strong>etc.</strong></span> <span class='ocrx_word' id='word_1_173' title='bbox 1338 2076 1398 2107; x_wconf 80' lang='lat' dir='ltr'><strong>quo</strong></span> <span class='ocrx_word' id='word_1_174' title='bbox 1423 2071 1519 2095; x_wconf 78' lang='lat' dir='ltr'><strong>tumet</strong></span> 
     </span>
     <span class='ocr_line' id='line_1_36' title="bbox 845 2112 1518 2150; baseline 0.004 -4"><span class='ocrx_word' id='word_1_175' title='bbox 845 2116 893 2146; x_wconf 82' lang='lat' dir='ltr'><strong>ira</strong></span> <span class='ocrx_word' id='word_1_176' title='bbox 911 2114 991 2147; x_wconf 85' lang='lat' dir='ltr'><strong>Deae</strong></span> <span class='ocrx_word' id='word_1_177' title='bbox 1010 2112 1216 2148; x_wconf 83' lang='lat' dir='ltr'><strong>Calderinus</strong></span> <span class='ocrx_word' id='word_1_178' title='bbox 1237 2122 1270 2148; x_wconf 88' lang='lat' dir='ltr'><strong>et</strong></span> <span class='ocrx_word' id='word_1_179' title='bbox 1287 2114 1395 2148; x_wconf 86' lang='lat' dir='ltr'><strong>codex</strong></span> <span class='ocrx_word' id='word_1_180' title='bbox 1414 2115 1518 2150; x_wconf 85' lang='lat' dir='ltr'><strong>Bodl.</strong></span> 
     </span>
     <span class='ocr_line' id='line_1_37' title="bbox 845 2167 1517 2214; baseline 0.004 -15"><span class='ocrx_word' id='word_1_181' title='bbox 845 2168 867 2200; x_wconf 88' lang='lat' dir='ltr'><strong>i.</strong></span> <span class='ocrx_word' id='word_1_182' title='bbox 885 2179 914 2199; x_wconf 88' lang='lat' dir='ltr'><strong>e.</strong></span> <span class='ocrx_word' id='word_1_183' title='bbox 935 2179 1004 2212; x_wconf 90' lang='lat' dir='ltr'><strong>quo</strong></span> <span class='ocrx_word' id='word_1_184' title='bbox 1023 2167 1110 2200; x_wconf 82' lang='lat' dir='ltr'><strong>irata</strong></span> <span class='ocrx_word' id='word_1_185' title='bbox 1126 2167 1237 2200; x_wconf 76' lang='lat' dir='ltr'><strong>Pallas</strong></span> <span class='ocrx_word' id='word_1_186' title='bbox 1258 2167 1389 2208; x_wconf 87' lang='lat' dir='ltr'><strong>utitur,</strong></span> <span class='ocrx_word' id='word_1_187' title='bbox 1411 2181 1517 2214; x_wconf 87' lang='lat' dir='ltr'><strong>quem</strong></span> 
     </span>
     <span class='ocr_line' id='line_1_38' title="bbox 843 2219 1519 2265; baseline 0 -12"><span class='ocrx_word' id='word_1_188' title='bbox 843 2219 948 2253; x_wconf 89' lang='lat' dir='ltr'><strong>sumit</strong></span> <span class='ocrx_word' id='word_1_189' title='bbox 965 2220 1075 2253; x_wconf 80' lang='lat' dir='ltr'><strong>Pallas</strong></span> <span class='ocrx_word' id='word_1_190' title='bbox 1092 2228 1298 2265; x_wconf 85' lang='lat' dir='ltr'><strong>pugnatura.</strong></span> <span class='ocrx_word' id='word_1_191' title='bbox 1312 2220 1412 2264; x_wconf 76' lang='lat' dir='ltr'><strong>Quem</strong></span> <span class='ocrx_word' id='word_1_192' title='bbox 1433 2223 1519 2254; x_wconf 83' lang='lat' dir='ltr'><strong>timet</strong></span> 
     </span>
     <span class='ocr_line' id='line_1_39' title="bbox 844 2271 1518 2308; baseline 0.004 -3"><span class='ocrx_word' id='word_1_193' title='bbox 844 2276 892 2305; x_wconf 77' lang='lat' dir='ltr'><strong>ira</strong></span> <span class='ocrx_word' id='word_1_194' title='bbox 925 2286 1019 2305; x_wconf 82' lang='lat' dir='ltr'><strong>comoe</strong></span> <span class='ocrx_word' id='word_1_195' title='bbox 1051 2271 1155 2306; x_wconf 88' lang='lat' dir='ltr'><strong>codd.</strong></span> <span class='ocrx_word' id='word_1_196' title='bbox 1187 2273 1267 2306; x_wconf 83' lang='lat' dir='ltr'><strong>Vat.</strong></span> <span class='ocrx_word' id='word_1_197' title='bbox 1296 2280 1330 2305; x_wconf 89' lang='lat' dir='ltr'><strong>et</strong></span> <span class='ocrx_word' id='word_1_198' title='bbox 1360 2273 1518 2308; x_wconf 86' lang='lat' dir='ltr'><strong>Florent.</strong></span> 
     </span>
     <span class='ocr_line' id='line_1_40' title="bbox 845 2322 1517 2371; baseline 0.004 -14"><span class='ocrx_word' id='word_1_199' title='bbox 845 2339 931 2371; x_wconf 72' lang='lat' dir='ltr'><strong>quem</strong></span> <span class='ocrx_word' id='word_1_200' title='bbox 949 2329 1033 2358; x_wconf 77' lang='lat' dir='ltr'><strong>time!</strong></span> <span class='ocrx_word' id='word_1_201' title='bbox 1052 2326 1159 2358; x_wconf 80' lang='lat' dir='ltr'><strong>umbra</strong></span> <span class='ocrx_word' id='word_1_202' title='bbox 1175 2339 1270 2357; x_wconf 78' lang='lat' dir='ltr'><strong>comoe</strong></span> <span class='ocrx_word' id='word_1_203' title='bbox 1284 2322 1304 2355; x_wconf 88' lang='lat' dir='ltr'><strong>J</strong></span> <span class='ocrx_word' id='word_1_204' title='bbox 1307 2334 1382 2358; x_wconf 86' lang='lat' dir='ltr'><strong>unt.</strong></span> <span class='ocrx_word' id='word_1_205' title='bbox 1398 2335 1517 2360; x_wconf 90' lang='lat' dir='ltr'><strong>nostra</strong></span> 
     </span>
     <span class='ocr_line' id='line_1_41' title="bbox 845 2376 1518 2425; baseline 0.003 -14"><span class='ocrx_word' id='word_1_206' title='bbox 845 2378 880 2411; x_wconf 89' lang='lat' dir='ltr'><strong>in</strong></span> <span class='ocrx_word' id='word_1_207' title='bbox 899 2378 1072 2424; x_wconf 79' lang='lat' dir='ltr'><strong>margine3</strong></span> <span class='ocrx_word' id='word_1_208' title='bbox 1092 2376 1186 2424; x_wconf 87' lang='lat' dir='ltr'><strong>quod</strong></span> <span class='ocrx_word' id='word_1_209' title='bbox 1207 2377 1311 2411; x_wconf 81' lang='lat' dir='ltr'><strong>etiam</strong></span> <span class='ocrx_word' id='word_1_210' title='bbox 1334 2380 1518 2425; x_wconf 87' lang='lat' dir='ltr'><strong>proposuit</strong></span> 
     </span>
     <span class='ocr_line' id='line_1_42' title="bbox 845 2431 1517 2477; baseline 0.003 -13"><span class='ocrx_word' id='word_1_211' title='bbox 845 2432 977 2464; x_wconf 89' lang='lat' dir='ltr'><strong>Beverl.</strong></span> <span class='ocrx_word' id='word_1_212' title='bbox 997 2431 1075 2463; x_wconf 87' lang='lat' dir='ltr'><strong>Lib.</strong></span> <span class='ocrx_word' id='word_1_213' title='bbox 1086 2431 1191 2471; x_wconf 91' lang='lat' dir='ltr'><strong>VIII,</strong></span> <span class='ocrx_word' id='word_1_214' title='bbox 1205 2432 1313 2477; x_wconf 83' lang='lat' dir='ltr'><strong>epigr.</strong></span> <span class='ocrx_word' id='word_1_215' title='bbox 1328 2444 1384 2473; x_wconf 83' lang='lat' dir='ltr'><strong>LV,</strong></span> <span class='ocrx_word' id='word_1_216' title='bbox 1398 2445 1446 2465; x_wconf 85' lang='lat' dir='ltr'><strong>vs.</strong></span> <span class='ocrx_word' id='word_1_217' title='bbox 1462 2446 1517 2466; x_wconf 91' lang='lat'><strong>10.</strong></span> 
     </span>
     <span class='ocr_line' id='line_1_43' title="bbox 850 2484 1518 2529; baseline 0.004 -13"><span class='ocrx_word' id='word_1_218' title='bbox 850 2501 864 2512; x_wconf 82' lang='lat'><strong><em>«</em></strong></span> <span class='ocrx_word' id='word_1_219' title='bbox 876 2485 988 2517; x_wconf 75' lang='lat' dir='ltr'><strong>Aurea</strong></span> <span class='ocrx_word' id='word_1_220' title='bbox 1009 2484 1135 2517; x_wconf 78' lang='lat' dir='ltr'><strong>lunatae</strong></span> <span class='ocrx_word' id='word_1_221' title='bbox 1157 2496 1265 2529; x_wconf 88' lang='lat' dir='ltr'><strong>quum</strong></span> <span class='ocrx_word' id='word_1_222' title='bbox 1285 2485 1375 2517; x_wconf 81' lang='lat' dir='ltr'><strong>stetit</strong></span> <span class='ocrx_word' id='word_1_223' title='bbox 1394 2487 1518 2519; x_wconf 81' lang='lat' dir='ltr'><strong>umbra</strong></span> 
     </span>
     <span class='ocr_line' id='line_1_44' title="bbox 843 2536 1518 2582; baseline 0.003 -13"><span class='ocrx_word' id='word_1_224' title='bbox 843 2537 945 2580; x_wconf 76' lang='lat' dir='ltr'><strong>juhae.</strong></span> <span class='ocrx_word' id='word_1_225' title='bbox 959 2555 974 2565; x_wconf 90' lang='lat'>»</span> <span class='ocrx_word' id='word_1_226' title='bbox 988 2537 1120 2569; x_wconf 86' lang='lat' dir='ltr'><strong>Umbra</strong></span> <span class='ocrx_word' id='word_1_227' title='bbox 1133 2536 1190 2569; x_wconf 90' lang='lat' dir='ltr'><strong>hic</strong></span> <span class='ocrx_word' id='word_1_228' title='bbox 1208 2545 1258 2570; x_wconf 82' lang='lat' dir='ltr'><strong>est</strong></span> <span class='ocrx_word' id='word_1_229' title='bbox 1271 2537 1366 2582; x_wconf 64' lang='lat' dir='ltr'><strong>sylva</strong></span> <span class='ocrx_word' id='word_1_230' title='bbox 1388 2550 1395 2570; x_wconf 90' lang='lat'>:</span> <span class='ocrx_word' id='word_1_231' title='bbox 1419 2538 1518 2571; x_wconf 80' lang='lat' dir='ltr'><strong>aliter</strong></span> 
     </span>
     <span class='ocr_line' id='line_1_45' title="bbox 847 2589 1515 2635; baseline 0.004 -14"><span class='ocrx_word' id='word_1_232' title='bbox 847 2589 894 2622; x_wconf 90' lang='lat' dir='ltr'><strong>ibi</strong></span> <span class='ocrx_word' id='word_1_233' title='bbox 917 2589 1136 2630; x_wconf 85' lang='lat' dir='ltr'><strong>Gronovius,</strong></span> <span class='ocrx_word' id='word_1_234' title='bbox 1156 2602 1259 2635; x_wconf 86' lang='lat' dir='ltr'><strong>quem</strong></span> <span class='ocrx_word' id='word_1_235' title='bbox 1277 2589 1355 2623; x_wconf 87' lang='lat' dir='ltr'><strong>vide</strong></span> <span class='ocrx_word' id='word_1_236' title='bbox 1378 2590 1412 2623; x_wconf 87' lang='lat' dir='ltr'><strong>in</strong></span> <span class='ocrx_word' id='word_1_237' title='bbox 1433 2592 1515 2624; x_wconf 86' lang='lat' dir='ltr'><strong>Var.</strong></span> 
     </span>
     <span class='ocr_line' id='line_1_46' title="bbox 848 2642 1519 2687; baseline 0.001 -12"><span class='ocrx_word' id='word_1_238' title='bbox 848 2642 959 2676; x_wconf 85' lang='lat' dir='ltr'><strong>Notis.</strong></span> <span class='ocrx_word' id='word_1_239' title='bbox 971 2664 1020 2668; x_wconf 87' lang='lat'><strong>-—-</strong></span> <span class='ocrx_word' id='word_1_240' title='bbox 1033 2643 1302 2687; x_wconf 59' lang='lat' dir='ltr'><strong>Ipsaflleclusaeoe‚</strong></span> <span class='ocrx_word' id='word_1_241' title='bbox 1320 2652 1384 2676; x_wconf 76' lang='lat' dir='ltr'><strong>etc.</strong></span> <span class='ocrx_word' id='word_1_242' title='bbox 1405 2644 1519 2685; x_wconf 86' lang='lat' dir='ltr'><strong>Quem</strong></span> 
     </span>
     <span class='ocr_line' id='line_1_47' title="bbox 850 2695 1519 2741; baseline 0.004 -14"><span class='ocrx_word' id='word_1_243' title='bbox 850 2696 901 2728; x_wconf 84' lang='lat' dir='ltr'><strong>vel</strong></span> <span class='ocrx_word' id='word_1_244' title='bbox 935 2695 1006 2740; x_wconf 72' lang='lat' dir='ltr'><strong>ipsa</strong></span> <span class='ocrx_word' id='word_1_245' title='bbox 1035 2695 1201 2729; x_wconf 78' lang='lat' dir='ltr'><strong>Minervae</strong></span> <span class='ocrx_word' id='word_1_246' title='bbox 1229 2696 1329 2741; x_wconf 78' lang='lat' dir='ltr'><strong>aegis,</strong></span> <span class='ocrx_word' id='word_1_247' title='bbox 1368 2696 1519 2730; x_wconf 62' lang='lat' dir='ltr'><strong>Medusae</strong></span> 
     </span>
    </p>
   </div>
   <div class='ocr_carea' id='block_1_10' title="bbox 1197 2766 1278 2811">
    <p class='ocr_par' dir='ltr' id='par_1_12' title="bbox 1197 2766 1278 2811">
     <span class='ocr_line' id='line_1_48' title="bbox 1197 2766 1278 2811; baseline 0 -1"><span class='ocrx_word' id='word_1_248' title='bbox 1197 2766 1278 2811; x_wconf 72' lang='lat'><strong>13²</strong></span> 
     </span>
    </p>
   </div>
  </div>
 </body>
</html>
