1978 3305
415 231 439 276 7
448 213 477 257 6

790 215 850 256 Μ.
876 213 1015 256 VAL.
1055 211 1442 254 MARTIALIS

623 301 826 356 Devites‚
854 315 1042 344 moneo:
1069 297 1175 341 nihil
1206 299 1260 343 sit
1288 296 1346 341 illi

623 373 736 416 Cum
762 371 880 414 libris
905 369 1155 425 Ciceronis,
1181 378 1256 412 aut
1280 369 1505 421 Maroni53

621 443 763 485 Famae
788 439 996 484 Tutilium
1023 455 1109 483 suae
1135 437 1364 499 relinquat.

623 511 667 555 Si
697 527 848 554 versus
878 510 1006 563 facit,
1031 508 1205 553 abdices
1230 510 1420 553 Poetam.

625 582 752 625 Artes
781 580 946 625 discere
973 578 1067 624 vult
1092 576 1379 640 pecuniosas'?

625 652 737 707 Fac,
760 651 918 705 diseat,
944 649 1234 705 citharoedus,
1259 658 1334 693 aut
1363 647 1600 693 choraules.

625 721 668 765 Si
692 721 790 764 duri
811 737 921 782 puer
945 720 1091 782 ingeni
1114 720 1310 774 videtur,

623 792 874 836 Praeconem
900 791 1056 843 facias,
1080 789 1147 834 vel
1171 790 1470 834 architectum.

417 945 548 980 artibus
578 946 733 980 honestis
763 947 891 980 Nullus
924 947 960 979 in
994 947 1090 980 Urbe

419 999 516 1034 locus
531 1017 563 1042 ι,
583 1008 649 1034 etc.
666 1000 792 1034 Juven.
816 1000 885 1034 Sat.
904 1011 951 1032 111
964 1025 974 1041 ‚
995 1011 1012 1031 2
1024 1011 1055 1032 1.

474 1054 510 1086 6.
529 1053 681 1086 Rutilium
694 1053 730 1086 in
749 1051 830 1087 edd.
849 1059 931 1086 vett.
948 1064 1014 1098 pro
1032 1052 1094 1084 Ta-

421 1105 532 1139 tilium.
555 1105 623 1139 Alii
647 1106 768 1152 legunt
795 1107 973 1146 Lucilium,
998 1103 1093 1150 quod

421 1158 562 1192 exhibet
580 1157 689 1192 codex
707 1159 903 1192 Pulmanni.
927 1179 979 1184 —
1002 1158 1093 1190 Tazi-

421 1211 497 1244 lium
512 1238 521 1252 ,
542 1219 606 1245 etc.
623 1211 705 1246 Non
721 1212 874 1245 Rutilium
887 1238 896 1252 ,
916 1219 956 1244 ut
970 1210 1074 1255 vulgo
1085 1235 1094 1251 ,

421 1275 466 1297 ne
504 1264 648 1310 cespitet
685 1277 806 1298 versus
822 1289 831 1305 ,
870 1263 1096 1310 peccantibus

423 1315 560 1350 duabus
582 1317 706 1362 primis
725 1317 876 1363 syllabis.
899 1315 1051 1350 Videtur
1068 1315 1096 1349 is

424 1381 495 1402 esse
517 1382 623 1416 quem
639 1370 758 1404 laudat
778 1370 902 1404 Cicero
918 1371 935 1402 Ι
956 1369 1000 1403 de
1014 1369 1097 1402 Ora-

423 1430 515 1461 tore,
537 1431 571 1456 et
594 1423 631 1456 in
649 1425 780 1465 Bruto;
809 1422 854 1457 de
882 1435 952 1469 quo
979 1422 1095 1455 Valer.

424 1474 567 1509 Maxim.
586 1475 646 1509 lib.
664 1477 701 1509 ΙΙ
713 1502 722 1517 ,
741 1488 815 1522 cap.
838 1476 858 1510 3
872 1501 882 1518 ‚
897 1483 933 1509 et
950 1475 1098 1509 Sueton.

425 1527 462 1560 in
483 1528 640 1574 Augusto
654 1555 663 1571 ,
680 1541 756 1575 cap.
781 1531 896 1573 89.—
905 1528 1097 1571 Suaefumoe.

429 1580 545 1622 Quam
575 1582 761 1616 maximam
787 1581 934 1623 habuit,
963 1589 998 1614 et
1025 1593 1099 1614 mo-

426 1646 506 1667 rum
529 1643 563 1668 et
586 1634 756 1669 doctrinae
775 1635 884 1681 gloria
904 1634 996 1668 inter
1014 1645 1100 1667 coae-

429 1699 489 1720 vos
508 1687 673 1734 inclytus.

483 1753 517 1785 7.
537 1741 575 1774 Si
592 1755 700 1774 versus
711 1742 808 1784 facit.
823 1740 859 1775 Si
875 1748 967 1774 amat
985 1751 1102 1774 versus

429 1792 541 1827 facere
556 1819 566 1836 ‚
584 1795 732 1840 prohibe
743 1821 752 1836 ‚
771 1806 810 1828 ac
827 1795 864 1827 ni
877 1793 1032 1833 desinat,
1048 1793 1104 1826 ab·

430 1844 530 1888 dica,
556 1846 748 1881 exhaereda.
776 1847 889 1893 Hujus
921 1846 1016 1880 vocis
1047 1845 1104 1878 ab·

431 1899 536 1932 dicare
567 1913 687 1934 sensus
714 1900 817 1934 latuit
844 1912 966 1933 ornnes
997 1899 1104 1932 inter-

433 1961 557 1998 preteS.
577 1953 750 1987 Abdicare
771 1961 888 1986 autem
909 1961 960 1986 est
978 1952 1106 1998 pellere

431 2003 538 2039 domo
559 2006 670 2039 filium
687 2031 697 2048 ‚
722 2006 842 2043 bonis,
867 2005 963 2051 quod
991 2015 1106 2039 tamen

432 2060 587 2092 revocari
608 2067 724 2106 potest
750 2060 787 2093 in
814 2058 987 2093 codicillis
1006 2066 1107 2092 testa-

434 2112 567 2153 menti,
598 2111 685 2145 dum
711 2111 944 2146 exhaeredatio
974 2111 1108 2145 nullam

433 2177 530 2210 spem
554 2165 736 2212 relinquit.
756 2164 973 2199 Abdicabant
995 2173 1109 2210 patres

436 2217 525 2251 filios
560 2231 769 2265 magnorum
802 2217 1011 2252 delictorum
1044 2230 1108 2250 no-

436 2279 552 2304 centes
567 2297 575 2312 ,
593 2280 632 2305 ut
653 2272 800 2318 saepius;
823 2279 897 2305 erat
910 2270 1109 2317 gravissima

438 2336 536 2368 poena
550 2349 559 2365 ,
575 2337 679 2370 quam
704 2324 822 2358 multis
840 2325 875 2358 in
895 2323 979 2358 locis
996 2322 1110 2357 decla-

439 2385 536 2410 matt-
561 2378 620 2410 ubi
641 2377 684 2412 de
711 2378 775 2412 hac
802 2391 840 2412 re
866 2389 955 2423 saepe
977 2377 1108 2422 agitur,

438 2430 643 2470 Quintilian.
658 2439 758 2464 vocat
772 2446 785 2458 «ι
799 2431 959 2464 ultimum
976 2430 1109 2463 fulmen

442 2483 558 2527 patriae
591 2484 769 2528 potestatis
792 2502 820 2517 u.
854 2484 927 2517 Hac
962 2483 1110 2517 formula

443 2536 626 2569 utebantur
644 2549 650 2568 :
674 2537 807 2569 Discede
828 2538 919 2569 domo
940 2551 1017 2570 tyn-a.
1046 2537 1111 2569 Ei).

496 2605 529 2632 f!-
547 2590 613 2622 Fac
626 2590 724 2622 hiscat
740 2589 822 2634 legit
837 2590 915 2623 Jan.
933 2589 1110 2624 Cuiliclui.

445 2641 630 2675 teris-imit
659 2643 718 2675 lib.
745 2643 817 2679 111,
846 2656 919 2687 cap.
959 2656 1024 2684 ις),
1049 2644 1111 2675 iiii·

1149 946 1320 992 probante
1352 945 1535 979 Farnabio.
1561 944 1680 978 Verba
1708 953 1823 978 tamen

1151 1000 1265 1031 hiscere
1281 1025 1291 1039 ‚
1313 999 1399 1031 hiare
1413 1026 1424 1040 ,
1451 1005 1670 1043 usurpantur
1688 997 1826 1042 elegan-

1154 1060 1206 1085 ter
1225 1051 1262 1084 in
1284 1063 1322 1085 re
1340 1050 1482 1085 musica.
1505 1051 1611 1096 Prop.
1639 1067 1652 1080 α
1671 1050 1826 1083 Tantum

1152 1104 1268 1150 operis
1283 1104 1399 1138 nervis
1416 1104 1550 1137 hiscere
1567 1115 1668 1149 posse
1686 1103 1771 1135 meis
1788 1120 1800 1132 n
1816 1115 1826 1143 ;

1154 1165 1189 1191 et
1199 1156 1302 1199 alias,
1324 1174 1338 1187 α
1354 1157 1458 1191 Visus
1475 1168 1668 1189 marmorea
1688 1167 1827 1189 carmen

1154 1210 1250 1243 hiare
1275 1210 1351 1255 lyra
1366 1227 1397 1244 n.
1423 1210 1492 1252 Qui
1519 1210 1632 1254 lyram
1665 1209 1828 1254 pulsant,

1154 1275 1192 1297 os
1213 1261 1411 1303 diducunt,
1427 1262 1522 1308 quasi
1536 1274 1656 1295 vocem
1675 1261 1830 1295 numeris

1154 1316 1308 1361 lyraeque
1322 1337 1325 1338 ν
1341 1316 1470 1349 vellent
1505 1315 1645 1348 sociare.
1674 1315 1740 1348 Eo.
1779 1335 1831 1341 --

1158 1369 1335 1403 Chol-aulas
1351 1368 1429 1403 Ald.
1450 1370 1548 1402 Junt.
1565 1376 1600 1401 et
1621 1367 1736 1401 Colin.
1761 1367 1833 1399 clio-

1157 1422 1263 1454 raulos
1280 1422 1315 1455 in
1334 1422 1420 1455 aliis.
1434 1443 1486 1448 —
1501 1422 1570 1454 Fac
1585 1421 1688 1453 discat
1702 1447 1711 1460 ,
1733 1421 1834 1453 cillia-

1158 1475 1269 1508 roedus.
1283 1475 1427 1508 Graecus
1438 1473 1579 1508 (licendi
1592 1472 1724 1507 modus
1740 1485 1748 1506 :
1765 1473 1832 1506 hoc

1158 1536 1226 1569 est,
1249 1526 1356 1561 discat
1383 1528 1456 1561 {ieri
1485 1525 1710 1561 citharoedus.
1739 1526 1833 1560 Cho·

1158 1581 1270 1615 raules
1284 1580 1312 1614 is
1329 1588 1378 1614 est
1395 1581 1456 1626 qui
1471 1580 1593 1614 tibiam
1608 1580 1643 1613 in
1660 1579 1768 1613 choro
1784 1579 1836 1612 in-

1160 1632 1220 1666 flat.
1243 1645 1249 1666 ε
1277 1632 1458 1667 citharoedi
1485 1645 1570 1666 vero
1601 1641 1634 1666 et
1661 1631 1836 1666 choraulae

1161 1698 1213 1719 ars
1236 1694 1321 1720 tunc
1343 1699 1479 1720 summo
1495 1686 1561 1719 fuit
1580 1686 1614 1719 in
1631 1685 1758 1731 pretio.
1777 1684 1835 1718 Sic

1161 1739 1267 1773 Poeta
1289 1747 1388 1773 acute
1407 1738 1518 1785 carpit
1538 1751 1651 1772 mores
1673 1737 1728 1772 sui
1750 1746 1836 1771 tem-

1161 1792 1269 1837 poris·
1287 1791 1382 1826 Vide
1405 1792 1538 1826 Josiam
1563 1792 1760 1825 Mercerum
1793 1789 1838 1823 ad

1163 1845 1222 1878 lib.
1252 1845 1292 1886 Ι,
1324 1846 1425 1891 epist.
1461 1856 1522 1888 19,
1551 1844 1771 1885 Aristaeneti;
1803 1851 1836 1877 et

1163 1898 1351 1939 Nostrum,
1368 1898 1430 1931 lib.
1450 1898 1524 1941 111,
1544 1897 1654 1943 epigr.
1670 1909 1719 1931 ιν.

1222 1963 1278 1985 10.
1291 1951 1328 1985 Si
1336 1952 1409 1984 duri
1421 1964 1518 1996 puer,
1540 1959 1605 1984 etc.
1620 1949 1840 1983 Architectus

1165 2016 1245 2038 sane
1265 2004 1406 2049 ingenio
1433 2004 1546 2038 valere
1576 2002 1700 2045 debet;
1723 2002 1840 2036 multis

1165 2069 1302 2102 semper
1323 2056 1486 2091 laudibus
1507 2057 1573 2090 fuit
1592 2057 1762 2090 celebrata
1786 2067 1840 2088 ar-

1166 2110 1368 2144 chitectura.
1389 2108 1457 2144 Sed
1478 2110 1544 2143 hoc
1565 2107 1737 2142 invidiose
1756 2107 1842 2142 dicit

1166 2163 1334 2196 Martialis
1350 2189 1359 2205 ‚
1381 2161 1477 2209 quod
1499 2163 1577 2208 plus
1594 2161 1788 2196 architectis
1808 2169 1842 2194 et

1168 2216 1406 2262 praeconibus,
1433 2228 1536 2262 quam
1563 2215 1647 2248 viris
1672 2213 1784 2248 doctis
1808 2222 1842 2248 ct

1168 2270 1281 2314 poetis
1299 2270 1454 2304 faverent
1476 2268 1633 2302 Romani.

1226 2335 1281 2356 11.
1304 2324 1484 2356 Proeconem
1499 2323 1616 2365 facias.
1640 2321 1845 2355 Praeconum

1170 2376 1262 2409 enim
1274 2388 1328 2409 ars
1342 2385 1425 2410 tunc
1441 2375 1609 2421 temporis
1620 2373 1663 2407 ad
1677 2372 1843 2407 invidiam

1170 2441 1282 2474 usquc
1310 2429 1512 2469 fructuosa;
1536 2428 1606 2469 Vl,
1630 2427 1740 2473 epigr.
1759 2438 1844 2460 vni.

1171 2504 1222 2508 —--
1238 2483 1465 2516 :lrchiecctunn
1486 2481 1612 2514 Praeter
1629 2480 1846 2526 privatorum

1172 2536 1264 2568 enini
1296 2536 1330 2568 in
1363 2534 1518 2568 aediliciis
1548 2534 1611 2567 hac
1643 2540 1847 2578 tempestate

1174 2589 1290 2622 luxum
1308 2615 1316 2629 ,
1342 2588 1559 2621 Domitianus
1581 2586 1706 2632 templa
1729 2594 1762 2618 ct
1785 2585 1847 2618 alia

1177 2642 1310 2685 publica
1336 2640 1555 2679 iustam-avim
1583 2640 1648 2675 lx,
1670 2639 1778 2684 epigr.
1799 2650 1845 2671 iv.
