1978 3305
345 224 933 271 EPIGRAMMATUM
973 226 1099 268 LlB.
1126 226 1163 268 V
1181 227 1244 268 II.

1404 228 1500 272 223

161 317 229 360 Sic
256 316 349 359 fora
374 315 607 370 mirentur,
633 314 693 358 sic
720 323 763 358 te
791 312 969 357 Pallatia
995 311 1196 365 laudent,

230 385 413 430 Excolat
437 395 480 429 et
504 386 698 447 geminas
728 383 917 446 plurima
942 381 1085 444 palma
1111 382 1252 427 fores:

160 457 262 500 Otia
287 456 390 500 dum
418 455 585 500 medius
610 465 788 517 praestat
812 455 889 499 tibi
913 470 1049 516 parva
1070 454 1336 509 December,

227 528 415 588 Excipe,
441 527 516 570 sed
546 536 690 582 certa,
720 543 829 587 quos
859 525 987 586 legis,
1007 541 1112 568 aure
1133 527 1270 585 jocos.

156 598 273 642 Scire
296 596 401 641 libet
420 613 574 641 verum
601 614 610 640 ε
640 612 709 640 res
734 606 798 640 est
823 596 916 640 haec
943 595 1104 651 ardua3
1137 595 1211 639 sed
1236 605 1281 640 tu

226 667 360 725 Quod
390 667 467 712 tibi
492 668 557 710 vis
587 666 697 722 dici,
722 666 892 721 dicere,
916 667 1077 721 Fusce,
1102 675 1238 726 potes.

138 819 170 853 5.
189 818 244 852 Sic
253 819 332 862 fora
351 820 511 852 mirentur.
528 817 579 851 Te
597 825 758 863 agentem

81 884 208 905 causas.
242 892 295 898 ——-
321 871 467 904 Pallatia
503 870 642 903 laudent.
681 870 758 904 Hoc

81 933 148 966 est,
169 925 368 970 Imperator
387 924 461 970 ipse
483 931 516 958 te
538 922 668 957 laudet.

134 980 168 1012 6.
181 977 297 1011 Palma
301 978 402 1021 fores.
416 977 533 1010 Palma
549 976 758 1022 affigebatur

76 1031 190 1076 januis
217 1030 493 1072 causidicorum,
513 1030 573 1076 qui
606 1030 643 1063 in
673 1042 756 1063 cau-

79 1084 124 1117 sis
151 1084 314 1117 vicissent
331 1108 341 1122 ,
370 1096 475 1130 quam
501 1083 678 1116 Ausonius
700 1095 759 1116 vo-

78 1146 130 1170 cat
145 1138 285 1182 palmam
297 1138 466 1179 sorensem.
478 1135 563 1170 Vid.
578 1137 658 1169 JuV.
682 1135 754 1170 Sat.

77 1202 151 1230 vu,
185 1203 198 1223 1
213 1202 269 1234 17.
287 1207 300 1219 ‹-
316 1191 455 1235 Rumpe
487 1189 591 1222 miser
617 1197 756 1222 tensum

74 1243 184 1286 jecur,
201 1251 240 1276 ut
257 1242 320 1276 tibi
337 1243 425 1276 lasso
442 1242 611 1288 Figantur
625 1241 755 1275 virides

75 1296 243 1328 scalarum
259 1296 368 1341 gloria
383 1296 516 1342 palmae.
532 1313 545 1324 ›-
567 1295 679 1328 Scalas
696 1295 755 1328 hic

77 1361 140 1393 pro
159 1347 257 1381 aditu
278 1347 426 1389 domus,
449 1349 520 1382 sive
539 1349 644 1394 janua
665 1348 753 1382 acci-

75 1401 148 1445 pit,
171 1410 210 1434 ut
232 1401 422 1435 Oratorum
450 1401 634 1448 pauperies
659 1400 752 1435 indi-

74 1463 190 1496 retur,
211 1455 273 1500 qui
299 1467 398 1488 more
427 1455 587 1488 omnium
615 1466 752 1500 paupe-

74 1520 151 1540 rum
175 1508 207 1540 in
230 1508 417 1542 coenaculis
438 1507 748 1541 habitabant.Vid.

73 1573 177 1606 supra
195 1561 304 1606 epigr.
327 1574 386 1601 xx,
408 1573 456 1595 vs.
482 1574 536 1594 20.
557 1561 623 1594 ΕΙ).

127 1627 160 1657 7.
189 1614 267 1647 Otia
289 1614 372 1647 dum.
398 1613 636 1648 Saturnalium
662 1622 749 1647 tem-

74 1679 158 1711 pore
178 1680 195 1700 a
222 1667 299 1700 foro
321 1667 493 1701 vacabant
521 1666 687 1700 causidici
711 1676 751 1701 ut

72 1727 103 1752 et
130 1719 282 1764 judices,
310 1728 343 1753 et
373 1720 502 1754 civium
536 1720 750 1766 quicumque

819 816 914 850 istias
923 815 1020 849 modi
1035 815 1239 849 muneribus
1249 817 1496 862 fungebantur.

875 871 908 904 8.
926 869 1047 914 Exigis
1059 877 1091 901 et
1105 877 1190 901 certa
1203 868 1281 903 cod.
1297 870 1495 905 Pulmanui.

818 923 928 967 Exige
948 922 1006 955 sed
1024 930 1108 955 certa
1130 922 1167 955 in
1190 922 1278 956 aliis.
1302 945 1354 950 —
1373 925 1496 970 Excipe

819 975 984 1020 (Exige)
1004 983 1090 1008 certa
1114 989 1189 1008 aure
1201 977 1304 1021 jocos.
1326 977 1403 1011 Hoc
1426 986 1476 1012 est
1488 1005 1496 1019 ‚

817 1027 1005 1074 diligenter
1023 1028 1197 1071 examina,
1212 1039 1333 1063 excute
1347 1039 1442 1064 certo
1463 1040 1497 1064 et

816 1081 927 1126 sagaci
946 1080 1085 1128 judicio
1103 1083 1218 1129 jocosa
1237 1082 1311 1117 haec
1330 1096 1406 1117 mea
1423 1097 1495 1118 car-

816 1135 924 1169 mina.
943 1135 1010 1168 En.

871 1201 904 1232 9.
924 1188 1012 1221 Scire
1031 1188 1105 1221 licet
1126 1201 1247 1229 verum,
1273 1202 1319 1221 res
1340 1198 1404 1230 est,
1428 1199 1494 1225 etc.

814 1241 851 1274 in
865 1240 944 1274 edd.
962 1249 1043 1275 vett.
1061 1241 1149 1283 Alii,
1164 1241 1252 1275 Scire
1266 1242 1341 1275 libet
1356 1257 1464 1276 ‘verum
1476 1249 1494 1276 :7

814 1307 862 1326 res
883 1303 929 1326 esc
950 1294 1016 1327 haec
1037 1295 1139 1327 ardua
1160 1307 1201 1328 ex
1222 1308 1371 1340 persona
1391 1297 1492 1330 Fusci

815 1359 935 1381 verum
949 1348 1183 1393 pronuntiare
1195 1349 1434 1391 subtimentis‚
1449 1363 1495 1383 ne

813 1409 871 1434 aut
899 1401 1050 1435 rusticus
1071 1400 1251 1437 videatur,
1279 1411 1340 1436 aut
1353 1429 1362 1444 ‚
1393 1403 1491 1449 quod

812 1466 903 1500 saepe
917 1453 1054 1495 accidit,
1065 1453 1188 1488 odium
1199 1455 1312 1500 pariat
1325 1469 1333 1488 :
1346 1468 1491 1503 respon·

812 1506 872 1541 det
882 1508 987 1541 Poeta
1001 1519 1009 1540 :
1021 1506 1089 1541 Sed
1100 1517 1137 1541 tu
1148 1508 1237 1541 mihi
1248 1507 1316 1551 dic,
1328 1508 1415 1555 quid
1428 1510 1490 1543 tibi

811 1560 846 1593 in
859 1561 934 1606 pari
951 1573 990 1594 re
1005 1560 1074 1594 dici
1089 1562 1174 1595 velis
1185 1587 1193 1602 ‚
1207 1562 1377 1596 etc.Vide
1390 1563 1488 1608 epist.

809 1613 872 1647 lib.
887 1615 971 1654 XII,
988 1622 1021 1647 et
1035 1614 1157 1648 Horat.
1175 1614 1275 1660 epist.
1290 1614 1334 1649 ad
1349 1616 1490 1649 Pisones

810 1667 875 1700 sub
889 1667 977 1710 fine3
991 1668 1213 1703 cf.lih.V111,
1222 1681 1277 1714 ep.
1289 1681 1410 1703 Lxxvx.
1420 1670 1486 1702 Le-

809 1720 961 1754 ctionem
979 1730 1134 1755 nostram
1148 1721 1263 1754 firmat
1275 1721 1353 1756 cod.
1374 1722 1488 1756 Pulm.

652 1869 902 1925 XXIX.

446 2031 514 2058 AD
552 2030 826 2060 TESTILUM
866 2031 1108 2060 PUERUM.

134 2164 329 2206 TESTILF,
346 2197 357 2215 ‚
379 2163 570 2206 Victoris
596 2172 865 2206 tormentum
890 2161 1018 2206 dulce
1043 2164 1215 2207 Voconi
1232 2200 1243 2216 ,

203 2234 306 2288 Quo
332 2249 461 2276 nemo
487 2242 552 2276 est
578 2242 672 2277 toto
697 2235 841 2277 notior
867 2233 974 2277 orbe
1000 2250 1134 2294 puer3

132 2303 201 2345 Sic
232 2304 359 2346 etiam
388 2304 539 2363 positis
567 2303 786 2348 formosus
815 2320 961 2348 amere
988 2303 1153 2365 capillis
1171 2340 1182 2357 ‚

118 2464 148 2485 1.
170 2452 287 2485 Testile
302 2452 429 2485 Victuri
444 2452 521 2486 cod.
544 2453 740 2486 Pulmanni.

60 2526 110 2531 —-
135 2506 166 2538 T
163 2513 335 2538 armentum
367 2506 501 2539 Voconi.
538 2506 679 2539 Deliciae
710 2515 745 2540 et

58 2571 176 2596 amor,
210 2558 271 2604 qui
301 2559 393 2592 risus
424 2559 608 2604 lugubris,
642 2559 745 2592 dolor

58 2611 190 2653 suavis,
212 2612 317 2644 timor
341 2624 552 2657 generosus,
577 2624 672 2646 mors
694 2613 746 2645 vi·

58 2676 100 2696 va
112 2689 120 2704 ‚
135 2671 202 2697 otc.
220 2665 360 2697 Victoris
378 2665 518 2706 Voconi,
538 2674 670 2711 poetae,
687 2666 744 2710 qui

802 2454 972 2488 Testilum
1009 2466 1110 2487 suum
1148 2466 1297 2500 puerum
1333 2457 1479 2492 amabat.

859 2520 892 2540 2.
919 2507 1039 2540 Notior
1069 2507 1144 2540 urbe
1168 2521 1251 2554 puer
1287 2509 1413 2555 legitur
1446 2512 1480 2544 iu

805 2559 1016 2593 Beverlandi
1034 2560 1172 2595 codices
1191 2562 1317 2596 melius
1333 2564 1462 2597 forsan.

863 2613 897 2646 3.
928 2614 1047 2646 Positis
1076 2615 1208 2660 capillis.
1233 2614 1328 2649 Vide
1356 2617 1415 2650 lib.
1448 2619 1484 2657 1,

809 2666 917 2711 epigr.
940 2679 1059 2706 xxx11‚
1079 2680 1128 2700 vs.
1154 2681 1184 2701 ι.
