1978 3305
366 245 955 290 EPIGRAMMATUM
994 244 1118 287 LIB.
1159 244 1212 285 X.

1393 239 1451 285 52
1463 239 1488 283 3

159 336 282 377 Secta
308 333 584 377 coronabunt
607 342 776 377 rutatos
801 348 883 376 ova
912 331 1115 383 lacertos,

228 405 285 446 Et
313 402 533 447 madidum
558 404 712 464 thynni
734 403 788 447 de
811 402 897 447 sale
923 417 1074 446 sumen
1097 401 1192 444 erit.

159 475 326 517 Gustus
355 474 398 516 in
424 474 516 529 his3
541 490 628 517 una
656 483 844 535 ponetur
867 472 1036 517 coenula
1061 486 1232 524 mensa,

231 543 413 599 Haedus,
445 544 671 587 inhumani
700 553 851 605 raptus
880 543 935 586 ab
965 558 1040 586 ore
1070 541 1173 601 lupi.

161 614 240 668 Et,
262 630 356 674 quae
380 630 468 658 nou
494 623 649 675 egeant
674 614 789 657 ferro
816 613 1063 667 structoris,
1091 608 1251 665 ofellae,
1466 629 1495 651 ,a

93 733 220 766 habere
236 736 411 779 stuprum-ia:
430 741 528 767 notat
549 732 765 767 Calderinus.

94 786 306 819 Pulmannus
330 787 377 819 sic
398 786 518 819 scribit
533 797 541 819 ε
568 802 581 815 α
596 786 644 818 Et
660 785 764 818 destu-

89 841 215 882 pratrix
228 852 267 872 m.
283 837 352 872 Sed
366 839 493 872 vetusti
510 837 589 872 cod.
605 838 675 871 mei
692 851 766 872 ma-

93 890 217 925 nifesta
231 891 400 937 scriptura
417 899 486 930 est,
503 892 552 924 Et
572 891 711 936 destupr.
725 905 765 925 m.

94 944 165 984 sed,
184 953 248 978 etc.
263 961 277 974 n
292 944 403 977 Menta
421 943 498 977 Ald.
521 944 622 977 Junt.
647 945 764 978 Colin.

94 1017 145 1023 -—
164 998 332 1030 Ructatrix
359 998 491 1030 mentha.
526 997 614 1038 Quae
649 1005 768 1031 ructus

94 1049 173 1083 ciet.
185 1071 235 1075 —
245 1048 357 1082 Herba
368 1051 471 1082 saltat.
488 1050 601 1083 Eruca
613 1074 623 1091 ,
640 1062 709 1094 qua
719 1062 769 1083 sa-

94 1102 159 1135 laci
186 1103 380 1148 appellata,
404 1111 443 1136 ut
465 1110 499 1136 et
523 1102 638 1136 bulbis
662 1102 768 1137 inter-

87 1154 173 1189 dicit
189 1154 293 1188 Ovid.
309 1156 407 1189 Rem.
424 1157 544 1188 Amor.
562 1167 649 1200 799.

146 1220 157 1240 1
171 1219 200 1241 1.
218 1209 370 1241 Ructatos
388 1208 462 1243 MS.
481 1207 702 1242 Beverlandi.
717 1227 767 1234 —

88 1262 182 1293 Secta
216 1274 274 1294 ονα
307 1261 449 1294 lacertos.
478 1260 556 1294 Lib.
580 1262 627 1302 V,
656 1262 766 1306 epigr.

90 1325 248 1355 uxvnr,
277 1326 327 1347 vs.
349 1313 382 1347 5.
410 1315 571 1346 Lacertus.
603 1314 767 1347 Lacertus

88 1366 183 1399 enim
210 1366 346 1411 reptilis
382 1379 494 1412 genus
526 1374 668 1400 vocatus
697 1367 742 1399 ita
759 1392 768 1407 ‚

89 1417 184 1464 quod
214 1418 355 1454 brachia
387 1420 526 1453 habeat.
551 1420 688 1453 Genera
718 1420 768 1452 la-

90 1480 265 1506 certorum
295 1472 394 1517 plura
410 1498 419 1513 ‚
446 1480 485 1505 ut
514 1473 658 1514 botrax,
685 1472 769 1506 sala-

92 1523 255 1565 mandra,
276 1537 396 1566 saura‚
422 1525 547 1559 stellio.
569 1526 631 1558 Est
658 1533 692 1559 et
718 1525 768 1558 la-

91 1585 205 1611 certus
225 1577 340 1622 piscis.
363 1578 568 1611 —Rutatos.
594 1578 671 1612 Hoc
698 1586 769 1620 est,

91 1638 171 1664 ruta
196 1631 304 1663 herba
325 1629 487 1664 conditos
511 1631 656 1664 lacertos
675 1643 682 1664 :
704 1631 767 1664 lih.

92 1683 185 1724 VII,
208 1682 319 1728 epigr.
342 1696 491 1717 LxxvuI.
507 1684 652 1725 «Quum
675 1696 769 1717 saxe-

93 1736 161 1769 tani
184 1745 337 1781 ponatur
358 1735 466 1770 cauda
485 1737 616 1770 lacerti.
640 1754 653 1766 n

152 1801 164 1822 1
177 1802 207 1822 2.
235 1790 336 1822 Termi
354 1790 435 1822 Vat.
455 1811 506 1816 ——
530 1791 579 1822 Et
598 1789 769 1822 madidum.

94 1842 170 1875 Hoc
186 1850 256 1883 est,
273 1850 311 1875 ut
328 1842 374 1876 ait
394 1843 586 1876 Farnabius
602 1855 609 1876 ι
630 1842 771 1887 Papillae

95 1895 165 1928 suis
178 1895 379 1940 primiparae
392 1908 512 1929 sumen
534 1896 622 1929 salso
644 1895 771 1940 thynni

94 1947 231 1993 liquore
246 1948 422 1981 imbutum
436 1960 444 1980 τ
459 1949 482 1980 l.
496 1949 605 1989 XIII,
622 1960 676 1994 ep.
694 1961 770 1981 LVI.

153 2000 210 2033 13.
229 1999 350 2034 Gustus
365 2003 396 2033 in
412 2001 471 2033 lzis.
490 2001 604 2035 Locus
622 2000 770 2046 impedi-

97 2061 151 2086 tus
162 2053 246 2086 olim
261 2061 295 2086 et
313 2053 373 2099 qui
385 2053 570 2100 multiplici
588 2054 769 2099 scripturae

98 2106 262 2140 varietate
296 2106 444 2140 Criticos
471 2115 505 2140 et
535 2120 593 2140 eos
616 2107 769 2152 optimos

99 2157 267 2192 detinuit.
287 2160 328 2192 In
346 2159 426 2192 edd.
446 2160 570 2205 primis
590 2160 770 2205 legebatur

99 2212 222 2245 Parvus
244 2225 338 2257 onyx.
361 2213 445 2245 Mox
466 2214 501 2246 in
524 2212 603 2246 cod.
625 2213 769 2246 antehac

99 2264 272 2310 irreperto
291 2262 392 2303 (cod.
412 2264 627 2307 Pulmann.)‚
647 2267 770 2299 Parvus

100 2320 131 2349 in
153 2318 223 2357 ln's;
252 2316 349 2362 quod
377 2317 565 2351 Calderino
588 2319 694 2351 satius
719 2319 770 2351 vi-

100 2382 176 2403 sum
208 2378 241 2404 et
272 2371 401 2404 multos
432 2370 512 2404 edd.
540 2371 648 2404 libros
680 2372 771 2404 obtin

100 2422 202 2464 nuit,
234 2435 384 2468 quorum
412 2423 447 2456 in
478 2424 664 2469 praecipuis
690 2423 771 2457 edit.

102 2476 277 2508 Maittaire.
290 2477 382 2509 Tum
399 2476 434 2509 in
452 2477 597 2510 Gruteri
618 2477 774 2510 Palatino

102 2529 227 2562 lectum
244 2528 480 2569 Gastus‚u11de
490 2529 680 2562 Scriverius
691 2529 776 2575 opti-

103 2593 160 2614 mo
173 2595 274 2615 sensu
292 2591 394 2627 atque
407 2582 489 2615 huic
503 2582 579 2615 loco
599 2582 775 2628 aptissimo

103 2635 251 2679 conjecit
266 2635 403 2675 Gn.5m.‹;
418 2635 515 2680 quasi
527 2634 636 2669 dicut:
655 2635 773 2669 Priora

105 2687 160 2720 illu
202 2687 378 2721 dabuntur
419 2688 452 2720 in
497 2689 712 2733 promulside
742 2697 772 2721 et

825 740 953 778 gustu:
976 731 1134 777 sequitur
1156 737 1263 775 caput
1283 741 1405 770 coenae,
1427 729 1495 762 hae-

825 781 910 827 dus,
933 785 1067 825 ofellae,
1087 791 1152 817 etc.
1166 781 1260 815 Vide
1278 795 1354 828 quae
1371 781 1415 814 ad
1435 782 1492 815 lib.

825 839 871 879 V,
888 838 996 883 epigr.
1015 848 1153 870 Lxxvnl
1166 861 1176 877 ‚
1192 849 1242 869 vs,
1265 834 1297 868 3.
1322 835 1494 868 Caelerum

823 890 907 925 edit.
934 891 1078 923 Schrev.
1098 889 1150 922 illi
1174 896 1209 922 et
1235 887 1336 921 nobis
1355 895 1394 920 ut
1412 900 1495 933 pro-

825 944 915 977 xima
927 969 936 985 ,
946 943 992 977 ita
1005 955 1077 976 non
1090 942 1234 975 omnino
1244 948 1473 974 consentanea
1492 952 1501 979 ς

825 1009 906 1030 nam
924 996 1028 1029 habet
1048 995 1168 1030 Gustus
1190 997 1221 1027 in
1241 995 1310 1026 his:
1333 1006 1408 1033 una,
1433 1002 1498 1026 etc.

826 1048 931 1091 Quod
954 1049 1070 1082 nescio
1096 1061 1140 1082 an
1169 1045 1328 1080 consilio.
1358 1046 1424 1079 En.
1448 1067 1498 1071 ——

829 1103 900 1135 Una
919 1102 1039 1134 coermla
1058 1114 1174 1133 mensa.
1193 1099 1269 1133 Hoc
1288 1107 1360 1140 est,
1376 1097 1497 1132 haedus

826 1163 1039 1201 apponetur,
1053 1154 1112 1200 qui
1125 1162 1218 1188 totus
1230 1165 1298 1186 una
1314 1164 1429 1185 mensa
1441 1164 1499 1185 co·

826 1207 997 1242 medetur.

885 1266 942 1301 14.
964 1261 1152 1300 Inlzumani,
1179 1267 1244 1292 etc.
1274 1258 1388 1300 Quem
1414 1258 1499 1303 lupo

826 1314 959 1360 raptori
980 1312 1177 1346 obnoxium
1198 1324 1262 1345 nos
1276 1319 1435 1345 nostrum
1451 1310 1501 1343 fa-

826 1367 973 1408 ciemus,
992 1364 1171 1411 experturi
1192 1364 1403 1398 teneriorem
1423 1374 1431 1395 :
1451 1375 1502 1396 ra-

826 1419 957 1453 tionem
973 1417 1054 1452 vide
1073 1416 1169 1464 apud
1185 1417 1278 1451 Plut.
1295 1418 1318 1451 l.
1334 1418 1363 1458 Ι,
1378 1417 1502 1462 Symp.

827 1473 957 1515 Quaest.
983 1485 1002 1516 9
1019 1497 1028 1513 ‚
1047 1471 1096 1505 Cf.
1116 1479 1150 1504 et
1167 1470 1297 1503 Tibull.
1321 1470 1407 1515 eleg.
1423 1481 1449 1502 1.

885 1526 940 1559 15.
968 1526 1076 1569 Egeut
1105 1532 1138 1557 et
1163 1523 1259 1566 osella
1282 1521 1364 1557 cod.
1388 1522 1500 1556 Pulm.

826 1578 1060 1611 ——Structoris.
1076 1577 1142 1610 Hic
1156 1585 1337 1610 structorem
1356 1575 1506 1622 appellat

827 1631 1015 1671 Martialis,
1033 1643 1139 1676 quem
1159 1629 1323 1662 cz'bicidam
1346 1630 1502 1662 Veteres.

828 1684 960 1717 Notum
977 1683 1073 1716 enim
1089 1682 1242 1728 antiquis
1254 1681 1358 1715 fuisse
1373 1693 1503 1720 servos,

827 1738 887 1782 qui
908 1736 1097 1770 obsonium
1119 1734 1342 1777 scinderent;
1361 1734 1449 1780 quin
1471 1742 1505 1766 et

829 1789 1032 1836 magistros,
1067 1789 1129 1834 qui
1161 1787 1305 1822 obsonii
1335 1785 1503 1833 carpendi

829 1852 938 1876 artem
967 1841 1135 1876 docerent
1166 1854 1204 1874 ac
1234 1841 1506 1887 profiterentur.

827 1896 987 1929 Juvenal.
1015 1895 1084 1928 Sat.
1111 1895 1183 1934 XI,
1212 1894 1302 1936 136,
1324 1902 1506 1926 structorem

829 1949 932 1982 etiam
960 1956 1118 1982 nostrum
1145 1947 1310 1981 cihicidam
1336 1946 1507 1992 appellat,

829 2000 1126 2047 quemadmodum
1166 2009 1200 2034 et
1237 2000 1428 2040 Martialis,
1466 2007 1504 2031 ut

829 2067 972 2101 quoque
997 2055 1099 2088 Satir.
1123 2054 1170 2094 V,
1195 2066 1279 2087 120.
1307 2070 1320 2083 «ι
1349 2052 1506 2085 Structo-

828 2121 901 2140 rem
934 2108 1066 2141 interea
1097 2100 1111 2150 (
1134 2119 1179 2139 ne
1213 2119 1280 2152 qua
1314 2104 1507 2150 indignatio

829 2159 938 2201 desit)
969 2161 1158 2194 Saltantem
1189 2167 1340 2205 spectes,
1378 2166 1412 2192 et
1433 2158 1508 2191 chi-

829 2222 1037 2247 ronomunta
1060 2212 1191 2245 volanti
1213 2211 1366 2246 Cultello
1383 2228 1396 2240 »
1413 2237 1422 2251 ‚
1442 2218 1506 2243 etc.

832 2267 1023 2311 Cognoscis
1046 2279 1084 2299 ex
1108 2265 1175 2298 hoc
1197 2265 1297 2304 loco,
1322 2264 1425 2297 certis
1447 2275 1505 2308 ge-

832 2320 941 2352 stibus
961 2319 1077 2352 solitos
1099 2326 1287 2351 structores
1309 2317 1386 2350 illos
1406 2317 1508 2349 obso-

833 2373 890 2405 nia
912 2370 1081 2404 scindere.
1104 2371 1239 2403 Her-ald.
1263 2391 1314 2396 -
1331 2371 1444 2402 Immo
1475 2377 1510 2402 et

834 2424 876 2457 ad
900 2424 1128 2470 cytharistriae
1150 2432 1207 2456 aut
1231 2422 1382 2456 tibicinis
1404 2434 1508 2455 sonos

834 2490 1023 2511 numerum
1042 2476 1300 2511 servantes.E1›.
1315 2497 1365 2502 --
1380 2475 1506 2518 Ofilloe.

834 2531 963 2563 Carnes
977 2540 1057 2564 suut
1071 2539 1130 2563 aut
1150 2538 1264 2575 partes
1281 2529 1437 2562 carnium
1457 2540 1509 2561 as-

834 2592 912 2617 satae
930 2584 982 2616 vel
1003 2584 1116 2624 clixae,
1136 2582 1217 2615 dein
1238 2581 1403 2623 conditae,
1423 2594 1508 2614 con-

834 2637 928 2676 cisae,
956 2645 1062 2682 atque
1093 2636 1201 2669 instar
1227 2635 1319 2681 globi
1347 2647 1509 2668 accumu-

836 2691 929 2723 latae:
947 2690 994 2723 sic
1012 2703 1082 2723 nou
1101 2702 1190 2734 opus
1213 2697 1311 2721 estut
1336 2687 1408 2721 illas
1422 2688 1507 2720 scin-
