1978 3305
386 226 967 269 EPIGRAMMATUM
1005 227 1129 269 LIB.
1152 227 1299 269 VIII.

1448 224 1544 286 359

282 312 436 355 Nonus
463 329 543 356 acu
566 311 702 356 levius
728 314 798 356 vix
821 312 1047 356 cochleare
1069 312 1181 356 tulit.

212 381 343 437 Quod
374 383 516 425 mittat
544 383 688 438 nobis,
715 383 909 427 decimus
930 385 1018 444 jam
1044 400 1133 427 non
1156 383 1289 427 habet
1310 398 1475 437 annus3

282 453 484 508 Quatuor
505 453 560 497 ad
584 452 738 509 libras,
762 455 1063 509 postumiane,
1090 453 1194 498 redi.

141 588 296 622 Sextanti
326 597 441 623 autem
475 589 552 624 duae
585 599 813 624 numerantur

143 642 263 674 unciae.

199 706 252 727 10.
284 695 356 726 Acu
385 695 496 735 levius,
532 703 598 728 etc.
631 695 724 737 Alii,
754 708 813 728 acu

141 746 236 778 levius
257 749 300 778 mi
323 748 482 779 cochleare
503 748 614 781 Nonus
635 749 758 780 aculeos
779 751 811 780 in

140 799 298 831 cochleare
319 798 398 832 Ald.
415 800 436 832 J
440 808 512 832 unt.
537 800 652 834 Colin.
671 800 810 846 Gryph.

140 860 204 885 etc.
228 860 260 884 et
282 851 330 885 sic
350 852 386 884 In
409 851 653 886 codiceVatic.
673 854 812 898 Legunt

139 903 280 949 quidam
298 904 410 938 Nonus
428 906 582 938 aculeatos
603 909 635 938 in
653 907 812 938 cochleare

141 957 222 990 tulit.
246 957 352 998 Quod
376 970 514 991 sensum
534 959 669 992 nullum
692 959 810 993 efficit.

139 1009 227 1042 Alii:
243 1010 353 1043 Nonus
358 1011 568 1055 permodicum
585 1014 642 1044 vix
654 1013 812 1045 cochleare

140 1062 221 1095 tulit.
237 1062 312 1097 Hoc
332 1065 408 1097 loco
423 1063 563 1099 videtur
583 1064 742 1098 cochlear
757 1064 810 1098 di-

139 1115 267 1160 stingui
285 1130 305 1150 a
325 1117 426 1162 ligula
438 1142 446 1153 ,
470 1117 564 1163 quod
575 1119 643 1162 jam
659 1117 810 1151 vidimus

140 1180 242 1213 supra
253 1169 359 1215 epigr.
377 1182 490 1203 xxxnl
501 1171 597 1212 ,ubiz
616 1169 731 1212 uQuid
747 1171 810 1204 tihi

873 603 953 624 cum
972 591 1105 636 phiala,
1124 591 1265 636 ligulam
1282 604 1390 636 quum
1407 592 1545 624 mittere

871 655 1009 687 posses,
1031 643 1175 677 Mittere
1207 644 1262 677 vel
1291 656 1407 689 posses
1433 657 1544 689 quum

870 695 1051 728 cochleare
1070 696 1170 729 mihi.
1192 713 1204 725 ιι
1222 697 1329 730 —Et
1347 709 1384 730 re
1403 696 1545 742 quidem

870 760 971 788 vera,
993 749 1168 793 κοχλιοίριον
1201 745 1214 787 (
1238 761 1318 781 nam
1342 749 1546 782 Graecorum

870 813 1031 834 mensura
1064 799 1160 842 fuit)
1193 813 1272 846 pars
1305 810 1377 834 erat
1411 801 1545 836 decima

871 854 1001 887 κυάθου·
1021 853 1143 898 ligula,
1165 861 1288 899 quarta
1305 854 1421 899 cyathi
1439 867 1446 887 :
1470 867 1548 901 cya-

870 906 951 940 thus
968 915 1001 939 et
1023 907 1136 945 κύαθος
1157 906 1260 940 idem.
1284 908 1350 940 ΕΒ.

929 972 942 993 1
955 972 986 992 2.
1007 960 1166 1003 Quatuor,
1183 968 1248 993 etc.
1265 960 1386 1005 Incipe
1396 971 1515 992 rursus
1530 971 1548 992 a

871 1012 988 1057 primo
1007 1025 1119 1053 anno,
1141 1022 1174 1046 et
1195 1025 1337 1058 perage,
1359 1013 1385 1045 si
1410 1012 1521 1057 placet
1542 1038 1550 1052 ,

870 1077 985 1098 annua
1024 1078 1170 1099 munera
1202 1066 1236 1098 in
1278 1065 1459 1099 circulum.
1494 1084 1547 1090 —-

873 1118 1020 1160 Ouatuor
1045 1119 1110 1159 ad,
1139 1127 1202 1152 etc.
1221 1118 1276 1151 Sic
1304 1117 1421 1162 lepide
1450 1130 1547 1150 inen-

871 1169 963 1204 dicat
986 1171 1103 1204 Poeta.

703 1313 981 1368 LXXII.

555 1469 626 1497 AD
665 1469 886 1498 LIBRUM
927 1450 1123 1498 SUUM*

347 1594 560 1637 Nonnum
587 1594 752 1637 murice
777 1592 940 1647 cultus,
964 1609 1204 1654 asperoque

347 1664 500 1706 Morsu
525 1664 708 1724 pumicis
729 1664 837 1707 aridi
859 1663 1040 1725 politus,

351 1735 560 1778 Artanum
591 1751 800 1795 properas
829 1735 970 1795 sequi,
995 1733 1163 1789 libelle3

347 1803 488 1860 Quem
516 1803 809 1865 pulcherrima
832 1805 921 1865 jam
951 1804 1090 1848 redire
1119 1804 1289 1859 Narbo,

347 1875 477 1918 Docti
508 1875 658 1919 Narbo
689 1877 876 1920 Paterna
901 1877 1076 1919 Votieni

192 2013 206 2024 ¹
235 2014 366 2047 Artano
401 2014 603 2048 Narbonem
643 2014 808 2049 redeunti

137 2066 300 2099 comitem
319 2065 427 2100 donat
444 2068 619 2109 libellum,
637 2068 729 2101 vices
747 2081 807 2101 au-

137 2119 242 2152 ctoris
264 2119 476 2160 obeuntem,
513 2121 573 2166 qui
601 2122 704 2155 vellet
736 2121 808 2167 ipse

137 2183 209 2204 esse
225 2171 360 2206 libellus
374 2199 383 2215 ,
397 2173 431 2206 id
451 2182 500 2207 est
514 2200 523 2215 ‚
545 2186 660 2208 comes
672 2175 807 2208 Artani.

196 2237 226 2258 1.
249 2225 371 2258 Murice
388 2227 500 2260 cultus.
523 2228 574 2260 De
593 2227 807 2261 ornamentis

138 2276 309 2310 librorum
331 2278 411 2312 vide
429 2280 489 2312 lib.
505 2281 521 2312 Ι
538 2306 546 2313 .
563 2280 670 2325 epigr.
688 2292 805 2321 van,

138 2337 171 2362 et
184 2329 244 2363 lib.
259 2330 335 2371 ΙΙΙ,
351 2331 457 2376 epigr.
474 2344 517 2365 11.

193 2382 226 2416 3.
258 2383 439 2416 Archanum
466 2384 503 2417 in
532 2383 634 2417 codd.
660 2386 741 2417 Vat.
775 2393 808 2418 et

138 2435 291 2469 Florem.
308 2437 468 2469 Arcanum
485 2436 595 2470 codex
611 2437 806 2470 Pulmanni.

191 2493 225 2529 4.
258 2489 356 2533 Quem
379 2491 585 2535 pulcherrima
607 2492 675 2534 jam
707 2490 806 2522 ridere

138 2542 245 2578 codex
271 2544 472 2577 Vaticanus.
489 2565 541 2570 —-
553 2544 664 2577 Narbo
677 2570 685 2583 ,
709 2543 807 2576 aliter

139 2596 248 2629 Narbo
274 2596 429 2636 Mar-tim,
457 2606 553 2630 vetus
577 2595 697 2629 Galliae
721 2595 805 2629 civi-

138 2657 208 2690 tas,
229 2648 333 2682 hodie
354 2650 543 2689 Narbonn0;
564 2662 638 2694 quae
656 2658 727 2683 erat
749 2662 806 2682 co-

865 2014 959 2048 lonia
969 2026 1110 2047 romana
1123 2013 1166 2047 ad
1178 2013 1380 2059 reipublicae
1390 2025 1540 2047 romanae

867 2068 1051 2112 imaginem
1068 2066 1318 2100 administrata.
1336 2068 1453 2099 Romae
1468 2074 1541 2098 erat

867 2129 1026 2162 senatus,
1051 2121 1099 2154 sic
1125 2120 1161 2153 in
1189 2119 1334 2153 coloniis
1356 2128 1452 2153 erant
1477 2117 1537 2151 de-

866 2174 1043 2207 curiones.
1069 2174 1120 2206 Ex
1146 2172 1393 2206 decurionibus
1414 2170 1541 2217 juridi-

867 2225 985 2259 cundo
1015 2225 1195 2259 duumviri
1228 2226 1436 2258 creabantur
1466 2225 1536 2257 sin-

866 2279 956 2324 gulis
975 2279 1072 2312 annis
1087 2304 1095 2320 ,
1120 2278 1180 2323 qui
1201 2290 1361 2310 romanos
1381 2277 1539 2311 consules

866 2331 1171 2376 repraesentabant.
1197 2330 1288 2363 Hinc
1310 2331 1415 2364 Poeta
1437 2331 1538 2363 Arta-

866 2397 949 2417 num
960 2384 1115 2417 revocari
1125 2383 1211 2416 dicit
1224 2382 1267 2416 ad
1278 2383 1384 2427 leges,
1397 2383 1464 2416 hoc
1477 2391 1539 2423 est,

867 2436 909 2469 ad
929 2438 983 2482 jus
1006 2435 1216 2475 dicendum,
1237 2444 1270 2469 et
1292 2435 1333 2468 ad
1357 2436 1478 2476 fasces,
1499 2435 1535 2468 id

865 2498 931 2530 est,
953 2488 995 2522 ad
1018 2489 1256 2534 magistratum
1275 2488 1477 2533 gerendum.

922 2543 955 2575 5.
972 2543 1068 2575 Docti
1080 2545 1188 2586 patria
1203 2541 1313 2575 Narbo
1330 2542 1441 2574 Vatini
1455 2541 1534 2576 Ald.

866 2595 963 2628 Junt.
981 2595 1094 2629 Colin.
1113 2603 1147 2628 et
1169 2595 1309 2640 Gryph.
1334 2612 1347 2624 α
1364 2595 1536 2628 Gruterus

870 2656 903 2681 et
924 2648 1114 2682 Scriverius
1137 2647 1334 2681 docuerunt
1356 2648 1388 2680 in
1420 2648 1537 2681 melio-

1249 2716 1339 2766 23⁴
