1978 3305
492 241 580 269 112

858 224 920 267 M.
945 187 1086 268 VAL.
1125 223 1511 269 MARTIALIS

623 312 774 368 Quum
803 319 869 354 tot
894 310 984 370 jam
1008 309 1087 354 tibi
1115 308 1272 353 debeat
1298 311 1566 372 triumphos,

621 383 705 425 Tot
729 381 949 424 nascentia
975 378 1158 440 templa,
1183 389 1250 424 tot
1272 390 1445 437 renata,

621 453 705 495 Tot
729 448 996 511 spectacula,
1022 459 1088 494 tot
1115 451 1256 505 Deos,
1285 459 1348 494 'tot
1375 451 1529 507 urbes;

621 520 724 565 Plus
748 520 878 564 debet
906 520 984 564 tibi
1009 521 1174 575 Roma,
1196 520 1315 582 quod
1341 521 1500 582 pudica
1528 530 1608 565 est.

482 655 620 690 dicitur.
654 676 706 681 —-
733 655 975 700 Principumque
1001 656 1157 700 princeps.

482 711 721 742 Romanorum
751 707 845 740 enim
868 708 1077 753 Imperatori
1100 720 1160 741 ex-

483 771 634 795 terarum
652 759 809 806 gentium
826 772 924 806 reges
942 760 1072 795 tributa
1089 761 1158 794 sol-

483 815 625 848 vehant.

540 879 574 900 2.
593 866 792 911 Triumphus.
807 866 859 899 Ex
871 865 974 899 Dacis
987 878 1034 899 sc.
1050 866 1159 900 Cattis

485 929 521 953 et
539 919 715 953 Sarmatis.
735 918 813 952 Lib.
834 919 886 959 ΙΙ,
908 919 1020 964 epigr.
1039 931 1090 961 11,
1108 931 1158 952 vs.

486 976 529 1016 63
549 981 584 1006 et
601 972 665 1005 lib.
685 972 733 1013 V,
750 972 861 1017 epigr.
880 984 963 1013 nx,
982 984 1033 1005 vs.
1058 971 1092 1004 3.

541 1029 574 1059 3.
595 1026 657 1058 Tot
671 1027 842 1057 nascentia.
859 1025 928 1057 Tot
944 1036 1035 1057 nova
1049 1049 1058 1066 ,
1072 1032 1106 1058 et
1118 1025 1162 1057 ab

485 1080 624 1123 integro
646 1091 687 1111 ex
709 1076 947 1110 fundamentis
969 1085 1083 1110 erecta
1097 1103 1106 1119 ‚
1129 1084 1163 1110 et

487 1141 538 1165 tot
548 1139 666 1164 renata
678 1143 738 1163 seu
750 1130 920 1165 restituta.
932 1129 1161 1175 Sueton.cap.

490 1185 508 1218 5
523 1185 690 1229 ;Eutrop.
700 1183 849 1217 lib.VII.
860 1181 1016 1217 Cassiod.
1027 1183 1160 1216 Chron.

541 1243 572 1277 4.
590 1237 653 1270 Τοι
665 1237 765 1270 urbes.
781 1236 999 1282 Populorum
1013 1248 1099 1281 quos
1114 1235 1165 1270 vi-

1217 655 1277 689 cit.
1292 676 1344 681 —
1364 656 1429 688 Tot
1443 656 1631 700 spectacula.
1649 654 1744 689 Suet.
1762 667 1839 701 cap.
1855 659 1889 695 4.

1218 706 1304 741 Vid.
1324 715 1359 741 et
1375 708 1437 742 lib.
1456 709 1502 750 V,
1520 708 1628 754 epigr.
1657 721 1728 742 xtx.
1753 729 1804 735 —
1830 708 1895 741 Tot

1219 761 1306 801 deos,
1322 769 1389 795 etc.
1404 761 1523 795 Novos
1533 760 1635 803 deos,
1650 762 1804 807 seipsum
1814 787 1824 803 ‚
1836 772 1895 806 pa·

1218 822 1308 847 trem
1324 837 1334 855 ‚
1354 814 1498 847 fratrem
1515 823 1550 847 et
1563 815 1584 847 J
1587 814 1693 847 uliam
1706 841 1716 855 ‚
1734 826 1814 847 cum
1836 825 1894 846 an-

1218 865 1338 912 tiquis,
1350 867 1438 900 Jove
1447 865 1615 910 Custode,
1625 867 1778 900 Hercule
1787 891 1796 908 ‚
1807 866 1895 898 For-

1220 927 1304 953 tuna
1320 918 1462 953 Reduce
1473 945 1482 961 ,
1499 920 1589 952 Jano
1601 946 1610 960 ,
1625 928 1689 953 etc.
1713 918 1894 964 Xiphilin.

1221 981 1256 1006 et
1265 972 1407 1005 Sueton.
1417 970 1500 1006 Vid.
1513 972 1577 1006 lib.
1591 980 1626 1005 et
1639 972 1747 1018 epigr.
1759 970 1896 1005 iisdem.

1277 1023 1310 1058 5.
1334 1025 1413 1058 Plus
1434 1024 1536 1058 debet.
1562 1026 1744 1059 Revocatis
1762 1024 1898 1069 legibus

1222 1089 1301 1123 quae
1316 1077 1572 1123 impudicitiam
1587 1085 1805 1117 coercerent,
1819 1076 1899 1122 plus

1221 1130 1366 1163 meritus
1383 1142 1418 1164 es
1432 1129 1476 1163 de
1492 1131 1581 1164 urbe
1599 1131 1723 1164 Roma.
1744 1129 1839 1163 Suet.
1862 1128 1899 1162 in

1223 1183 1355 1216 Domit.
1378 1195 1452 1229 cap.
1478 1196 1498 1228 7
1523 1191 1557 1216 et
1579 1184 1618 1225 8,
1638 1183 1713 1216 illas
1732 1183 1824 1228 leges
1844 1194 1899 1215 re-

1224 1245 1352 1270 censet.
1370 1235 1465 1270 Vide
1480 1236 1591 1282 epigr.
1609 1248 1641 1270 11
1659 1248 1775 1282 supra.

1155 1371 1226 1431 V.

958 1528 1026 1556 ΑΙ)
1064 1527 1430 1557 CAECILIANUM.

562 1657 771 1699 RUSTICA
798 1660 1016 1696 mercatus
1039 1650 1186 1696 multis
1212 1667 1309 1696 sum
1334 1651 1498 1713 praedia
1523 1654 1733 1700 numinis:

631 1727 789 1768 Mutua
819 1722 895 1766 des
924 1731 1124 1778 centum,
1153 1721 1409 1778 Caeciliano,
1435 1739 1556 1784 rogo.

562 1795 632 1839 Nil
663 1794 771 1838 mihi
799 1792 1063 1855 respondes?
1086 1793 1267 1837 tacitum
1293 1803 1335 1837 te
1355 1792 1522 1848 dicere,
1546 1793 1701 1849 credo,

631 1866 736 1911 Non
761 1863 916 1909 reddes
938 1881 947 1907 ε
973 1863 1094 1919 ideo,
1119 1862 1370 1920 Caeciliane,
1396 1880 1517 1925 rogo.

548 2021 579 2042 1.
602 2008 732 2041 Rustica
762 2012 915 2038 mercatus
940 2006 1072 2036 nummis
1100 2017 1166 2036 sum

487 2062 613 2108 prrrclia
650 2060 754 2092 mullis
790 2056 870 2091 Ald.
907 2058 1010 2091 Junt.
1052 2057 1167 2091 Colin.

491 2114 632 2160 Gryph.
646 2113 808 2146 Pulmau.
821 2110 964 2144 Junian.
979 2111 1089 2155 Lang.
1103 2118 1167 2144 etc.

492 2170 662 2202 Nostrum
684 2163 847 2198 ordinem
869 2171 1007 2197 servant
1027 2163 1166 2197 Gruter.

491 2221 601 2255 Sci-iv.
627 2218 775 2252 Farnab.
803 2217 980 2251 Sehrevel.
1015 2216 1167 2256 Barbou,

493 2284 556 2309 etc.
583 2295 634 2300 --
660 2273 790 2305 Rustica
815 2270 951 2316 pra’dia.
980 2267 1077 2310 Quid
1101 2269 1171 2303 sint

493 2325 622 2373 praedia
641 2324 769 2358 rustica
789 2332 823 2357 ct
842 2324 974 2356 urbana
995 2321 1169 2363 diximus,

492 2381 557 2414 lib.
580 2380 655 2419 111,
673 2378 784 2423 epigr.
807 2389 886 2410 xxv.
908 2377 974 2409 En.

552 2446 583 2466 2.
605 2433 668 2464 Des
685 2439 817 2464 cvutmn.
835 2429 946 2463 Millia
969 2429 1100 2463 scilicet
1121 2441 1172 2462 se-

495 2486 676 2526 <tea-tinum
698 2483 827 2516 scilicet
855 2483 983 2523 15,··oo
1006 2481 1174 2516 francicas

495 2540 610 2572 libras.

551 2592 584 2625 3.
603 2590 660 2623 Nil
670 2590 743 2622 milai
755 2589 931 2634 respondes,
946 2591 1042 2621 Iucito
1053 2596 1094 2627 tr,
1108 2596 1171 2622 etc.

496 2642 701 2680 Beverlnndi
725 2641 799 2675 MS.
824 2642 882 2675 Nil
900 2642 976 2674 milui
994 2641 1172 2686 reslnmdes,

1230 2005 1372 2044 tacitum,
1397 2012 1461 2038 etc.
1483 2004 1556 2038 sine
1575 2003 1850 2050 interrogatione
1869 2004 1904 2037 in

1228 2055 1309 2090 edd.
1329 2064 1412 2090 vett.
1423 2078 1474 2083 —
1488 2057 1550 2091 Nil
1563 2058 1641 2090 mihi
1656 2056 1818 2102 respondes
1826 2061 1845 2089 Ρ
1864 2055 1905 2090 Id

1230 2117 1302 2151 est,
1330 2109 1432 2143 tacite
1460 2122 1563 2155 negas
1586 2122 1594 2143 ε
1618 2123 1697 2143 nam
1725 2110 1904 2143 silentium

1231 2172 1331 2197 tuum
1346 2163 1491 2197 honesta
1507 2162 1692 2209 denegatio
1711 2171 1773 2196 est.
1786 2163 1907 2195 -Τα-

1230 2218 1323 2249 cilum
1338 2243 1346 2256 ,
1370 2224 1434 2249 etc.
1455 2215 1621 2249 Tacendo
1641 2214 1771 2249 videris
1790 2214 1907 2250 dicere

1232 2281 1287 2302 me
1306 2281 1376 2302 uon
1396 2267 1632 2302 redditurum.

1288 2327 1321 2362 4.
1341 2322 1417 2355 Ideo
1435 2335 1524 2366 rogo.
1544 2321 1579 2355 Si
1597 2321 1689 2355 onim
1707 2333 1816 2355 essem
1832 2320 1908 2355 red-

1233 2374 1393 2416 diturus,
1419 2388 1491 2408 non
1517 2387 1696 2421 rogarem,
1726 2374 1807 2420 quia
1835 2386 1908 2407 non

1232 2428 1336 2474 gratis
1350 2427 1448 2461 dares
1458 2440 1468 2469 3
1481 2427 1540 2461 sed
1552 2440 1728 2474 poscerem
1740 2453 1748 2469 ,
1759 2438 1823 2461 nec
1834 2439 1909 2472 pre—

1234 2481 1335 2514 cibus
1358 2490 1488 2515 uterer.
1519 2479 1675 2514 Mendici
1703 2489 1825 2526 rogant
1847 2481 1909 2513 sti·

1234 2547 1313 2580 pem
1323 2559 1333 2573 .,
1347 2543 1469 2580 rogant
1482 2534 1541 2579 qni
1551 2533 1683 2567 donum
1696 2541 1831 2578 petunt.
1841 2533 1907 2566 En.

1235 2608 1286 2614 —-
1299 2588 1372 2621 Ideo
1383 2615 1391 2627 ,
1407 2596 1472 2621 otc.
1489 2588 1536 2621 Ut
1551 2599 1622 2619 non
1638 2584 1782 2619 reddam
1798 2610 1808 2628 ‚
1823 2598 1908 2631 rogo

1236 2640 1340 2685 gratis
1363 2648 1396 2674 ct
1413 2640 1508 2673 douo
1525 2666 1535 2679 ,
1551 2652 1621 2672 nou
1641 2648 1775 2673 mutuo.
