1978 3305
490 223 586 286 376

859 225 920 266 M.
948 224 1088 266 VAL.
1128 223 1515 266 MARTIALIS

554 309 759 371 Splendet
786 310 1022 370 Erythraeis
1051 308 1264 370 pellucida
1288 309 1459 354 moecha
1489 309 1667 369 lapillis;

621 381 811 424 Ducitur
839 379 1060 434 addictus,
1090 389 1132 424 te
1163 379 1387 435 futuente,
1411 377 1556 423 cliens.

556 453 670 493 Octo
699 451 817 510 Syris
842 449 1021 493 suffulta
1046 449 1174 493 datur
1203 449 1355 494 lectica
1383 447 1564 510 puellae3

625 519 805 563 Nudum
829 519 1062 581 sandapilae
1086 520 1258 581 pondus
1283 521 1449 564 amicus
1473 520 1570 564 erit.

556 593 575 633 l
604 606 720 634 nunc
735 625 746 646 ⁷
769 601 812 634 et
836 591 1016 634 miseros
1032 626 1043 646 ,
1071 589 1258 651 Cybele,
1286 589 1472 651 praecide
1501 588 1717 643 cinaed053

624 662 729 704 Haec
756 670 870 717 erat,
895 661 988 706 haec
1017 660 1166 705 cultris
1191 659 1383 705 mentula
1404 660 1535 720 digna
1557 659 1654 703 tuis.

538 812 573 843 9.
588 799 779 844 Erythraeis.
797 799 927 840 Lib.V‚
947 810 1003 844 ep.
1022 811 1156 832 xxxvu.

540 863 591 885 ιο.
605 852 750 885 Ducitur.
768 853 810 884 In
822 863 994 885 carcerem
1006 852 1060 884 vel
1070 850 1159 885 aedes

486 903 669 938 creditoris
679 931 688 946 ‚
701 905 758 937 cui
771 917 788 937 a
806 904 958 937 Praetore
972 903 1158 944 addicitur,

484 970 550 990 aere
578 958 736 990 obrutus.
759 978 812 983 --
834 957 1045 990 Obscoenum
1074 955 1160 1001 quid

484 1008 719 1055 (voluptatem
733 1022 862 1054 nempe
884 1009 1104 1042 umbratilem
1127 1017 1160 1042 et

484 1071 618 1096 curtam
639 1081 651 1093 α
665 1063 730 1095 viri
749 1062 894 1094 muliere
913 1060 1102 1101 carentis»)
1122 1062 1158 1094 in

483 1121 529 1161 τῷ
550 1116 676 1148 ducitur
692 1128 754 1159 ego
776 1113 997 1147 crediderim.
1012 1115 1079 1147 En.

541 1181 554 1201 1
568 1180 581 1201 1
591 1194 598 1201 .
610 1168 709 1214 Syris.
723 1168 810 1208 Quae
823 1167 956 1201 scilicet
969 1167 1160 1201 illustrium

483 1221 695 1254 feminarum
715 1221 854 1261 aemula,
873 1221 1086 1266 «longorum
1104 1232 1159 1253 ve·

484 1274 580 1306 hitur
600 1274 737 1307 cervice
749 1274 931 1318 Syrorum.
947 1291 959 1303 n
979 1271 1081 1313 (Juv.
1095 1282 1156 1307 sat.

484 1339 520 1359 vx
530 1353 538 1367 ,
548 1339 597 1359 vs.
612 1320 713 1369 350.)
725 1326 908 1360 Lecticarii
920 1335 1034 1360 autem
1047 1326 1159 1359 homi-

484 1392 543 1412 ues
562 1387 659 1412 erant
677 1379 772 1424 longi
787 1388 820 1412 et
838 1379 975 1424 proceri
990 1392 1008 1412 e
1020 1380 1157 1412 Dalma-

484 1433 530 1465 tia
544 1432 729 1478 saepissime
743 1440 805 1465 aut
820 1432 932 1478 Syria.
950 1433 994 1466 Et
1007 1441 1159 1478 quatuor

1219 799 1323 844 vulgo
1334 799 1490 831 lecticam
1501 797 1738 838 sustinebant3
1750 804 1783 829 at
1793 794 1893 829 iden-

1219 851 1326 884 tidem
1338 878 1347 893 ,
1357 852 1384 884 si
1395 851 1468 884 haec
1481 849 1758 896 splendidissima
1771 857 1804 882 et
1817 861 1893 895 gra-

1219 905 1312 945 vior,
1322 916 1379 937 sex
1390 929 1398 944 ‚
1412 904 1520 935 immo
1531 911 1609 936 octo
1621 902 1893 948 bajulinecessa-

1218 957 1279 997 rii,
1287 965 1320 990 et
1331 955 1412 989 inde
1422 956 1554 989 lecticae
1564 968 1693 988 nomen
1700 955 1895 1000 Tetrapho-

1218 1021 1293 1050 ros,
1311 1009 1540 1054 Hexaphoros
1559 1016 1617 1041 aut
1633 1007 1866 1052 Octophoros.

1278 1074 1290 1094 1
1303 1075 1335 1094 2.
1350 1062 1498 1095 Nondum
1511 1061 1688 1106 sandapilae
1701 1059 1780 1093 Ald.
1794 1060 1894 1094 Junt.

1223 1114 1343 1148 Colin.
1368 1114 1507 1159 Gryph.
1534 1114 1642 1158 Lang.
1670 1121 1736 1146 etc.
1766 1113 1895 1146 Nudum

1219 1167 1396 1212 sandapilae
1420 1168 1455 1200 in
1479 1165 1600 1200 codice
1624 1166 1819 1199 Pulmanni.
1843 1186 1896 1192 ·——

1218 1221 1423 1265 Sundapt'loe,
1445 1228 1509 1253 etc.
1530 1219 1608 1252 Lib.
1630 1220 1685 1260 II,
1701 1232 1754 1264 ep.
1777 1230 1892 1252 Lxxxr.

1276 1278 1330 1306 13.
1361 1273 1478 1313 Nunc,
1508 1281 1575 1307 etc.
1603 1272 1724 1305 Castra
1752 1272 1896 1305 miseros

1218 1325 1371 1359 cinaedos
1386 1351 1394 1367 ,
1424 1333 1462 1359 ut
1492 1325 1555 1358 tibi
1589 1325 1658 1358 sint
1686 1323 1895 1358 sacerdotes.

1217 1379 1366 1412 Ironice.
1383 1379 1500 1411 Immo
1520 1379 1659 1423 Lupum
1679 1377 1797 1422 potius
1809 1402 1819 1419 ,
1835 1377 1894 1422 qui

1219 1433 1347 1465 amicos
1369 1431 1507 1477 inguini
1529 1431 1725 1477 posthabet.

1132 1568 1238 1624 IV.

935 1730 1002 1758 AD
1044 1708 1451 1758 Don11T1ANUM.*

555 1860 803 1914 QUANTUM
821 1856 911 1915 jam
935 1857 1138 1915 Superis,
1161 1857 1327 1909 Caesar,
1351 1854 1543 1914 caeloque
1567 1853 1746 1906 dedisti,

624 1928 668 1970 Si
700 1935 893 1987 repetas,
924 1935 968 1969 et
996 1927 1031 1968 si
1061 1925 1252 1970 creditor
1277 1942 1369 1970 esse
1401 1924 1536 1968 velis:

556 1997 745 2041 Grandis
768 1998 810 2040 in
838 1996 1028 2040 aethereo
1057 1996 1159 2040 licet
1186 1998 1330 2040 auctio
1360 1996 1435 2039 fiat
1467 1994 1679 2056 Olympo,

625 2070 938 2128 Coganturque
969 2068 1051 2110 Dei
1079 2066 1267 2110 vendere
1297 2065 1508 2127 quidquid
1539 2065 1728 2130 habeut;

555 2137 850 2182 Conturbabit
875 2136 1018 2191 Atlas,
1043 2147 1086 2181 et
1112 2154 1200 2181 non
1229 2139 1311 2180 erit
1344 2138 1471 2180 uncia
1502 2145 1632 2188 totam,

537 2275 552 2288 ¹*
569 2279 717 2312 Mirifice
728 2278 819 2311 tollit
831 2291 938 2324 opera
950 2278 1140 2311 Domitiani
1152 2305 1159 2315 ,

486 2333 641 2378 dicitque
666 2345 729 2365 uec
751 2333 897 2370 Jovem,
925 2344 990 2365 nec
1010 2332 1161 2376 Superos

484 2399 604 2419 omnes
632 2384 799 2419 solvendo
821 2397 919 2429 pares
947 2384 1103 2425 futuros,
1134 2385 1162 2417 si

486 2439 628 2471 nomina
653 2438 695 2471 ab
715 2438 783 2470 illis
804 2438 919 2471 Caesar
940 2437 1064 2482 exigat.

540 2492 572 2524 3.
597 2492 725 2524 Auctio.
746 2491 834 2532 Quae
852 2490 995 2535 publica
1014 2498 1064 2523 est
1082 2503 1161 2523 veu-

486 2544 574 2577 ditio
589 2570 597 2583 ‚
619 2545 652 2576 iu
672 2557 739 2589 qua
759 2543 910 2589 pretium
933 2543 976 2576 ab
994 2543 1161 2589 emptori-

488 2599 550 2629 bus
568 2598 723 2630 certatim
745 2605 889 2641 augetur
910 2609 917 2629 2
941 2596 1007 2629 boc
1031 2604 1097 2636 est,
1118 2596 1159 2628 li-

485 2658 537 2682 cot
549 2649 653 2683 hasim
663 2649 894 2694 subjiciantur
904 2650 995 2682 bona
1005 2650 1157 2682 Deorum

1222 2287 1255 2311 et
1278 2279 1450 2318 Dearum,
1469 2287 1502 2310 et
1522 2277 1570 2310 sic
1591 2276 1731 2322 public»³
1751 2274 1901 2309 vendan-

1223 2340 1306 2371 tur,
1332 2331 1480 2376 pecunia
1507 2339 1621 2363 tamen
1650 2328 1732 2363 iude
1758 2329 1902 2362 collecta

1221 2397 1293 2416 nou
1321 2383 1454 2417 sufficit
1479 2391 1517 2416 ut
1548 2391 1580 2416 te
1606 2380 1902 2430 creditoremvdi-

1223 2437 1375 2470 mittant.

1279 2490 1310 2523 5.
1337 2489 1547 2522 Conturbabit
1567 2489 1674 2521 Atlas.
1699 2488 1818 2525 Atlas,
1839 2488 1900 2532 qui

1220 2543 1343 2576 caelum
1366 2542 1522 2575 humeris
1547 2549 1679 2586 gestat,
1704 2539 1901 2586 proscribet

1221 2595 1341 2628 melum
1357 2621 1365 2634 ,
1387 2607 1450 2627 uec
1481 2595 1617 2627 unciam
1642 2606 1701 2626 seu
1729 2591 1901 2626 duodeci-

1222 2661 1312 2681 mam
1339 2647 1538 2681 debitorum
1570 2654 1703 2692 partem
1730 2646 1900 2690 colliget:
