1978 3305
429 254 527 310 342

802 254 864 296 M.
888 253 1030 296 VAL.
1065 253 1462 296 MARTIALIS

568 339 767 385 Creverit
791 348 834 382 et
856 338 996 398 major
1021 355 1123 382 cum
1151 338 1262 383 duce
1283 339 1428 382 Roma
1448 354 1552 393 suo,

496 411 728 471 Ingenium
755 409 865 454 sacri
890 409 1062 453 miraris
1086 408 1235 453 abesse
1258 409 1479 465 Maronis,

570 481 664 524 Nec
689 495 952 540 quemquam
979 488 1099 523 tanta
1124 478 1237 523 bella
1259 495 1416 523 sonare
1438 478 1558 522 tuba.

495 551 592 594 Sint
618 551 906 606 Maecenates,
932 566 1022 593 non
1051 549 1260 604 deerunt,
1286 549 1466 605 Flacce,
1489 550 1720 605 Marones,

563 619 882 681 Virgiliumque
908 620 985 664 tibi
1011 619 1080 664 vel
1102 630 1178 665 tua
1203 636 1307 664 rura
1332 619 1514 663 dabunt.

493 693 654 751 Jugera
678 690 927 752 perdiderat
950 691 1117 735 miserae
1140 691 1283 736 vicina
1304 692 1534 735 Cremonae
1549 725 1561 743 ‚

563 760 715 805 Flebat
743 771 788 805 et
815 761 1026 805 abductas
1056 763 1232 822 Tityrus
1258 778 1372 822 aeger
1397 776 1512 805 oves.

494 831 604 876 Risit
630 833 797 876 Tuscus
824 848 979 893 eques,
1003 841 1393 893 paupertatemque
1423 829 1657 892 malignam

565 901 799 963 Reppulit,
823 911 866 946 et
890 901 1018 946 celeri
1037 902 1166 962 jussit
1187 902 1306 946 abire
1331 901 1464 963 fuga:

501 973 655 1034 Accipe
685 972 879 1028 divitias,
910 982 953 1016 et
977 982 1128 1017 vatum
1160 973 1375 1016 maximus
1407 981 1524 1028 est03

562 1045 628 1086 Tu
658 1041 758 1087 licet
780 1053 824 1087 et
845 1052 1071 1098 nostrum,
1095 1041 1229 1097 dixit,
1253 1041 1410 1086 Alexin
1435 1057 1567 1086 ames.

425 1197 591 1231 miserant
613 1197 748 1239 Poetae,
769 1205 804 1230 et
825 1197 931 1230 Poeta
952 1196 1104 1231 vicissim

424 1262 576 1283 carmen.
586 1250 622 1283 Si
634 1250 698 1291 vis,
708 1249 840 1295 inquit,
855 1262 873 1282 a
887 1262 943 1283 nie
954 1249 1105 1291 laudari,

423 1302 467 1336 da
483 1314 630 1336 munera
646 1303 844 1336 Maecenatis
854 1329 863 1345 ,
879 1311 914 1336 et
927 1315 988 1336 ero
1003 1311 1083 1336 tuus
1095 1329 1104 1344 ‚

424 1355 451 1389 si
465 1367 536 1389 non
549 1355 718 1401 Virgilius
729 1382 739 1397 ‚
751 1364 846 1389 certe
855 1356 1002 1390 Marsus.
1018 1356 1102 1390 Rad.

424 1430 476 1434 -—
498 1409 604 1453 Quum
625 1409 726 1442 cedat.
750 1409 822 1451 Qui
840 1408 900 1451 fit,
920 1417 960 1442 ut
981 1417 1104 1442 nostro

424 1473 498 1494 aevo
513 1487 523 1503 ‚
552 1474 624 1508 quo
653 1462 804 1495 maxime
834 1462 937 1496 floret
966 1463 1077 1496 Roma
1092 1487 1102 1503 ‚

424 1515 513 1548 nulli
533 1514 683 1549 floreant
701 1515 821 1549 vates?

482 1581 515 1601 2.
538 1567 617 1601 Cum
638 1568 716 1601 duce
736 1569 838 1602 Roma
861 1581 928 1602 suo.
957 1567 1105 1602 Meliore

424 1620 490 1653 sub
515 1621 675 1667 principe
696 1621 900 1655 Domitiano
921 1621 1105 1666 pulchrior

424 1674 582 1707 evaserit.
616 1675 693 1707 Lib.
714 1675 761 1716 V,
792 1675 902 1721 epigr.
933 1686 994 1708 >ux
1010 1702 1019 1717 ‚
1053 1674 1072 1708 5
1096 1686 1105 1708 :

430 1743 443 1756 α
459 1726 647 1760 Pulchrior
661 1736 695 1760 et
713 1730 824 1772 major
844 1740 915 1773 quo
935 1728 1000 1761 sub
1016 1726 1105 1761 duce

429 1780 555 1813 Martia
573 1780 706 1814 Roma?
723 1798 736 1810 n

480 1831 514 1865 3.
528 1833 641 1866 Deesse
653 1833 798 1866 ,Maronis
810 1832 1019 1867 Beverlandi
1031 1832 1105 1867 MS.

480 1890 515 1926 [4.
539 1887 570 1919 T
568 1894 645 1918 anta
661 1886 747 1920 tuba.
763 1886 863 1932 Stylo
881 1895 950 1920 tam
961 1885 1106 1920 heroico

427 1946 460 1972 et
481 1938 634 1973 sublimi.

482 1991 517 2025 5.
536 1992 630 2025 Bella
650 2004 761 2024 sonare
782 1992 818 2025 in
840 1992 1004 2025 omnibus
1020 1991 1103 2027 edd.

428 2044 547 2079 Heius.
559 2043 602 2078 ad
615 2045 742 2090 Paneg.
760 2045 796 2078 in
812 2045 917 2078 Proh.
930 2053 964 2079 et
979 2045 1104 2090 Olybr.

426 2098 533 2132 Cous.
546 2111 596 2131 vs.
613 2100 678 2132 208
692 2097 880 2144 legendum
891 2106 1010 2143 putat:
1023 2099 1105 2130 bella

427 2160 545 2184 sonare.
567 2150 660 2184 Vide
682 2149 725 2184 ad
752 2151 865 2197 epigg.
890 2163 935 2184 111
956 2159 991 2184 et
1009 2163 1104 2185 xxxix

426 2203 529 2249 liujus
539 2204 632 2237 libri.
645 2204 700 2238 Sic
710 2205 802 2250 conj.
816 2212 850 2237 et
860 2205 942 2237 Ant.
955 2204 993 2236 de
1002 2204 1104 2250 Roqr.

430 2256 519 2290 Vide
542 2257 646 2291 ctiam
668 2257 751 2291 Stat.
774 2257 870 2303 Sylv.
894 2257 947 2298 ΙΙ,
968 2269 1011 2302 7,
1032 2259 1103 2299 66;

429 2310 546 2343 Burin.
568 2309 611 2343 ad
633 2309 738 2343 Ovid.
759 2310 866 2344 Trist.
885 2311 941 2350 II,
964 2310 1105 2354 529.—

425 2362 496 2395 Sint
510 2364 709 2396 Mser-enatos.
722 2363 793 2405 Qui
803 2363 1009 2396 muneribus
1022 2375 1105 2409 poe-

426 2423 475 2449 tas
494 2417 646 2450 afficiant
658 2442 668 2457 ‚
685 2414 780 2462 quod
795 2428 899 2462 quain
914 2416 1106 2449 liberaliter

424 2469 575 2502 actitarit
598 2471 636 2503 C.
662 2469 797 2503 Cilnius
820 2469 1010 2508 Maecenas,
1040 2482 1104 2502 no-

424 2521 593 2554 tissimum
616 2531 678 2557 cst.

481 2587 515 2619 7.
533 2575 764 2617 .l11g‹·1·‹1.Vid‹²
780 2575 918 2621 Virgilii
935 2575 1068 2621 eclogas
1089 2576 1103 2608 l

426 2636 457 2659 vt
475 2629 535 2661 lx.
554 2629 726 2661 Cremona
743 2629 841 2661 Bruti
857 2637 889 2661 et
903 2629 1008 2662 Cassii
1024 2641 1104 2674 par-

427 2690 475 2713 tes
489 2690 606 2715 secuta
627 2683 797 2715 veterani<
818 2682 962 2726 Augusti
983 2681 1102 2714 militi-

1163 1197 1228 1230 bus
1250 1195 1386 1242 praemii
1411 1197 1491 1230 loco
1518 1196 1685 1231 attributa
1711 1195 1845 1238 fuerat3

1162 1249 1292 1295 quibus
1313 1262 1424 1295 quum
1444 1262 1517 1283 non
1536 1249 1735 1289 sufficeret,
1757 1249 1844 1282 vici-

1163 1315 1250 1336 num
1275 1315 1397 1348 agrum
1428 1303 1660 1337 Mantuanum
1675 1329 1684 1343 ,
1702 1301 1844 1348 Virgilii

1163 1356 1313 1402 patriam
1325 1382 1335 1398 ,
1353 1356 1516 1402 assignari
1534 1355 1637 1401 jussit
1654 1356 1844 1401 Augustus.

1163 1410 1286 1454 Itaque
1310 1422 1373 1442 suo
1398 1408 1510 1443 fundo
1535 1408 1704 1454 spoliatus
1723 1407 1845 1454 Virgi-

1162 1462 1230 1495 lius
1247 1463 1393 1495 Romam
1409 1462 1531 1508 petiit3
1548 1461 1612 1495 ubi
1629 1469 1775 1508 propter
1790 1461 1844 1494 in-

1161 1515 1305 1560 genium
1327 1527 1426 1549 carus
1446 1515 1651 1556 Maecenati,
1672 1526 1744 1548 non
1765 1522 1844 1548 tan·

1164 1575 1241 1601 tum
1251 1568 1505 1613 possessionem
1519 1580 1616 1601 suam
1629 1566 1845 1614 impetravit,

1163 1619 1226 1654 sed
1251 1629 1285 1655 et
1311 1633 1456 1655 munera
1485 1621 1697 1668 amplissima
1723 1631 1845 1654 conse·

1163 1682 1266 1708 cutus
1288 1682 1351 1708 est.

1219 1739 1253 1771 9.
1274 1728 1393 1760 Tuscus
1411 1739 1512 1773 eques.
1532 1727 1701 1760 Maecenas
1716 1737 1845 1772 nempe

1163 1778 1300 1813 ordinis
1316 1780 1485 1826 equestris
1501 1793 1520 1813 a
1532 1780 1672 1826 regibus
1690 1779 1844 1813 Etruscis

1163 1832 1355 1870 oriundus,
1376 1841 1415 1867 ut
1434 1841 1470 1867 et
1479 1833 1682 1879 Propertius
1698 1832 1757 1866 lib.
1770 1833 1842 1865 111:

1169 1903 1182 1915 ε
1205 1886 1379 1920 Maecenas
1412 1899 1503 1933 eques
1535 1894 1657 1919 etr-mco
1686 1884 1730 1918 de
1765 1897 1845 1918 san-

1162 1939 1270 1984 guine
1287 1952 1422 1986 regum.
1435 1957 1449 1970 n
1468 1948 1502 1973 et
1515 1939 1680 1974 Horatius
1692 1938 1753 1972 lib.
1767 1937 1823 1971 111
1834 1963 1843 1979 ,

1164 1991 1223 2025 od.
1243 2005 1303 2026 xvx
1321 2005 1329 2026 z
1354 2010 1368 2023 ι
1381 1993 1574 2027 Perborrui
1598 1993 1683 2026 Late
1703 1991 1844 2036 conspi-

1163 2057 1269 2078 cuum
1298 2045 1419 2079 tollere
1452 2046 1618 2079 verticem
1631 2071 1640 2087 ,
1674 2045 1843 2078 Maecenas

1163 2101 1299 2144 equitum
1317 2097 1421 2132 decus
1439 2115 1452 2127 ι
1469 2125 1478 2139 ,
1495 2106 1529 2131 et
1548 2098 1686 2144 passim.
1704 2097 1772 2130 En.
1791 2118 1843 2122 —

1164 2150 1220 2184 Cf.
1242 2159 1275 2184 et
1294 2151 1422 2185 Noster
1441 2151 1502 2184 lib.
1523 2151 1613 2192 XII,
1635 2150 1744 2196 epigr.
1765 2162 1814 2183 iv.

1222 2216 1235 2237 1
1250 2215 1278 2237 1.
1299 2203 1365 2237 Sed
1380 2213 1489 2236 vatum
1509 2202 1619 2237 codex
1639 2202 1841 2237 Pulmanni.

1223 2269 1276 2289 ια.
1302 2258 1350 2290 Et
1375 2266 1512 2290 nostrum
1535 2257 1667 2290 .=1le.cin.
1695 2255 1843 2289 Notissi-

1164 2322 1260 2343 mum
1269 2322 1309 2343 ex
1318 2311 1429 2356 eclog.
1443 2323 1486 2350 n,
1498 2322 1565 2355 qua
1574 2322 1727 2343 amorem
1740 2321 1843 2342 suum

1165 2371 1198 2396 et
1215 2363 1308 2396 illius
1323 2361 1628 2409 pulchritudinem
1642 2363 1742 2396 Maro
1754 2361 1842 2396 ceci-

1164 2417 1231 2458 nit,
1241 2418 1381 2462 etcujus
1391 2415 1426 2450 id
1439 2416 1596 2449 initium:
1612 2433 1624 2445 ··
1634 2415 1841 2449 Formosum

1163 2477 1282 2515 pastor
1309 2468 1476 2515 Corydon
1499 2467 1640 2502 ardebat
1660 2467 1801 2507 Alexin,
1823 2484 1835 2496 ι

1165 2531 1230 2556 etc.
1262 2523 1435 2556 Caeteruin
1470 2522 1567 2555 hunc
1600 2521 1722 2554 Alexin
1767 2533 1837 2553 non

1165 2575 1380 2616 Maecenatis,
1399 2574 1459 2609 sed
1495 2574 1661 2608 Pollionis
1688 2586 1837 2619 puerum

1165 2629 1267 2662 fuisse
1287 2630 1460 2662 affirmant
1482 2627 1669 2673 Apuleius,
1695 2626 1837 2672 Apollo-

1165 2683 1242 2715 nius
1265 2682 1354 2715 libro
1378 2683 1410 2720 l,
1431 2689 1462 2714 ct
1493 2682 1658 2714 Donatus.
1693 2681 1743 2713 De
1772 2678 1836 2712 hm-
