1978 3305
331 234 911 277 EPIGRAMMATUM
949 235 1072 277 LIB.
1099 235 1215 276 VII.

1380 233 1465 278 26·

150 320 240 364 'Nec
270 320 562 381 dispensator,
589 337 669 366 nec
693 320 860 365 villicus
890 320 1033 365 ulcere
1064 322 1203 381 turpi,

217 391 310 434 Nec
341 390 504 451 rigidus
534 391 696 446 fossor,
724 392 798 435 sed
828 408 907 435 nee
937 401 1082 435 arator
1111 401 1220 451 eget.

148 460 297 516 Quum
324 461 409 504 sint
437 460 559 505 ficosi
586 463 747 522 pariter
771 462 1038 522 juvenesque
1064 477 1295 522 senesque‚

217 531 303 574 Res
329 532 437 574 mira
462 541 548 585 est,
573 532 677 577 ficos
699 549 786 576 non
813 532 944 575 habet
966 548 1078 576 unus
1101 547 1214 591 ager.

131 670 163 701 6.
186 669 218 701 F
218 670 280 701 icos
296 682 356 702 non
371 670 473 703 habet.
492 668 602 702 Ludit
616 669 653 702 in
671 681 745 702 am·

78 720 178 765 bigua
204 721 455 767 significatione
472 720 534 766 fici
552 736 564 754 :
580 721 650 755 hoc
673 730 745 762 est,

77 774 168 807 solus
200 786 278 818 ager
310 787 379 807 non
410 774 514 808 habet
546 774 629 807 ficos
647 801 655 815 ‚
692 774 744 807 vel

805 670 910 710 ficus,
932 681 1033 714 poma
1055 682 1181 715 nempe
1194 683 1204 712 ;
1218 670 1271 705 Cf.
1289 672 1416 705 Catulli
1429 672 1476 704 le-

805 720 927 766 pidum
945 722 1053 766 epigr.
1068 734 1139 767 quo
1159 723 1206 756 sic
1229 725 1264 756 in
1283 724 1478 769 ambiguam

806 787 924 807 vocem
940 775 1043 807 hircus
1059 773 1159 808 ludit.

639 909 911 965 LXXII.

572 1067 643 1093 Al)
693 1065 980 1093 PAULLUM.

285 1194 478 1236 GRATUS
505 1192 565 1235 sic
591 1190 668 1234 tibi
684 1224 694 1243 ‚
720 1189 889 1243 Paulle‚
920 1191 974 1233 sit
997 1191 1266 1245 December3

282 1263 374 1306 Nec
400 1262 497 1304 vani
520 1259 732 1321 triplices,
755 1260 993 1321 brevesque
1019 1276 1210 1322 mappae,

283 1333 375 1376 Nec
403 1331 542 1375 thuris
564 1332 741 1374 veniant
765 1329 880 1374 leves
907 1329 1096 1384 selibrae3

281 1402 363 1446 Sed
390 1401 533 1445 lances
557 1401 689 1457 ferat,
710 1411 785 1445 aut
815 1401 1001 1461 scyphos
1031 1417 1211 1445 avorum
1226 1437 1236 1452 ‚

281 1474 370 1516 Aut
399 1471 574 1533 grandis
602 1488 725 1521 reus,
751 1481 825 1515 aut
854 1481 1007 1532 potens
1038 1473 1202 1515 amicus
1220 1508 1230 1523 ,

282 1545 366 1588 Seu
391 1542 508 1603 quod
538 1552 581 1586 te
609 1543 753 1603 potius
775 1542 901 1602 juvat
930 1542 1143 1602 capitque.

281 1614 349 1658 Sic
373 1614 521 1657 vincas
545 1614 824 1673 Noviumque
852 1611 1137 1672 Publiumque

131 1767 164 1788 1.
189 1753 241 1787 Sic
262 1753 351 1786 bene
375 1753 432 1786 vel
458 1753 548 1785 male
579 1751 744 1798 precandi

75 1806 223 1840 formula
239 1805 413 1840 εει-δᾶ
424 1805 604 1838 December.
626 1805 744 1838 Satur-

74 1859 165 1892 nalia
193 1858 256 1892 tibi
277 1859 346 1892 sint
371 1857 662 1892 fructuosa.Vide
682 1858 743 1892 lib.

74 1913 139 1955 IV,
154 1912 263 1958 epigr.
282 1923 377 1945 xnvi.

130 1978 161 1998 2.
184 1965 270 1997 Vani
293 1964 436 2009 triplices.
459 1963 646 2008 Pugillares
666 1964 743 1996 nul-

73 2019 140 2052 lius
159 2017 272 2063 pretii.
293 2016 412 2062 Epigr.
434 2028 502 2049 mu
523 2028 636 2062 supra.

129 2071 162 2104 3.
185 2072 313 2103 Levesve
339 2070 449 2109 librae,
477 2069 579 2102 lectio
612 2067 743 2102 codicis

74 2123 245 2165 Palatini,
271 2123 447 2170 perplacet
472 2122 637 2155 Grutero.
651 2120 744 2154 Vide

75 2176 225 2210 lib.VIII
237 2203 246 2218 ‚
262 2177 369 2222 epigr.
388 2187 481 2209 LXXI.
493 2175 608 2208 Breues
622 2174 744 2207 selibrae

73 2230 203 2263 habent
230 2223 434 2262 Beverlandi
466 2228 540 2262 MS.
573 2235 608 2261 et
634 2226 742 2261 codex

76 2282 271 2315 Pulmanni·.

131 2339 163 2374 4.
175 2335 241 2368 Sed
255 2335 367 2367 lances.
382 2333 481 2378 Epig.
496 2345 609 2367 vatn
624 2345 740 2378 supra.

76 2410 126 2414 ---
139 2387 277 2434 Scy-phos
291 2399 426 2419 avorum.
446 2386 521 2419 Hoc
533 2395 600 2423 est,
618 2387 742 2431 pocula

75 2440 213 2486 antiqua
225 2466 234 2481 ‚
256 2447 291 2473 et
310 2439 424 2484 magni
441 2439 555 2483 pretii.

129 2494 161 2527 5.
203 2492 344 2527 Grandis
378 2504 455 2524 reus.
495 2491 609 2525 Cliens
648 2490 743 2524 dives

76 2559 179 2591 quem
198 2545 394 2579 defendisti.

130 2602 163 2633 6.
187 2598 252 2632 Sed
270 2599 355 2644 quod
374 2595 578 2630 Beverlandi
599 2596 673 2629 MS.

131 2665 163 2695 7.
178 2652 370 2697 Noviumque
381 2650 595 2696 Publiumque.
608 2649 747 2683 Peritis·

805 1754 908 1787 simos
937 1764 1065 1797 nempe
1092 1751 1305 1786 calculorum
1330 1752 1473 1787 lusores.

805 1805 1052 1849 Calcagninus‚
1076 1803 1121 1837 de
1142 1804 1352 1838 calculorum
1374 1805 1475 1847 ludo,

804 1859 853 1892 sic
868 1858 1018 1891 calculos
1035 1857 1186 1902 explicat
1202 1869 1210 1889 :
1234 1875 1247 1887 «
1260 1858 1356 1899 Quin
1378 1866 1411 1891 et
1425 1860 1474 1892 la-

805 1920 945 1945 tronum
965 1918 998 1943 et
1019 1923 1143 1944 canum
1160 1910 1303 1944 nomine
1324 1911 1475 1944 celebra-

804 1973 857 1998 tos
870 1963 1022 1997 calculos
1037 1976 1185 2008 agnosco
1203 1975 1212 1996 ε
1230 1972 1329 1996 erant
1346 1964 1477 1998 scilicet

803 2017 839 2050 in
861 2016 968 2049 abaco
979 2041 988 2057 ‚
1005 2028 1111 2062 quem
1126 2023 1160 2050 et
1177 2017 1314 2049 πλίνθων
1332 2029 1474 2050 vocave-

803 2077 886 2103 runt
897 2095 907 2111 ,
923 2081 983 2103 seu
992 2078 1030 2102 tu
1045 2069 1251 2102 laterculum
1261 2068 1405 2110 dixeris,
1420 2082 1475 2102 re-

803 2123 924 2167 giones
947 2122 1049 2155 lineis
1073 2120 1246 2155 distinctae
1264 2136 1272 2161 3
1293 2121 1353 2154 has
1372 2122 1476 2155 urbes

803 2175 1063 2220 nuncupabant.
1094 2175 1201 2207 Erant
1232 2174 1285 2206 hae
1315 2174 1474 2218 regiones

802 2229 1007 2273 plerumque
1021 2227 1176 2273 quinque
1193 2226 1329 2259 lineolis
1343 2253 1351 2267 ,
1362 2234 1472 2262 trans-

801 2281 1030 2326 versariisque
1049 2307 1058 2321 ‚
1101 2287 1134 2312 et
1177 2278 1475 2314 decussationibus

801 2333 998 2367 alternatim
1026 2332 1189 2365 dimensae
1208 2356 1218 2373 ,
1250 2331 1410 2377 quinque
1441 2341 1475 2366 et

802 2386 927 2430 viginti
948 2397 1094 2418 numero
1120 2397 1127 2415 :
1151 2384 1294 2429 singulis
1324 2385 1473 2419 latrones

803 2439 957 2484 quinque
991 2436 1186 2471 insidebant
1200 2462 1209 2477 ,
1242 2445 1367 2482 praeter
1402 2451 1472 2472 me-

804 2490 895 2524 diam
909 2516 917 2529 ,
937 2491 992 2523 cui
1013 2498 1149 2523 tantum
1172 2498 1323 2535 quatuor
1340 2490 1472 2525 tribue-

804 2545 931 2577 bantur
954 2555 960 2575 :
985 2543 1201 2576 excubabant
1224 2542 1341 2589 itaque
1362 2546 1473 2577 utrin-

806 2608 872 2640 que
892 2596 1060 2637 latrones‚
1080 2595 1145 2629 nisi
1165 2607 1265 2629 canes
1289 2597 1396 2630 mavis
1416 2609 1473 2630 eos

806 2649 920 2683 dicere
940 2675 948 2689 ,
964 2648 1140 2682 coloribus
1158 2647 1311 2682 distincti
1329 2674 1338 2689 ‚
1357 2649 1476 2683 hostili

1190 2712 1272 2780 ¹73
