1978 3305
322 221 904 266 EPIGRAMMATUM
942 221 1062 263 LIB.
1092 220 1207 262 VII.

1363 217 1456 279 267

625 382 896 437 LXXIX.

556 538 625 566 An
663 516 963 566 sizimarium*

273 662 467 705 Pomm
494 659 625 703 modo
654 657 880 703 consulare
905 659 1067 701 vinum.

270 731 465 787 Quaeris,
488 745 618 790 quam
640 738 765 773 vetus
787 738 917 789 atque
942 726 1146 787 liberale?

272 802 375 860 Ipso
400 798 576 844 consule
606 799 860 843 conditum:
893 798 968 842 sed
999 800 1112 859 ipse,

269 870 357 927 Qui
384 869 595 931 ponebat,
622 879 738 924 erat,
762 871 943 926 Severe,
972 867 1137 913 consul.

113 1006 128 1021 ⁶
142 1011 184 1043 In
202 1010 269 1044 hoc
289 1010 547 1056 Epigrammate
567 1010 732 1043 exhiben-

59 1063 108 1097 do
144 1063 370 1097 consentiunt
405 1064 487 1097 libri
514 1063 673 1109 impressi
699 1071 733 1096 et

64 1116 304 1162 manuscripti.

113 1181 139 1202 1.
160 1169 334 1204 Consulare
347 1171 464 1202 vinum.
483 1169 525 1201 In
541 1169 610 1202 hoc
624 1168 733 1201 verbo

60 1221 152 1255 ludit
168 1223 296 1264 Poeta,
317 1234 400 1255 nam
424 1222 584 1255 consulare
605 1224 729 1260 vinum,

61 1282 100 1308 ut
115 1275 224 1320 vulgo
242 1276 405 1316 sumitur,
415 1283 513 1309 vetus
526 1283 576 1308 est
590 1274 732 1316 vinum,

61 1335 95 1360 et
130 1326 272 1373 quidem
303 1328 528 1374 Opimianum
545 1353 554 1369 ‚
589 1326 632 1360 de
662 1339 732 1372 quo

58 1379 192 1414 dictum
212 1381 272 1413 lib.
293 1382 309 1413 I
324 1406 332 1418 ,
356 1381 464 1426 epigr.
485 1392 584 1414 xxvu
597 1406 606 1422 ‚
625 1393 675 1414 vs.
698 1384 732 1420 4.

61 1432 131 1466 sed
153 1432 250 1467 addit
266 1434 372 1467 fuisse
393 1433 547 1466 hornum
560 1459 569 1475 ‚
587 1441 621 1466 et
637 1433 731 1478 ipso,

60 1486 120 1531 qui
137 1494 280 1532 poetam
297 1487 476 1527 invitarat,
499 1486 641 1520 consule
664 1485 732 1519 dif-

62 1538 196 1582 fusum,
209 1548 312 1586 atque
329 1539 417 1574 adeo
435 1537 732 1586 appositum.Vid.

790 1010 902 1043 Turn.
919 1007 1125 1042 Adversaria
1144 1007 1206 1041 lib.
1222 1007 1340 1049 XXV,
1352 1018 1382 1039 c.
1405 1011 1466 1047 πά.

846 1075 879 1095 2.
898 1062 1002 1107 Quam
1015 1069 1127 1102 vetus,
1145 1069 1211 1094 etc.
1231 1060 1345 1102 Quam
1365 1072 1468 1105 gene-

792 1127 910 1149 rosum
933 1123 967 1148 et
988 1114 1108 1147 nobile
1125 1113 1139 1146 Ξ)

848 1167 880 1201 3.
893 1168 966 1213 Ipso
987 1167 1111 1200 consule
1131 1165 1300 1199 conditum.
1329 1163 1466 1198 Pende-

791 1221 851 1254 hat
874 1233 893 1254 e
910 1220 998 1254 vasis
1019 1219 1162 1253 vinariis
1181 1218 1305 1252 tabella
1317 1243 1326 1259 ‚
1345 1217 1381 1250 in
1396 1230 1466 1263 qua

791 1273 864 1307 vini
883 1282 963 1307 aetas
982 1272 1110 1318 scripta
1131 1280 1225 1312 erat3
1247 1270 1284 1304 id
1304 1278 1370 1310 est,
1394 1283 1465 1315 quo

791 1334 950 1371 tempore
973 1352 982 1367 ,
1022 1326 1217 1371 quibusque
1256 1322 1467 1358 Consulibus

792 1379 977 1413 conditum
1001 1387 1100 1413 esset.
1120 1379 1211 1412 Hinc
1226 1378 1324 1424 jocus
1337 1375 1467 1422 pendet

793 1432 973 1466 Martialis.

848 1490 882 1526 4.
897 1486 989 1524 Erat,
1005 1498 1098 1518 nunc
1114 1484 1260 1525 scilicet,
1275 1483 1343 1516 hoc
1354 1494 1465 1515 anno:

792 1550 928 1571 novum
947 1538 1052 1583 igitur
1072 1547 1105 1572 et
1124 1537 1293 1571 insulsum
1311 1536 1445 1569 vinum.

628 1700 888 1756 LXXX.

62 1857 130 1886 AD
168 1856 509 1896 FAUSTINUM,
540 1856 605 1885 UT
637 1855 900 1885 LIBELLOS
937 1855 1064 1885 SUOS
1102 1852 1464 1884 MARCELLINO

642 1917 888 1967 MITTAT.*

130 2063 387 2121 QU'ATENUS
416 2063 626 2124 Odrysios
651 2063 741 2123 jam
773 2078 857 2124 pax
883 2063 1082 2106 Romana
1111 2061 1293 2105 Triones

199 2135 454 2194 Temperat,
477 2144 521 2178 et
549 2134 712 2178 tetricae
742 2134 990 2178 conticuere
1016 2132 1154 2186 tubae,

130 2205 257 2248 Hunc
281 2203 538 2249 Marcellino
563 2205 748 2266 poteris,
769 2204 995 2258 Faustine,
1024 2201 1215 2246 libellum

201 2275 376 2318 Mittere
405 2292 413 2318 :
440 2275 531 2335 jam
559 2275 744 2331 chartis,
772 2275 861 2334 jam
887 2283 1014 2318 vacat
1039 2272 1109 2316 ille
1129 2272 1250 2332 jocis.

131 2343 215 2389 Sed
243 2345 276 2388 si
302 2361 437 2405 parva
463 2347 525 2389 tui
553 2344 812 2390 munuscula
838 2345 993 2405 quaeris
1026 2343 1152 2386 amici

115 2483 129 2496 '
149 2487 208 2521 Ad
232 2487 419 2520 Faustinum
451 2487 575 2521 lemma
613 2495 663 2520 est
698 2487 733 2520 in

63 2538 237 2575 edd.vett.

123 2605 151 2626 1.
167 2594 328 2635 Quatenus
356 2593 522 2638 Oelztjysios
550 2592 584 2625 in
614 2591 734 2626 codice

68 2646 260 2679 Pulmanni.
282 2669 332 2673 —
358 2647 528 2692 Odrysios,
560 2645 626 2679 hoc
661 2654 709 2679 est
726 2671 733 2685 ,

793 2486 1050 2532 hyperboreos,
1073 2483 1227 2518 Geticos.
1243 2482 1335 2517 Vide
1357 2483 1464 2529 epigr.

793 2551 845 2572 vn
860 2563 869 2580 ‚
887 2550 1001 2583 supra.
1017 2559 1069 2564 —
1088 2538 1230 2570 Triones.
1250 2535 1290 2570 Id
1313 2544 1386 2577 est,
1407 2549 1466 2570 ur-

794 2605 884 2630 sam..
903 2591 963 2624 lib.
981 2592 1032 2624 VI
1045 2617 1053 2631 ‚
1073 2591 1181 2636 epigr.
1204 2602 1308 2623 Lvm.

849 2646 879 2679 3.
893 2644 1194 2678 llu112·Ma.··‹·‹ellino.
1208 2641 1261 2676 Ad
1277 2655 1377 2687 quem
1395 2650 1443 2676 est
1459 2667 1466 2679 ,
