1978 3305
419 249 515 295 318

799 251 862 293 M.
884 250 1026 294 VAL.
1065 250 1452 294 MARTIALIS

485 339 600 382 Nam
627 337 730 380 dum
756 346 804 380 tu
833 335 963 397 longe
986 335 1157 380 deserta
1182 352 1344 392 uxore,
1369 336 1531 397 diuque

559 409 666 450 Tres
692 407 846 467 quaeris
878 415 1029 460 natos,
1051 415 1240 467 quatuor
1273 406 1476 450 invenies.

419 546 631 586 liberorum3
650 551 799 589 quatuor
814 543 908 577 enim
923 542 1019 577 domi
1038 556 1093 577 re·

418 605 603 643 pertarum
625 609 666 630 ex
691 596 863 630 adulterio
882 597 1001 630 uxoris
1020 609 1094 631 sus-

419 658 550 696 ceptos.
567 648 755 684 Concludit
771 662 853 695 ergo
870 657 1009 696 argute,
1029 648 1093 683 do-

419 704 467 736 mi
491 703 718 736 inventurum
741 711 776 737 et
798 703 969 748 amplius,
995 702 1091 748 quod

419 756 544 800 quaerit
559 756 654 790 soris.
666 755 784 789 Rader.

1211 544 1244 578 5.
1257 545 1393 577 Deserta
1406 556 1502 577 uxore
1516 542 1667 589 domoque
1679 543 1700 575 J
1703 541 1828 576 untina

1153 605 1272 631 nostra
1302 596 1451 642 margini
1474 594 1688 642 adscriptum
1706 595 1829 636 haben

1154 657 1188 683 et
1213 650 1264 683 sic
1283 658 1334 683 est
1354 650 1393 683 in
1411 647 1621 695 quibusdam
1641 646 1722 682 edd.
1743 655 1828 682 vett.

1154 710 1242 737 teste
1266 702 1394 744 Junio;
1413 700 1476 736 sed
1501 702 1557 735 diu
1582 700 1778 747 plerisque,
1796 708 1830 734 et

1153 755 1263 801 magis
1279 754 1421 790 arridet.

994 908 1251 964 XXXII.

756 1065 821 1093 DE
860 1063 1137 1093 COLUMBA
1175 1061 1501 1091 ARETULLAE.

490 1200 623 1241 AERA
647 1212 725 1257 per
747 1195 930 1239 tacitum
956 1193 1133 1256 delapsa
1157 1193 1346 1237 sedentis
1368 1193 1413 1236 in
1434 1193 1552 1252 ipsos

563 1266 707 1310 Fluxit
734 1264 940 1310 Aretullae
965 1264 1126 1309 blanda
1152 1263 1358 1308 columba
1387 1264 1518 1307 sinus.

491 1340 678 1383 Luserat
703 1336 789 1380 hoc
815 1352 964 1391 casus,
989 1336 1070 1380 nisi
1092 1335 1374 1379 inobservata
1395 1342 1613 1383 maneret,

562 1408 863 1468 Permissaque
887 1407 962 1450 diu
984 1404 1121 1450 nollet
1141 1405 1260 1449 abire
1286 1404 1402 1465 fuga.

493 1481 537 1524 Si
567 1478 748 1523 meliora
776 1479 858 1538 piae
880 1477 944 1522 fas
969 1487 1035 1521 est
1059 1492 1235 1538 sperare
1262 1476 1424 1527 sorori,

494 1605 694 1672 Εζομένης
723 1613 761 1661 ἐς
791 1611 942 1654 κόλπον
973 1603 1215 1671 Αρητύλλης
1244 1609 1410 1670 ἐρόεσσα

564 1686 686 1726 Ρεῢσε
718 1675 771 1724 δι’
798 1680 930 1741 ἠερίης
958 1684 1100 1724 πτοῖσα
1124 1677 1283 1730 πελειὰς
1310 1673 1420 1721 ὁδοῦ.

494 1758 554 1797 Ην
583 1751 627 1796 ἂν
655 1750 815 1813 ἄθυρμα
837 1769 988 1811 τυχης,
1014 1750 1046 1793 εἰ
1072 1752 1124 1811 μὴ
1152 1751 1384 1809 ἀφυλακτος
1412 1749 1579 1809 ἔμεινεν,

568 1810 696 1866 Ηθελέ
723 1824 761 1864 τ’
789 1824 882 1875 οὐκ,
909 1819 1048 1871 ἄνετος
1077 1820 1218 1881 καίπερ
1249 1822 1391 1873 ἐοῦσα,
1423 1823 1573 1880 φυγεῖν.

496 1895 550 1940 Εἴ
573 1912 614 1938 τι
639 1888 850 1951 ἁδελφειτν
877 1893 1008 1936 ἔλπειν
1039 1892 1174 1952 θέαις,
1199 1890 1300 1934 εἴτι
1327 1885 1521 1933 δύνανται
1539 1924 1550 1942 ,

482 2055 514 2075 1.
531 2042 620 2075 Aera
638 2052 698 2083 pet·
719 2050 855 2070 ‘vacuum
880 2036 963 2083 legit
985 2037 1103 2071 Heius.

429 2096 472 2131 ad
492 2093 598 2128 Ovid.
620 2091 852 2132 Fast.111,v.
876 2102 942 2124 111
953 2091 1107 2124 .—Aera

424 2151 645 2196 pertacz',t11m
657 2154 721 2178 etc.
734 2143 927 2177 ominatur
941 2143 1108 2177 Aretuliae

428 2202 545 2237 fratris
572 2201 614 2233 ab
637 2197 756 2232 exsilio
778 2195 943 2230 reditum.

486 2255 517 2288 3.
538 2255 563 2287 I
567 2265 628 2286 nse}
631 2259 671 2283 vt
680 2263 806 2283 occasus
818 2248 1020 2283 Beverlandi
1035 2248 1108 2282 MS.

434 2310 534 2343 Casus
561 2308 609 2339 ln'c
634 2305 726 2337 luxus
744 2311 814 2336 erat
834 2301 943 2336 codex
966 2302 1110 2336 Floren-

431 2363 539 2395 tinus.
551 2361 707 2393 FluJerat
721 2356 780 2389 Ιιιισ
792 2369 867 2389 casu
881 2354 1111 2389 scribendum

433 2423 532 2460 putat
569 2411 690 2445 Heius.
719 2410 743 2443 l.
776 2421 807 2443 c.
836 2407 1005 2442 Crederes
1031 2421 1111 2442 casu

433 2470 504 2502 huc
542 2466 687 2499 flexisse.
715 2463 822 2507 Lapsa
851 2470 919 2494 erat
954 2463 1012 2494 Ιιιιι·
1039 2475 1113 2494 casa

436 2523 526 2565 conj.
550 2519 640 2551 idem
659 2516 833 2549 Heinsius.
856 2515 941 2548 Casu
961 2515 1010 2548 hic
1029 2516 1113 2548 lusus

438 2583 506 2606 erm
525 2572 588 2617 legi
609 2570 706 2615 jubet
727 2567 1039 2602 Beverlandus.-
1052 2569 1116 2601 Lu-

437 2636 519 2660 serat
542 2627 598 2657 hoc
628 2635 739 2660 casus,
767 2630 830 2656 etc.
864 2622 953 2655 Casu
981 2622 1114 2668 aliquo,

439 2681 533 2713 velut
561 2678 603 2711 ab
629 2676 810 2720 accipitre.
834 2683 906 2708 acta
926 2673 1116 2712 videretur,

1165 2037 1232 2070 nisi
1266 2044 1300 2070 et
1330 2037 1366 2069 in
1395 2036 1528 2081 gremio
1558 2034 1722 2069 Aretullae
1745 2047 1843 2068 man·

1168 2091 1278 2123 sisset.

1224 2147 1258 2183 4.
1291 2143 1511 2187 Permissaque
1542 2140 1600 2172 sihi
1634 2139 1711 2173 ΑΜ.
1744 2140 1843 2174 Junt.

1170 2196 1284 2230 Colin.
1306 2194 1446 2241 Gryph.
1465 2194 1576 2227 Plant.
1600 2193 1744 2227 Junian.
1762 2193 1845 2226 Pul-

1169 2261 1261 2282 man.
1284 2249 1391 2294 Lang.
1414 2256 1447 2281 et
1466 2246 1594 2292 Delph.
1618 2254 1653 2280 et
1670 2247 1720 2280 sic
1741 2246 1845 2280 etiam

1170 2302 1254 2347 legit
1274 2301 1450 2335 Heinsius.

1228 2355 1260 2389 5.
1270 2355 1307 2389 St
1320 2354 1460 2387 meliora.
1476 2352 1591 2398 Hujus
1602 2352 1767 2385 Aretullae
1783 2351 1846 2385 fra-

1172 2417 1224 2442 ter
1244 2408 1279 2441 in
1298 2406 1457 2441 Sardinia
1474 2406 1671 2444 exsulabat,
1686 2406 1783 2451 cujus
1796 2417 1848 2438 re·

1172 2460 1285 2494 ditum
1309 2473 1326 2493 a
1354 2459 1556 2494 Domitiano
1584 2459 1847 2504 impetraturam

1173 2528 1208 2548 se
1231 2514 1389 2559 sperabat
1411 2513 1577 2546 Aretulln.
1603 2511 1710 2545 Poeta
1732 2518 1846 2544 autem

1177 2567 1263 2601 dicit
1293 2567 1383 2600 hanc
1413 2566 1611 2600 columbam
1641 2575 1745 2596 omen
1775 2575 1848 2596 esse

1180 2621 1294 2654 fratris
1310 2621 1353 2653 ab
1370 2619 1490 2653 exsilio
1504 2616 1687 2652 revocandi
1704 2628 1711 2649 :
1725 2616 1849 2661 saepius

1179 2674 1287 2712 cuim,
1306 2682 1343 2706 ut
1361 2672 1511 2716 antiquis
1523 2672 1633 2704 visum
1646 2697 1653 2708 ,
1671 2681 1750 2703 aves
1760 2669 1849 2702 omi-
