1978 3305
428 225 530 271 606
791 225 852 267 M.
892 222 973 267 VA
985 221 1034 267 L.

1074 224 1468 268 MARTIALIS

496 315 589 358 Nec
616 329 748 374 puer,
771 321 848 355 aut
876 313 1042 368 senior,
1064 311 1184 355 nulla
1214 321 1279 356 est
1309 311 1490 362 ancilla,
1512 328 1593 356 nec
1619 313 1785 368 infans,

567 385 662 428 Nec
688 399 807 438 sera,
833 398 914 427 nec
946 381 1103 438 clavis,
1126 399 1208 426 nec
1231 383 1376 436 canis,
1399 392 1531 443 atque
1555 381 1677 427 calix.

496 455 561 497 Tu
593 463 740 497 tamen
770 452 951 497 affectas
970 488 982 509 ,
1004 454 1186 509 Nestor,
1212 452 1297 497 dici
1322 462 1453 514 atque
1479 453 1617 497 videri
1834 471 1846 493 ε

569 525 764 585 Pauper,
795 532 838 567 et
864 524 908 567 in
933 522 1100 584 populo
1131 524 1287 584 quaeris
1317 523 1480 567 habere
1510 523 1670 568 locum.

497 595 721 649 Mentiris,
742 610 944 655 vanoque
973 586 1052 638 tihi
1080 593 1290 638 blandiris
1320 594 1518 638 honore:

567 666 671 709 Non
701 673 767 709 est
794 674 1057 726 paupertas,
1082 664 1267 720 Nestor,
1291 664 1454 708 habere
1484 663 1605 709 nihil.

428 813 522 849 teges.
540 803 608 839 Sed
622 817 686 838 nec
701 812 741 837 tu
756 812 905 850 tegetem
919 804 1026 838 habes
1040 817 1107 850 pro

426 857 672 903 peristromate
688 866 723 891 et
736 857 900 903 stragulo.
915 859 1039 904 Φορμὸν
1059 856 1110 891 di-

426 910 474 944 cit
487 911 750 957 Aristophanes.
764 911 837 945 Nec
852 919 946 956 teges
962 923 1023 944 seu
1037 918 1109 944 sto-

425 976 484 997 rea
504 976 546 997 ex
563 964 662 1006 ulva,
677 964 811 1009 scirpo,
833 976 893 997 seu
912 976 1024 997 canna
1047 976 1110 1010 pa-

426 1017 544 1051 lustri.

482 1075 517 1111 4.
550 1069 618 1104 Nec
645 1083 725 1102 sera.
759 1069 888 1103 Sensus
918 1077 970 1102 est
993 1080 1001 1101 ε
1034 1069 1109 1102 Nec

426 1123 533 1157 habes
560 1135 699 1156 servum
726 1122 927 1161 atriensem,
957 1133 1023 1155 nec
1051 1134 1109 1156 ca·

427 1189 508 1210 nem
520 1202 529 1217 ‚
547 1176 606 1221 qui
622 1177 764 1220 januam
781 1174 967 1209 custodiat.

483 1229 516 1263 5.
528 1229 647 1263 Noster
668 1228 742 1262 MS.
763 1229 847 1262 Bev.
861 1250 911 1255 —
929 1229 978 1261 Ta
995 1235 1109 1261 tamen.

428 1282 507 1315 Lib.
525 1283 615 1315 VIII
627 1307 636 1324 ‚
650 1282 759 1328 epigr.
778 1294 837 1315 x1x
853 1293 861 1314 τ
878 1296 892 1308 «
905 1282 1043 1326 Pauper
1058 1281 1110 1314 vi-

1169 803 1246 838 deri
1267 804 1346 837 vult
1375 804 1509 845 Cinna3
1533 812 1568 837 et
1594 811 1646 838 est
1669 815 1812 849 pauper.
1831 820 1845 832 ι»

1223 860 1258 889 6.
1277 858 1325 890 Et
1347 860 1378 890 in
1396 858 1517 902 populo
1537 859 1652 903 quaeris
1673 856 1786 889 habere
1802 857 1849 888 lo·

1169 923 1250 943 cum.
1285 910 1332 943 Et
1360 909 1396 943 id
1426 910 1543 956 cupis,
1569 909 1608 943 id
1642 909 1777 943 moliris
1813 917 1850 942 ut

1170 962 1262 996 inter
1283 955 1376 996 cibes
1397 975 1562 996 romanos
1583 963 1702 996 locum
1721 963 1851 996 habere

1170 1014 1336 1057 videaris,
1354 1016 1407 1049 uti
1424 1015 1635 1061 proletarius
1652 1016 1775 1049 saltem
1795 1015 1850 1048 in-

1168 1069 1331 1102 scribaris
1349 1077 1381 1102 ct
1399 1069 1513 1114 capite
1531 1069 1713 1103 censearis.
1729 1068 1796 1102 En.

1225 1124 1261 1157 8.
1285 1122 1360 1156 Non
1384 1130 1431 1154 est
1447 1130 1631 1168 paupertas.
1658 1120 1728 1155 Sed
1755 1133 1852 1154 mera

1170 1174 1396 1216 mendicitas3
1435 1178 1605 1221 pauperes
1643 1175 1738 1208 enim
1775 1187 1850 1208 non

1170 1237 1252 1261 sunt
1268 1228 1328 1274 qui
1346 1228 1437 1262 nihil
1453 1229 1600 1262 omnino
1619 1228 1770 1271 habent,
1791 1225 1852 1261 sed

1171 1280 1323 1315 mendici
1347 1280 1556 1328 appellandi.

967 1421 1300 1477 XXXIII.

960 1578 1025 1606 DE
1074 1579 1325 1607 PRASINO.

499 1705 676 1748 SAEPIUS
705 1702 760 1746 ad
792 1701 982 1763 palmam
1016 1703 1224 1746 Prasinus
1250 1711 1350 1763 post
1375 1702 1461 1746 fata
1484 1703 1675 1746 Neronis

568 1774 795 1829 Pervenit,
822 1782 865 1816 et
895 1774 1039 1817 victor
1064 1774 1241 1834 praernia
1266 1772 1392 1834 plura
1418 1772 1562 1817 refert.

500 1914 537 1952 Ο
563 1911 763 1984 Πράσινος
793 1910 904 1970 μάλα
932 1910 1064 1953 πυκνὰ
1090 1905 1342 1962 δεδουπότος
1369 1908 1473 1955 ἆθλα
1496 1913 1557 1954 Ns?
1539 1928 1678 1972 ερωνος

570 1954 747 2042 Ᾰρνυτο,
771 1998 914 2028 νικητν
897 2000 937 2031 ,ς
968 1982 1145 2025 πολλάκι
1171 1976 1296 2032 κῦδος
1320 1984 1432 2025 ἑλών.

489 2134 517 2154 1.
543 2121 667 2167 Saepius
689 2121 734 2154 ad
748 2122 908 2166 palmam,
934 2128 1001 2154 etc.
1029 2120 1112 2153 Pra-

429 2176 513 2209 sinae
540 2174 685 2208 factioni
716 2171 797 2213 (cui
825 2174 962 2207 favebat
992 2168 1113 2215 Nero)

430 2227 678 2274 obstrepebant
725 2227 875 2261 aliarum
921 2226 1113 2260 factionum

432 2282 603 2322 fautores,
628 2281 751 2315 vicisse
774 2293 855 2314 suos
878 2280 1017 2326 aurigas
1039 2292 1112 2313 non

430 2335 573 2381 propria
597 2334 752 2375 virtute,
774 2333 835 2368 sed
859 2334 970 2380 gratia
996 2334 1114 2379 Impe-

431 2389 566 2422 ratoris.
587 2386 789 2434 Respondet
807 2387 849 2421 iis
866 2388 973 2421 Poeta
988 2387 1113 2421 falsum

430 2441 497 2474 hoc
524 2453 614 2481 esse,
643 2450 828 2487 postquam
852 2440 994 2474 Nerone
1017 2453 1113 2473 mor-

432 2503 493 2528 tuo
512 2504 545 2528 et
564 2494 646 2528 huic
666 2494 809 2529 factioni
830 2494 995 2540 frequens
1013 2492 1114 2528 cedat

431 2548 561 2593 palma.
593 2547 816 2582 Incredibitis
831 2548 1005 2582 Veterum
1043 2556 1111 2581 tra-

428 2600 525 2635 ditur
551 2602 757 2646 ἱππομανία,
787 2613 866 2648 quae
890 2602 925 2634 in
954 2609 1110 2647 quatuor

427 2653 536 2689 divisa
560 2663 674 2699 partes
696 2652 806 2694 (nam
833 2663 985 2700 quatuor
1011 2663 1109 2688 erant

1173 2121 1307 2154 colores
1333 2115 1567 2166 agitatorum)
1593 2133 1683 2166 saepe
1708 2120 1751 2153 ad
1781 2133 1853 2153 ma-

1173 2187 1260 2215 nus,
1289 2173 1418 2208 caedem
1453 2182 1487 2207 et
1514 2173 1687 2219 insignem
1718 2172 1853 2207 cladem

1173 2227 1345 2273 pervenit.
1369 2227 1521 2261 Favebat
1541 2239 1610 2260 una
1631 2239 1711 2273 pars
1731 2235 1764 2260 et
1785 2239 1853 2273 po-

1174 2281 1304 2314 tissima
1325 2280 1475 2314 Prasinae
1491 2280 1652 2317 factioni,
1673 2292 1750 2326 quae
1769 2280 1835 2313 viri
1848 2299 1856 2303 -

1175 2332 1255 2368 data
1278 2334 1527 2380 aurigabatur,
1558 2334 1664 2367 altera
1687 2334 1854 2371 Venetae,

1173 2387 1310 2421 caerulae
1328 2389 1450 2421 :tertia
1474 2389 1614 2428 Russae‚
1632 2388 1755 2428 luteae,
1777 2399 1854 2420 cro-

1175 2453 1245 2475 ceae
1256 2467 1265 2481 ,
1280 2454 1467 2487 purpureae
1479 2469 1487 2481 ‚
1505 2453 1630 2481 roseae,
1645 2440 1706 2486 qui
1721 2440 1855 2474 colores

1174 2507 1295 2528 onmes
1319 2494 1363 2529 ad
1392 2507 1496 2528 uuam
1523 2494 1711 2528 factionem
1736 2506 1854 2526 russam

1173 2548 1353 2593 pertinent
1376 2561 1383 2581 :
1407 2556 1550 2594 quarta,
1574 2548 1682 2582 Albae.
1712 2546 1850 2589 Quibus

1171 2600 1257 2635 duas
1283 2610 1401 2648 postea
1429 2602 1652 2635 Domitianus
1673 2599 1853 2645 adjunxit,

1171 2664 1366 2699 argenteam
1388 2664 1420 2689 et
1440 2667 1591 2689 auream.
1613 2653 1729 2687 Κακία.
