1978 3305
428 241 524 296 314

797 242 858 284 M.
880 242 1020 284 VAL.
1059 243 1451 286 MARTIALIS

563 329 656 372 Nec
683 327 860 371 Miletus
885 337 979 371 erat
1003 326 1161 372 vellere
1186 328 1318 389 digna
1346 338 1437 372 tuo.
1802 351 1831 366 ι·

497 397 603 442 Lilia
626 408 671 441 tu
698 399 834 442 vincis
849 433 860 453 ‚
885 414 966 442 nec
991 398 1134 443 adhuc
1159 398 1336 459 delapsa
1361 397 1561 459 ligustra,

566 469 622 511 Et
651 468 882 512 Tiburtino
911 478 1060 512 monte
1085 468 1202 529 quod
1233 467 1349 514 albet
1377 468 1496 511 ebur.

498 541 736 599 Spartanus
763 538 841 582 tibi
871 538 995 583 cedet
1019 538 1135 595 olor,
1159 539 1419 601 Paphiaeque
1443 536 1676 592 columbae3

567 608 705 653 Cedet
729 609 966 670 Erythraeis
991 619 1115 654 eruta
1142 625 1315 671 gemma
1346 608 1478 652 vadis.

496 677 582 722 Sed
606 677 707 723 licet
729 679 823 724 haec
845 679 996 740 primis
1019 680 1192 724 nivibus
1215 681 1300 724 sint
1323 677 1477 723 aemula
1501 677 1640 732 dona,
1804 696 1834 719 ι’,

565 751 667 794 Non
690 759 790 793 sunt
811 750 1046 794 Parthenio
1070 750 1321 796 candidiora
1348 766 1438 794 suo.

497 821 595 863 Non
625 836 706 880 ego
735 819 1001 885 praetulerim
1027 821 1290 882 Babylonica
1315 821 1432 881 picta
1461 817 1648 880 superbe

566 891 725 947 Texta,
747 892 1004 935 Semiramia
1026 908 1122 952 quae
1146 892 1370 935 variantur
1390 906 1484 934 acu.

423 1032 498 1053 rem
515 1020 662 1054 viridem
676 1046 685 1061 ‚
700 1021 756 1055 alii
769 1034 852 1055 vero
868 1034 1100 1068 purpureum.

426 1073 580 1119 Amyclae
608 1074 727 1108 civitas
759 1083 811 1108 est
832 1075 1012 1108 Laconiae:
1032 1074 1101 1107 Mi-

427 1126 516 1160 letus
531 1134 647 1160 autem
668 1127 777 1160 Ioniae
795 1127 832 1160 in
844 1127 924 1160 Asia
944 1127 1103 1168 Minore,

429 1179 488 1212 ubi
509 1180 586 1213 lana
605 1192 741 1213 summo
757 1181 825 1214 fuit
840 1180 877 1213 in
897 1180 1022 1225 pretio.

486 1243 499 1264 1
513 1244 542 1265 1.
559 1234 720 1277 Ligu-stra.
740 1233 860 1266 Flores
882 1233 999 1266 eximii
1021 1245 1103 1266 can-

428 1283 534 1318 doris.
554 1285 742 1330 Virgilius,
757 1286 877 1331 Eclog.
895 1287 948 1328 II,
967 1299 1015 1319 vs.
1038 1299 1050 1320 1
1063 1287 1102 1320 8:

431 1352 443 1363 κ
462 1337 549 1370 Alba
567 1338 710 1383 ligustra
731 1337 873 1372 eadunt.
890 1356 904 1369 ι»

486 1402 541 1425 12.
562 1391 613 1423 Et
631 1391 809 1425 Tiburtino.
825 1390 922 1425 Vide
947 1392 1010 1425 lib.
1039 1392 1105 1433 IV,

430 1443 538 1489 epigr.
562 1456 650 1478 Lxu.
674 1445 808 1479 Caelum
830 1445 924 1478 enim
945 1445 1104 1478 Tiburti-

429 1508 516 1529 num
535 1505 660 1542 utpote
677 1497 845 1544 frigidum
865 1498 963 1532 ebori
982 1496 1107 1532 cande-

429 1549 588 1583 faciendo
600 1550 822 1585 inserviebat.
835 1573 886 1578 »-
897 1550 1105 1584 Beverlandi

430 1602 502 1636 MS.
517 1603 603 1649 quod
612 1604 701 1648 alget
714 1605 809 1644 ebur;
827 1613 861 1638 et
881 1605 930 1638 sic
945 1605 981 1638 in
1004 1603 1105 1637 Vati-

431 1667 517 1688 cano
538 1655 670 1691 codice.

490 1708 545 1742 13.
568 1709 744 1755 Spartanus
761 1711 840 1744 olor.
867 1711 1027 1756 Cycnum
1052 1711 1106 1744 in-

432 1761 547 1807 tellige
577 1763 886 1806 candidissimum,
908 1766 1006 1809 cujus
1034 1763 1105 1797 for-

433 1827 523 1848 mam
536 1815 651 1850 induit
668 1817 823 1862 Jupiter,
845 1829 954 1863 quum
974 1815 1106 1850 Ledam

430 1867 633 1914 Spartanam
653 1871 869 1915 compressit.
888 1892 940 1897 —
955 1871 1106 1915 Paphioe-

432 1935 499 1968 que.
523 1922 654 1956 Veneri
680 1923 814 1957 scilicet
838 1922 981 1965 dicatae,
1003 1931 1036 1956 et
1057 1923 1106 1957 sic

433 1974 536 2009 dictae
556 1976 598 2008 ab
623 1976 735 2010 insula
757 1977 880 2021 Papho
894 2001 903 2018 ,
932 1976 991 2009 ubi
1014 1977 1106 2010 cole·

431 2029 535 2062 batur
556 2030 641 2061 Dea.

492 2094 504 2114 1
516 2086 550 2122 4.
568 2082 759 2128 Erythraeis.
771 2081 863 2116 Vide
883 2082 1037 2115 Plinium
1051 2083 1107 2127 ju-

435 2135 571 2169 niorem
595 2135 658 2169 lib.
675 2136 746 2176 IX,
765 2135 866 2180 epist.
883 2135 943 2168 33.
958 2135 999 2168 In
1020 2135 1107 2168 mari

434 2188 556 2222 Rubro
575 2188 799 2221 nobilissimae
814 2197 1004 2222 nascuntur
1016 2201 1107 2221 mar-

434 2242 563 2285 garitae.
578 2262 629 2267 —-
641 2241 720 2275 Lib.
734 2242 780 2283 V,
799 2241 908 2287 epigr.
926 2254 1061 2275 xxxvii.

490 2307 503 2328 1
514 2296 546 2330 5.
561 2295 679 2328 Primis
693 2295 813 2328 nivibus
823 2321 831 2335 ,
853 2303 919 2328 etc.
935 2295 1091 2328 Intactis.

490 2351 547 2382 16.
566 2348 749 2382 Parthenio.
777 2349 828 2381 De
855 2360 925 2394 quo
955 2348 1017 2381 lib.
1041 2348 1107 2389 IV,

432 2401 542 2446 epigr.
560 2414 639 2434 XLv.
659 2401 856 2434 candidiora
873 2401 964 2434 refer
984 2400 1026 2435 ad
1040 2401 1110 2434 ani-

432 2467 526 2487 inum
546 2455 724 2487 Parthenii
742 2455 930 2488 sincerum.

493 2520 546 2551 17.
570 2507 764 2554 ΙίαΙῃ-Ιοηίεα
780 2510 867 2553 picta
884 2507 1024 2553 superbe.
1042 2508 1108 2540 Ba-

432 2561 595 2606 lnlonica,
619 2573 682 2593 acu
707 2561 781 2594 lieri
802 2561 913 2594 solita.
936 2562 1014 2593 Non
1042 2561 1106 2593 nii-

433 2613 510 2646 nori
526 2622 638 2646 tamen
655 2614 837 2655 varietate,
854 2627 916 2647 nec
936 2613 1108 2659 pauciori·

434 2667 494 2699 lius
511 2675 567 2701 aut
585 2667 698 2700 minus
718 2667 886 2712 expressis
900 2693 908 2708 ‚
923 2667 1106 2713 minusque

1162 1020 1329 1054 mirandis
1359 1021 1550 1066 figurarum
1582 1020 1839 1053 imitationibus

1161 1074 1198 1107 in
1234 1074 1389 1107 vestibus
1424 1071 1650 1106 contexendis
1679 1073 1839 1106 luserunt

1162 1126 1302 1172 antiqui
1328 1126 1476 1159 artifices
1511 1126 1582 1159 sola
1613 1133 1757 1158 texturae
1782 1137 1839 1158 ra·
1889 1162 1892 1165 ,

1163 1180 1259 1213 tione
1277 1206 1287 1222 ,
1308 1187 1342 1213 et
1370 1178 1588 1212 connexione
1611 1178 1768 1212 staminis
1790 1176 1839 1222 ‘ad

1162 1233 1368 1275 subtemen,
1397 1244 1503 1278 quam
1534 1231 1594 1277 qui
1624 1243 1687 1264 acu
1716 1231 1841 1277 pinge-

1163 1295 1253 1319 rent.
1279 1286 1370 1319 Hinc
1399 1284 1527 1318 alicubi
1553 1284 1642 1318 dixit
1668 1284 1839 1318 Martialis

1162 1339 1222 1372 lib.
1237 1339 1337 1380 XIV,
1352 1338 1462 1384 epigr.
1474 1349 1532 1371 eL:
1546 1338 1641 1370 Victa
1653 1345 1700 1370 est
1710 1338 1839 1370 Pectine

1163 1392 1292 1425 Niliaco
1299 1393 1369 1437 jam
1388 1391 1562 1437 Babylonis
1578 1403 1662 1423 acus.
1681 1390 1726 1424 Et
1741 1388 1840 1424 addit

1165 1453 1261 1478 terta.
1277 1445 1364 1477 Nam
1381 1445 1535 1490 plumarii
1548 1471 1556 1484 ‚
1574 1451 1726 1476 textores
1739 1441 1839 1483 dicti,

1164 1510 1235 1531 non
1260 1498 1374 1531 solum
1396 1497 1456 1543 qui
1481 1497 1596 1530 clavos
1618 1508 1678 1529 seu
1703 1496 1840 1541 plumas

1163 1550 1317 1584 vestibus
1352 1551 1531 1584 insuerent
1560 1556 1594 1582 et
1625 1548 1840 1589 intexerent;

1163 1602 1224 1637 sed
1247 1612 1281 1637 et
1305 1603 1366 1649 qui
1389 1614 1614 1648 quocumque
1637 1613 1765 1646 genere
1785 1601 1842 1646 pi-

1163 1664 1270 1690 cturae
1282 1682 1292 1698 ,
1314 1656 1592 1702 quibuscumque
1608 1654 1786 1688 coloribus
1807 1662 1842 1687 et

1164 1710 1286 1755 figuris
1311 1709 1458 1744 variatas
1486 1717 1599 1742 vestes
1631 1720 1693 1741 acu
1721 1707 1842 1753 pinge·

1164 1771 1256 1796 rent.
1271 1762 1362 1797 Hinc
1375 1762 1531 1808 plumare,
1551 1762 1588 1794 τὸ
1607 1761 1792 1801 ποικίλλειν,
1807 1768 1842 1793 et

1164 1817 1362 1862 plumatum
1378 1828 1466 1861 opus
1477 1839 1486 1852 ‚
1503 1817 1539 1848 τὸ
1557 1814 1698 1847 ποικίλον
1713 1825 1774 1847 seu
1786 1826 1844 1846 πε-

1165 1870 1380 1915 ποικιλμένον.
1407 1868 1477 1910 Qui
1506 1866 1704 1913 Babylonica
1734 1866 1843 1912 igitur

1166 1923 1411 1968 peristromata
1451 1921 1553 1954 variis
1586 1919 1762 1953 coloribus
1793 1918 1845 1952 in-

1166 1975 1268 2009 textis
1295 1975 1505 2021 pingebant,
1529 1973 1680 2019 plumarii
1700 1971 1843 2014 vocati;

1166 2027 1263 2074 quod
1287 2036 1321 2061 et
1342 2028 1559 2073 Babylonem
1583 2025 1731 2059 maxime
1755 2024 1844 2058 cele·

1166 2081 1302 2123 brasse,
1320 2090 1354 2115 et
1367 2092 1496 2113 nomen
1510 2078 1718 2125 imposuisse
1736 2078 1844 2111 refert

1168 2134 1316 2167 Plinius.
1338 2155 1390 2161 —
1403 2133 1585 2178 Babylonia
1598 2134 1686 2177 picta
1704 2131 1844 2176 superba:

1167 2186 1276 2221 codex
1292 2187 1489 2220 Pulmanni.
1509 2184 1710 2219 Gronovius
1728 2184 1844 2229 legen-

1168 2240 1253 2274 dum
1283 2248 1399 2274 censet
1429 2251 1437 2272 :
1471 2238 1652 2285 Babylonos
1672 2240 1761 2282 picta
1791 2250 1844 2270 su-

1163 2293 1270 2339 perba:
1298 2294 1419 2331 Terta,
1441 2301 1506 2326 etc.
1526 2291 1607 2337 quia
1626 2291 1661 2323 in
1682 2289 1761 2324 cod.
1782 2302 1845 2323 suo

1167 2355 1239 2380 erat
1255 2346 1445 2393 Belo-Ionos.
1459 2344 1630 2379 Gronovii
1646 2344 1736 2377 hanc
1752 2343 1845 2387 conj.

1168 2400 1283 2433 firmat
1311 2407 1466 2433 vetustus
1499 2398 1647 2431 fratrum
1677 2397 1847 2430 Puteano-

1166 2466 1246 2486 rum
1269 2453 1369 2492 liber,
1387 2464 1493 2498 quem
1514 2451 1597 2485 citat
1618 2451 1706 2483 Dan.
1725 2448 1845 2482 Heius.

1167 2505 1209 2540 ad
1230 2505 1354 2539 Claud.
1375 2506 1424 2538 IV
1443 2506 1546 2539 Cous.
1571 2504 1705 2536 Honor.
1727 2502 1814 2535 652.

1228 2562 1284 2594 18.
1306 2560 1492 2593 Sentit-amia
1511 2571 1580 2590 ιιι-ιι.
1598 2556 1673 2589 Hoc
1691 2563 1740 2588 est
1755 2581 1763 2595 ,
1778 2555 1845 2587 Ba-

1167 2613 1350 2658 bylonica;
1365 2611 1561 2644 Semiramis
1575 2609 1707 2654 quippe
1726 2608 1843 2654 Baby-

1168 2666 1246 2700 lone
1268 2666 1434 2711 regnavit.
