1978 3305
409 235 990 293 EPIGRAMMATUM
1027 249 1155 291 ΜΒ.
1195 248 1249 289 v.

265 338 369 381 Uno
395 335 536 380 credis
563 352 675 396 equo
700 351 826 396 posse
857 335 1005 379 sedere
1034 332 1173 378 duos?

195 406 314 464 Quid
339 423 437 450 cum
464 406 597 450 fratre
619 406 720 460 tibi,
742 405 847 466 quid
868 422 968 449 cum
991 403 1167 449 Polluce
1188 403 1403 448 molesto?

265 479 369 521 Non
397 486 508 520 esset
533 475 688 520 Pollux
714 476 748 520 si
774 475 851 519 tibi
867 511 878 530 ‚
907 478 1063 520 Castor
1091 491 1199 519 eras.

196 549 324 591 Unus
348 564 483 608 quum
510 547 620 599 sitis;
650 546 761 599 duo,
787 545 1058 601 Calliodore,
1089 545 1256 590 sedetis.

266 619 404 678 Surge
428 634 436 659 :
462 617 779 669 soloecismum,
811 615 1082 670 Calliodore,
1109 615 1225 659 facis.

194 689 282 732 Aut
308 688 475 731 imitare
500 703 636 747 genus
661 685 816 739 Ledae3
847 695 921 729 aut
950 702 1050 729 cum
1080 686 1212 729 fratre
1243 685 1390 729 sedere

263 758 363 802 Non
389 767 512 818 potes
542 774 550 800 :
578 755 777 811 alternis,
802 755 1050 800 Calliodore
1069 791 1079 811 ,
1106 756 1219 799 sede.

124 917 175 922 —
192 898 279 928 Σῦκςι
293 896 411 940 μέριζε.
425 893 596 939 Adagium
610 902 660 927 est
674 895 710 927 in
726 905 794 932 eos,

124 948 188 994 qui
209 961 320 994 quum
348 960 488 994 parvam
516 946 667 981 adierint
686 947 797 979 haere-

123 1000 267 1034 ditatem
279 1025 289 1041 ‚
309 1012 384 1033 eam
400 1008 516 1033 tamen
538 1000 648 1046 ipsam
667 1012 799 1044 cogun-

123 1062 182 1086 tur
214 1054 250 1086 in
279 1053 398 1099 plures
424 1053 548 1098 partiri
578 1052 796 1093 cohaeredes,

123 1107 171 1140 ita
192 1115 230 1140 ut
253 1105 438 1139 videantur
454 1105 537 1150 ficos
559 1106 722 1145 dividere;
742 1105 797 1138 vel

123 1163 207 1192 σῦκα
230 1160 334 1205 μέριζε
349 1185 358 1200 ,
378 1158 413 1191 id
427 1167 478 1192 est
491 1184 500 1197 ,
521 1158 640 1192 divide
658 1171 797 1192 mecum

124 1221 233 1245 totam
254 1220 383 1245 sortem
399 1211 610 1245 haereditatis
629 1224 726 1257 aequa
743 1224 797 1245 ra-

124 1265 220 1298 tione
234 1289 243 1305 ,
264 1263 308 1297 ad
331 1277 440 1310 usque
466 1277 575 1298 assem
590 1290 599 1305 ,
627 1265 694 1298 hoc
721 1273 771 1298 est
788 1291 797 1305 ,

124 1318 267 1350 minima
283 1343 292 1359 ‚
314 1318 484 1359 maxima;
507 1317 554 1350 ita
569 1326 608 1350 ut
629 1322 714 1351 σῦκα
733 1317 797 1350 mi-

123 1372 217 1404 nima
246 1371 421 1404 honorum
449 1371 609 1415 signent,
639 1371 798 1417 nihilque

123 1436 193 1456 non
215 1435 287 1457 esse
306 1422 551 1456 dividendum.

179 1480 212 1516 4.
247 1477 318 1509 Uno
342 1476 452 1510 credis.
481 1476 701 1509 Calliodorus
728 1489 797 1509 una

124 1542 206 1562 cum
230 1529 336 1562 fratre
359 1541 502 1563 censum
523 1538 718 1575 equestrem
741 1530 800 1563 ha-

123 1583 253 1615 bebat:
275 1586 385 1628 ErgO,
415 1582 531 1628 inquit
555 1583 660 1615 Poeta
676 1609 685 1624 ,
706 1583 733 1616 si
757 1596 798 1616 ex

124 1647 228 1668 censu
243 1635 420 1668 communi
437 1636 517 1669 estis
531 1636 665 1681 equites
677 1662 686 1674 ,
703 1648 797 1681 equo

122 1688 254 1733 pariter
279 1689 459 1721 communi
493 1687 611 1722 sedere
640 1687 797 1729 debetis,

123 1749 157 1774 et
175 1742 353 1774 communi
375 1741 541 1775 subsellio
559 1767 568 1783 ‚
589 1740 684 1787 quod
711 1741 798 1775 ridi-

123 1795 241 1827 culum
261 1802 323 1828 est.

180 1847 212 1881 5.
225 1847 355 1880 Polluce
370 1848 508 1880 molesta
527 1847 647 1880 Fratre
666 1841 727 1889 (ut
740 1848 798 1880 ille

124 1898 301 1941 Castoris)
330 1900 394 1946 qui
421 1901 532 1934 officit
553 1908 614 1933 tuo
641 1900 794 1939 honori,

123 1952 325 1986 dimidiatus
345 1966 460 1999 eques.

179 2008 212 2040 6.
234 2007 310 2040 AVon
340 2014 419 2039 esset
448 2007 579 2040 Pollux.
607 2007 734 2040 Pollux
765 2015 799 2040 et

124 2059 247 2092 Castor
264 2059 327 2092 filii
343 2058 446 2092 Ledae
463 2071 504 2092 ex
521 2060 609 2092 Jove
620 2085 629 2100 ‚
646 2072 799 2105 quorum

122 2111 180 2144 ille
201 2113 319 2157 pugil,
336 2112 394 2146 hic
410 2125 494 2145 vero
509 2125 615 2158 eques
627 2138 636 2154 ‚
652 2112 747 2146 unde
761 2115 798 2147 in

123 2165 325 2198 nominibus
344 2165 477 2199 facetus
495 2176 544 2198 est
561 2166 675 2200 Poetae
690 2167 796 2201 lusus.

123 2218 247 2252 Pollux
267 2218 360 2251 enim
383 2218 501 2264 pugil,
527 2218 648 2252 Castor
670 2231 797 2264 eques;

124 2271 230 2303 frater
248 2271 307 2305 ille
325 2280 406 2305 tuus
425 2272 523 2317 quasi
541 2272 638 2318 pugil
659 2273 723 2305 tibi
741 2285 798 2306 re·

124 2323 354 2368 luctatur‚ne
381 2325 491 2370 possis
519 2337 590 2359 esse
619 2338 799 2371 eques.—

856 894 982 927 Pollux
1000 893 1151 939 partitus
1168 903 1217 926 est
1235 893 1532 928 immortalitatem

856 958 936 979 cum
953 947 1058 980 fratre
1078 947 1243 987 Castore,
1263 946 1371 979 veluti
1391 947 1531 992 partiris

855 998 1108 1046 quadringenta
1124 999 1278 1033 sestertia
1303 1011 1383 1032 cum
1403 1000 1530 1040 fratr-83

856 1061 890 1085 et
905 1052 969 1086 tibi
982 1061 1102 1092 nocet,
1116 1050 1160 1085 n‘e
1171 1053 1307 1097 integro
1317 1053 1454 1093 fruaris,
1466 1054 1532 1086 fra-

856 1115 931 1147 ter,
958 1114 997 1138 ut
1019 1106 1140 1139 Castor
1166 1105 1296 1138 alterna
1325 1106 1531 1139 immortali-

856 1167 926 1192 tate
945 1157 1129 1204 gaudebat.
1147 1158 1215 1191 En.

910 1224 945 1256 7.
983 1212 1083 1245 Caius
1115 1224 1181 1243 cum
1212 1213 1281 1243 sitis
1312 1211 1411 1245 Junt.
1446 1224 1528 1246 ann.

861 1265 976 1303 1512,
1003 1273 1038 1298 et
1068 1264 1184 1299 Colin.
1219 1276 1302 1296 ann.
1340 1264 1449 1298 1528.
1478 1286 1530 1290 ——

860 1317 948 1350 Unus
991 1331 1083 1362 quum
1122 1320 1191 1349 sitis
1210 1330 1223 1356 ;
1261 1317 1323 1349 duo
1367 1316 1393 1353 Γ
1411 1317 1498 1349 Unus
1519 1345 1528 1357 ,

855 1383 946 1416 quum
968 1372 1035 1403 sitis
1054 1371 1153 1407 duo.)
1178 1371 1302 1415 Neque
1327 1369 1422 1402 enim
1452 1370 1533 1403 licet

855 1422 987 1464 dicere,
1004 1424 1105 1456 Unus
1123 1422 1249 1457 sedetis
1264 1437 1272 1463 ;
1290 1430 1324 1456 et
1343 1431 1457 1455 tamen
1471 1422 1530 1456 de·

855 1476 953 1509 beret
970 1475 1053 1510 dici.
1067 1476 1144 1509 Hoc
1163 1485 1236 1510 est:
1256 1476 1377 1508 Unum
1397 1484 1533 1508 tautum

856 1528 1029 1563 deberetis
1080 1541 1251 1575 occupare
1298 1529 1501 1562 subseIIIum
1524 1555 1534 1570 ,

857 1595 966 1627 quum
982 1595 1093 1615 unum
1104 1582 1259 1615 habeatis
1269 1594 1414 1615 censum
1430 1594 1533 1627 eque-

856 1644 973 1669 strem.
1000 1636 1116 1681 Apage
1136 1648 1239 1681 ergo,
1268 1647 1288 1667 o
1310 1634 1531 1676 Calliodore,

855 1689 938 1722 facis
957 1689 1203 1722 soloecismum.
1222 1689 1343 1721 Posset
1359 1688 1459 1721 aliter
1475 1688 1530 1720 in-

856 1741 1019 1787 terpungi
1034 1768 1042 1782 ‚
1063 1742 1151 1775 Unus
1165 1755 1258 1788 quum
1274 1743 1343 1774 sitis
1355 1755 1368 1781 ;
1383 1741 1450 1774 hoc
1463 1749 1513 1774 est
1527 1767 1536 1783 ,

855 1807 971 1841 eques.

911 1850 944 1882 8.
976 1846 1185 1881 Soloecismum
1197 1874 1206 1887 ,
1237 1855 1301 1881 etc.
1335 1848 1408 1881 Nec
1436 1847 1533 1880 enim

856 1901 905 1934 fas
922 1900 1040 1934 dicere
1055 1926 1064 1942 ‚
1087 1913 1166 1933 unus
1181 1901 1303 1934 sedetis.

910 1965 945 1997 9.
977 1953 1085 1988 Genus
1111 1953 1229 1994 Lethe,
1256 1963 1321 1987 etc.
1348 1953 1377 1985 E
1404 1953 1536 1998 quibus

857 2007 980 2041 Castor
1002 2007 1299 2040 immortalitatem
1327 2018 1426 2039 suam
1452 2018 1533 2039 cum

856 2060 963 2094 fratre
978 2059 1127 2106 partitus
1143 2068 1214 2101 est,
1233 2069 1271 2093 ut
1291 2058 1432 2092 alternis
1449 2059 1533 2091 vici-

856 2114 922 2147 bus
955 2121 1178 2146 morerentur
1208 2121 1242 2146 et
1272 2112 1533 2146 reviviscerent.

857 2168 909 2199 Ita
932 2179 994 2200 vos
1032 2179 1095 2212 per
1125 2166 1217 2199 vices
1242 2173 1352 2199 estote
1380 2165 1535 2209 equites,

856 2219 923 2253 nisi
937 2220 1085 2253 alterum
1101 2218 1192 2252 dicat
1210 2226 1373 2264 oportere
1393 2218 1482 2250 mori
1499 2226 1534 2250 et

857 2271 901 2306 ad
928 2272 1060 2306 inferos
1088 2271 1319 2314 descendere,
1347 2279 1386 2304 ut
1414 2283 1534 2317 super-

859 2335 926 2360 stes
947 2326 991 2359 sit
1013 2338 1130 2371 eques.
