1978 3305
669 193 958 236 TABULA.
1419 195 1517 258 673

270 276 363 310 LIX.
385 276 574 309 Inluscum
591 275 703 309 furem
715 298 1299 308 .......................
1333 279 1414 326 Pag,
1446 282 1465 316 3
1473 287 1492 323 4
1499 284 1518 318 5

279 330 356 362 LX.
381 329 422 362 In
443 327 626 363 ClaudIam
640 350 1411 363 .............................
1448 336 1522 376 346

258 382 354 415 LXI.
379 380 436 415 Ad
455 381 639 424 Severum,
662 379 707 415 de
723 381 851 415 Carino
874 403 1409 416 .....................
1448 387 1522 428 346

243 434 356 467 LXII.
381 435 432 468 De
454 433 595 467 Picente
612 455 989 465 ...............
1009 457 1015 461 .
1035 456 1357 468 .............
1377 462 1384 468 .
1403 460 1412 469 .
1449 440 1468 473 3
1476 445 1522 487 47

224 486 355 519 LXIII.
381 487 433 519 De
455 486 546 518 Aulo
562 507 1410 521 .................................
1449 493 1468 526 3
1476 496 1523 534 48

225 539 356 572 LXIV.
380 540 423 571 In
439 538 583 583 Clytum
607 559 1410 573 ..............................
1449 546 1524 586 348

242 592 355 624 LXV.
381 589 437 623 Ad
455 590 697 623 Domitianum
722 611 1306 624 .......................
1326 621 1333 624 .
1352 617 1361 624 .
1378 617 1386 623 .
1404 619 1413 627 .
1451 599 1523 645 349

226 644 356 677 LXVI.
382 644 433 676 De
451 643 637 676 consulatu
655 642 731 676 Silii
747 664 1412 678 ..........................
1450 650 1523 685 352

207 696 356 730 LXVII.
382 697 423 728 ln
442 695 667 729 Caecilianum
692 715 1413 730 ............................
1451 702 1524 739 353

191 749 358 782 LXVIII.
383 747 438 781 Ad
458 747 636 781 Entellum
665 769 1414 783 .............................
1453 756 1525 791 355

226 801 357 835 LXIX-
381 801 425 833 In
439 801 629 834 vacerram
640 821 1414 835 ..............................
1453 808 1526 844 356

246 854 357 887 LXX.
382 854 434 886 De
456 853 570 886 Nerva
588 874 1414 888 ................................
1453 861 1525 907 357

227 906 358 940 LXXI.
382 906 425 938 In
447 905 713 939 Postumianum
723 926 1416 941 ..........................
1455 913 1526 949 358

208 959 357 992 LXXII.
383 957 439 992 Ad
459 958 591 991 librum
610 971 711 992 suum
721 979 1415 994 ...........................
1455 965 1500 1000 35
1507 980 1527 1011 9

189 1011 358 1045 LXXHI.
383 1010 439 1045 Ad
458 1011 673 1045 Instantium
693 1032 1418 1046 ............................
1457 1018 1529 1053 360

191 1064 358 1097 LXXIV.
382 1064 424 1097 In
445 1063 575 1097 malum
596 1062 769 1097 medicum
800 1086 1415 1099 ........................
1454 1071 1524 1105 361

209 1117 358 1150 LXXV.
383 1117 437 1149 De
458 1116 560 1150 Gallo
582 1116 726 1162 lingono
748 1138 1417 1153 ..........................
1456 1122 1528 1158 362

193 1169 359 1203 LXXVI.
382 1170 425 1202 In
448 1168 623 1203 Gallicum
641 1191 1415 1205 ..............................
1455 1176 1529 1215 364

174 1221 360 1255 LXXVII.
382 1220 438 1255 Ad
457 1221 608 1255 liberum
629 1222 780 1256 amicum
801 1244 1099 1253 ............
1121 1251 1126 1255 ,
1145 1247 1417 1257 ...........
1455 1229 1502 1263 36
1509 1234 1529 1270 4

158 1274 360 1308 LXXVIII,
383 1275 436 1308 De
456 1273 549 1308 ludis
571 1274 685 1308 Stellae
695 1297 1417 1309 ............................
1456 1280 1527 1316 365

195 1327 361 1361 LXXIX.
384 1327 427 1360 In
446 1327 630 1361 Fabullam
639 1349 1416 1362 ..............................
1457 1333 1530 1370 368

214 1380 360 1415 LXXX.
386 1378 444 1413 Ad
463 1380 706 1414 Domitianum
723 1402 1421 1416 ...........................
1459 1385 1531 1422 363

195 1432 362 1466 LXXXI.
387 1433 439 1465 De
459 1432 572 1466 Gellia
592 1454 1420 1468 ................................
1459 1438 1532 1485 370

178 1485 362 1519 LXXXH.
387 1483 442 1518 Ad
458 1485 698 1518 Domifianum
728 1507 1418 1520 ...........................
1458 1491 1503 1537 37
1514 1505 1528 1526 1

740 1594 913 1604 -ῢ-

158 1694 209 1729 M.
228 1695 342 1729 VAL.
369 1695 699 1730 MARTIALIS
727 1695 1211 1733 EPIGRAMMATUM
1238 1700 1411 1736 LIBER
1438 1704 1508 1738 IX.

334 1802 364 1835 Ῑ.
390 1800 446 1834 Ad
465 1796 612 1835 AVItum
621 1824 1420 1839 ...............................
1459 1808 1530 1855 372

389 1854 559 1887 Martialis
578 1853 734 1887 Turanio
753 1866 816 1887 suo
836 1866 851 1888 s
854 1877 1420 1891 .....................
1459 1862 1533 1908 373

317 1907 364 1940 Π.
389 1907 442 1940 De
461 1906 593 1952 templo
609 1906 736 1940 Flaviae
754 1906 867 1952 gentis
887 1930 1263 1941 ...............
1286 1934 1290 1941 2
1309 1935 1316 1941 .
1335 1936 1342 1942 .
1364 1936 1368 1941 .
1388 1934 1396 1942 .
1414 1935 1422 1944 .
1460 1915 1534 1961 374

299 1959 365 1993 ῙΠ.
390 1960 434 1993 In
454 1960 596 2005 Lupum
621 1981 1422 1997 ...............................
1460 1967 1534 2014 375

300 2012 366 2045 IV.
391 2011 448 2045 Ad
466 2011 711 2045 Domitianum
729 2034 1422 2049 ...........................
1460 2020 1535 2066 376

316 2065 364 2098 V.
391 2066 434 2098 In
457 2065 662 2112 AEschylum
688 2087 1423 2102 .............................
1461 2073 1536 2119 378

303 2117 366 2151 VI.
391 2118 434 2151 In
455 2117 610 2151 Paullam
628 2139 1032 2149 ................
1052 2146 1058 2149 ,
1077 2143 1427 2154 ..............
1466 2126 1537 2172 378

283 2169 366 2203 VH.
392 2169 448 2204 Ad
465 2170 707 2204 Domitianum
717 2192 1422 2208 ............................
1461 2179 1536 2225 379

267 2221 367 2256 Vm.
392 2222 436 2256 Id
456 2223 583 2256 Afrum
600 2245 1423 2260 ................................
1463 2231 1538 2268 380

305 2275 369 2309 IX.
394 2274 451 2309 Ad
469 2275 711 2309 Domitianum
731 2297 1425 2313 ...........................
1463 2285 1539 2320 380

323 2328 368 2361 X.
394 2327 450 2362 Ad
469 2328 696 2374 Bithynicum
706 2349 1426 2365 ............................
1464 2337 1534 2372 381

303 2380 370 2415 XI.
395 2382 438 2415 In
461 2381 683 2415 Cantharum
706 2402 1428 2418 ............................
1466 2389 1536 2425 382

287 2433 371 2467 XII.
396 2435 448 2468 De
468 2434 597 2468 Earino
618 2433 811 2468 Domitiani
841 2456 1426 2471 -----------------------
1465 2442 1536 2476 382

272 2486 371 2519 XIII.
396 2487 449 2521 De
469 2485 593 2521 eodem
601 2508 1427 2523 ................................
1466 2494 1511 2528 38
1519 2500 1539 2536 4

272 2538 372 2572 XIV.
397 2540 450 2573 De
470 2538 595 2573 eodem
605 2561 1428 2577 ................................
1467 2547 1539 2587 384

291 2591 374 2625 XV.
398 2593 440 2626 In
460 2593 612 2626 amicum
632 2592 836 2639 coenipetam
867 2614 1427 2629 ......................
1466 2600 1512 2634 38
1520 2601 1538 2634 5

274 2643 373 2678 XVI.
399 2645 452 2678 De
471 2645 582 2679 Chloe
603 2667 1428 2681 ................................
1466 2652 1539 2686 386

206 2716 268 2757 ll.
1231 2717 1296 2774 43
