1978 3305
432 223 528 268 330

793 225 854 268 M.
882 225 1018 268 VAL.
1059 225 1449 270 MARTIALIS

567 312 805 372 AEdemque
833 312 1010 368 Martis,
1035 321 1078 356 et
1101 311 1300 356 colosson
1322 314 1505 373 Augusti

569 383 720 427 Curris
751 398 828 442 per
854 398 1004 426 omnes
1033 383 1289 442 tertiasque,
1312 382 1580 443 quintasque.

571 454 693 513 Rape
709 487 720 507 ‚
743 468 929 513 congere
947 487 958 507 ‚
983 452 1126 507 aufer,
1153 452 1324 512 posside
1347 468 1355 494 :
1382 451 1709 513 relinquendum
1738 462 1812 496 est.

571 522 768 582 Superba
787 522 929 567 densis
953 538 1054 568 arca
1082 521 1240 583 palleat
1262 523 1471 577 nummis,

573 593 762 636 Centum
784 591 1054 654 explicentur
1078 594 1247 654 paginae
1269 591 1591 647 Kalendarum3

572 662 744 706 Jurabit
769 663 907 707 haeres
927 673 970 706 te
993 662 1098 707 nihil
1124 662 1370 723 reliquisse,

574 734 801 794 Supraque
828 732 1025 794 pluteum
1056 743 1098 777 te
1120 733 1290 793 jacente
1305 768 1316 788 ‚
1338 732 1406 776 vel
1434 749 1583 777 saxum
1600 768 1611 786 ‚

572 805 727 847 Fartus
754 819 921 865 papyro
946 803 1051 848 dum
1079 803 1158 848 tibi
1187 813 1308 848 torus
1336 804 1514 859 crescit,

575 873 746 918 Flentes
767 875 981 935 superbus
1001 874 1184 918 basiabit
1205 874 1455 926 eunuchos;

574 945 757 1005 Tuoque
781 945 912 988 tristis
938 943 1072 1000 filius,
1094 943 1198 988 velis
1228 943 1338 988 nolis
1353 980 1365 997 ,

576 1015 688 1058 Cum
719 1015 966 1059 concubino
997 1024 1125 1059 nocte
1156 1014 1342 1058 dormiet
1371 1014 1523 1074 prima.

439 1137 515 1170 Hoc
531 1143 597 1177 est,
616 1134 784 1180 inquiunt
800 1135 976 1168 Domitius
991 1143 1025 1168 et
1041 1136 1110 1168 Ra-

439 1188 561 1230 derus,
582 1196 660 1221 ante
681 1188 812 1233 equites
834 1200 842 1221 ;
864 1186 997 1233 judices
1018 1187 1112 1220 enim

439 1250 538 1276 erant
555 1240 723 1286 equestris
745 1239 892 1274 ordinis.
916 1240 1021 1274 Forte
1045 1248 1112 1274 sta-

442 1303 519 1328 tuas
534 1302 709 1339 equestres
729 1293 766 1326 in
787 1294 863 1327 foro
880 1294 1021 1340 positas.

494 1360 530 1393 7.
555 1347 706 1380 Colosson
730 1347 886 1391 Augusti.
910 1347 1025 1388 Quem
1053 1344 1114 1379 de-

442 1400 562 1435 scribit
574 1400 765 1434 Marlianus
777 1399 840 1434 lib.
854 1401 910 1433 III
921 1426 930 1441 ‚
945 1411 1021 1445 cap.
1039 1402 1074 1433 6.

498 1454 531 1487 8.
548 1453 613 1486 Per
627 1466 730 1485 omnes
747 1456 866 1487 tertias.
884 1453 1052 1486 Decurias
1065 1454 1118 1497 ju-

443 1505 562 1540 dicum
584 1506 784 1551 intelligunt
803 1506 883 1546 alii,
903 1518 980 1551 quae
997 1505 1116 1551 primo

443 1568 512 1593 tres
527 1581 536 1598 ‚
570 1559 700 1604 quibus
732 1560 908 1604 Augustus
938 1566 1095 1604 quartam
1109 1585 1118 1599 ,

445 1612 601 1657 Caligula
608 1612 767 1657 quintam
780 1610 928 1645 addidit.
938 1611 1005 1644 Alii
1016 1611 1118 1644 horas

445 1665 731 1710 interpretantur.
753 1665 872 1710 Epigr.
898 1676 995 1698 vau
1018 1664 1118 1697 infra.

445 1739 497 1745 —
517 1719 584 1751 Per
600 1731 703 1750 omnes
723 1720 874 1764 tertiaque
888 1717 925 1750 in
941 1718 961 1750 J
966 1725 1040 1750 unt.

504 1783 561 1804 ιο.
589 1770 731 1816 Superba
755 1771 858 1804 densis
886 1783 960 1803 arca
986 1770 1122 1816 pullulet

448 1824 484 1856 in
501 1823 709 1869 quibusdam
727 1832 812 1857 vett.
827 1832 860 1857 et
877 1824 925 1857 sic
945 1823 981 1857 in
999 1821 1121 1856 codice

448 1878 574 1910 Dousae
591 1877 628 1910 P.
653 1877 721 1910 Alii
741 1877 880 1922 legunt,
897 1877 1044 1921 pullulet.
1057 1876 1121 1908 Vi—

448 1928 527 1963 deat
558 1930 678 1963 lector.
708 1951 759 1956 —-
790 1930 930 1963 Palleat.
965 1931 1122 1975 Argento

448 1994 597 2028 nempe,
632 1984 730 2028 cujus
758 1983 855 2016 color
880 1981 1031 2028 pallidus
1058 1991 1121 2015 est.

1228 1146 1285 1168 11.
1310 1133 1442 1167 Centum
1471 1133 1673 1178 explicentur.
1703 1133 1847 1166 Tabulae

1171 1187 1394 1232 aperiantur,
1423 1186 1550 1231 quibus
1588 1194 1722 1220 constat
1753 1184 1846 1231 apud

1172 1248 1313 1273 centum
1334 1238 1511 1273 debitores
1529 1239 1678 1284 positam
1701 1238 1765 1272 tihi
1786 1250 1848 1283 pe-

1172 1293 1331 1334 cuniam;
1342 1292 1483 1338 negabit
1497 1292 1606 1325 haeres
1622 1289 1814 1338 quidquam
1831 1304 1848 1324 a

1173 1345 1339 1379 defuncto
1370 1345 1541 1379 relictum.
1560 1344 1627 1378 Hic
1649 1357 1725 1378 mos
1756 1343 1849 1378 euim

1173 1399 1311 1440 multis,
1334 1407 1373 1431 ut
1395 1397 1521 1431 divites
1542 1397 1665 1443 positis
1684 1397 1720 1430 in
1747 1409 1825 1430 arca
1840 1421 1849 1437 ‚

1175 1452 1296 1498 positis
1319 1451 1355 1484 in
1377 1451 1509 1484 foenore
1526 1450 1699 1489 nummis,
1722 1461 1852 1496 paupe-

1175 1517 1230 1538 res
1245 1516 1281 1538 se
1298 1502 1489 1550 praedicent
1501 1527 1510 1544 ‚
1529 1502 1600 1536 sive
1622 1510 1661 1536 ut
1682 1501 1853 1536 invidiam

1177 1556 1352 1591 declinent
1364 1582 1373 1598 ‚
1384 1556 1456 1590 sive
1469 1555 1564 1602 quod
1581 1568 1762 1601 uunquam
1774 1568 1853 1601 pos-

1178 1609 1290 1645 sidere
1305 1622 1341 1643 se
1360 1609 1439 1643 satis
1456 1617 1595 1655 putent.

1238 1667 1294 1704 14.
1323 1663 1460 1696 Fructus
1488 1674 1613 1707 papyro
1645 1659 1855 1694 Beverlandi

1179 1716 1254 1749 MS.
1266 1737 1317 1742 —
1328 1716 1449 1749 Fartus
1459 1728 1595 1762 papyro,
1614 1714 1692 1756 Qua
1707 1714 1856 1747 uteban-

1181 1777 1238 1802 tur
1257 1767 1302 1802 ad
1320 1781 1444 1814 rogum
1465 1766 1681 1802 struendum.
1704 1766 1783 1800 Lib.
1802 1767 1831 1799 X
1847 1792 1856 1807 ‚

1182 1822 1292 1868 epigr.
1316 1833 1424 1855 xcv11.

1239 1875 1298 1909 15.
1319 1875 1448 1908 Flentes
1473 1874 1639 1919 superbum
1666 1883 1711 1906 ex
1737 1870 1858 1906 codice

1183 1928 1341 1962 Palatino
1358 1927 1443 1973 legit
1458 1927 1643 1961 Gruterus.
1664 1925 1788 1959 Flentes
1806 1938 1858 1958 su-

1179 1981 1292 2026 perbos
1309 1980 1511 2015 Scriverius.

1051 2114 1243 2172 XLV.

597 2267 661 2295 AD
700 2266 956 2296 FLACCUM
997 2266 1061 2294 DE
1103 2265 1299 2294 REDITU
1343 2265 1379 2292 P.
1413 2242 1721 2292 TERJ-:NT11.*

524 2378 717 2420 Pfflscus
747 2375 802 2418 ab
829 2375 1003 2418 AEtnaeis
1037 2373 1167 2429 mihi,
1198 2371 1378 2427 Flacee‚
1397 2372 1626 2416 Terentius
1657 2371 1744 2415 oris

506 2498 518 2510 “
549 2498 607 2531 Ad
630 2497 779 2531 Flaccum
807 2495 987 2541 inscriptio
1014 2504 1063 2529 est
1093 2496 1126 2528 in

453 2551 532 2585 edd.
552 2558 632 2583 vett.

505 2625 553 2631 ——
575 2604 735 2637 celebrat
753 2601 905 2636 reditum
922 2615 939 2635 (ι,
957 2601 1071 2635 Sicilia
1091 2601 1127 2634 Ρ.

454 2657 631 2696 Terentii,
653 2656 820 2689 Martialis
840 2654 1098 2688 familiarissimi
1121 2666 1127 2685 ς

1189 2503 1222 2528 et
1238 2502 1417 2540 precatur,
1434 2502 1473 2527 ut
1486 2502 1555 2526 tam
1572 2493 1649 2527 laete
1665 2505 1744 2525 mox
1762 2492 1863 2525 etiam

1190 2548 1300 2581 Flacci
1314 2545 1493 2581 redeuntis
1506 2559 1524 2579 e
1538 2547 1658 2593 Cypro
1670 2544 1761 2578 diem
1777 2553 1865 2590 ngat.

1248 2613 1276 2633 1.
1297 2601 1435 2633 Priscus.
1453 2599 1504 2633 Ad
1521 2612 1623 2645 quem
1641 2599 1745 2632 Poeta
1761 2598 1865 2631 mittit

1190 2654 1318 2686 librum
1336 2652 1595 2686 duodecimum.
