1978 3305
362 232 948 277 EPIGRAMMATUM
986 231 1109 274 LIB.
1148 232 1202 273 V.

1424 229 1488 289 fi

668 380 906 436 LXXL

563 536 628 563 AD
667 513 1020 564 nummum*

160 663 357 705 ΗυΜιοΑ
379 673 464 719 qua
485 656 646 717 gelidas
669 656 882 700 submittit
905 655 1092 700 Trebula
1118 655 1274 711 valles,

229 733 286 773 Et
309 729 477 783 viridis,
499 727 658 771 Cancri
682 726 924 778 mensibus,
952 725 1067 786 alget
1090 742 1213 786 ager,

162 802 280 843 Rura
309 798 511 843 Cleonaeo
540 813 763 857 nunquam
790 805 999 841 temerata
1025 798 1195 851 Leone,

230 871 286 913 Et
313 869 468 912 domus
497 866 636 911 AEolio
667 882 837 927 semper
863 866 999 910 amica
1023 867 1168 922 Noto,

159 942 244 996 Te,
269 940 498 993 Faunine,
516 946 675 982 vocant
698 954 707 980 ε
729 935 880 998 longas
906 937 973 980 his
997 937 1119 998 exige
1144 953 1303 981 messes

242 1008 436 1054 Collibus
463 1026 472 1052 ε
498 1008 727 1052 hibernum
752 1007 839 1068 jam
864 1007 941 1050 tibi
961 1007 1096 1050 Tibur
1119 1008 1228 1071 erit.»

131 1142 145 1155 '¹
154 1146 281 1179 Invitat
292 1146 494 1179 Faustinum
510 1152 591 1179 aestu
608 1145 763 1178 fervente

91 1199 127 1231 in
161 1199 400 1231 Trebulanum
432 1210 576 1243 agrum,
605 1197 680 1243 ipso
701 1196 763 1229 Ti-

92 1253 178 1284 bure
196 1250 424 1296 frigidiorem.

149 1316 162 1336 1
173 1330 180 1337 .
195 1304 452 1337 Trebula.Vicus
461 1328 470 1344 ‚
484 1301 662 1336 Strabonis
673 1301 765 1335 testi-

92 1356 232 1398 monio,
271 1365 330 1390 aut
365 1355 536 1402 oppidum
565 1355 601 1387 in
629 1354 764 1388 Sabinis

92 1417 205 1442 aestate
234 1408 524 1455 frigidissimum:
553 1419 647 1440 nunc
673 1407 765 1440 Mon-

93 1462 219 1495 adeone.
234 1483 286 1488 --
302 1462 464 1495 Submitttt
481 1461 594 1493 valles.
617 1460 762 1504 Dionys.

94 1515 267 1548 Halicarn.
294 1515 354 1548 lib.
369 1516 386 1547 Ι
404 1527 411 1547 :
429 1514 508 1547 «Ab
531 1512 649 1546 eadem
677 1513 764 1546 urbe

93 1564 105 1605 (
119 1565 242 1608 Reate)
259 1580 314 1601 sex
333 1567 452 1601 stadiis
468 1566 572 1600 distat
590 1566 743 1599 Trebula
755 1590 764 1605 ,

92 1620 156 1653 sita
176 1620 211 1653 in
230 1619 369 1653 modico
388 1620 537 1653 tumulo.
559 1636 572 1648 n
590 1619 766 1652 Mutuscas

93 1673 197 1706 fuisse
229 1681 354 1718 putant
397 1671 440 1706 de
477 1672 603 1717 quibus
634 1671 763 1715 virgil.

98 1743 111 1754 «ι
128 1725 306 1759 Oliviserae
328 1726 511 1758 Mutuscae.
531 1742 544 1754 »
562 1725 686 1757 Totam
709 1735 763 1758 re-

93 1778 231 1822 gionem
262 1778 469 1811 Sabinorum
483 1804 491 1816 ,
526 1777 698 1810 olivarum
731 1784 765 1809 et

93 1831 219 1863 vitium
237 1831 384 1864 feracem
400 1831 524 1864 Strabo
538 1829 655 1863 tradit.
667 1829 765 1862 Nihil

93 1883 150 1916 hic
170 1883 214 1917 de
231 1884 378 1925 Trebia,
403 1883 462 1928 qui
484 1883 595 1915 amnis
614 1891 664 1915 est
688 1882 765 1915 Pla-

93 1936 252 1970 centinus
271 1962 280 1978 ‚
308 1948 453 1969 romana
485 1934 582 1968 clade
609 1935 736 1968 nobilis
753 1961 761 1974 ‚

93 1989 204 2033 cogita
233 2003 239 2021 :
270 1990 392 2034 procul
428 1988 521 2022 enim
558 1988 710 2021 Trebula
746 1999 764 2020 a

93 2041 231 2075 Trebia.
260 2042 415 2082 Plinius,
443 2041 503 2075 lib.
526 2041 581 2074 III
599 2067 608 2084 ‚
629 2041 764 2074 Trebu-

94 2094 182 2128 linos
201 2094 410 2128 Balinienscs
428 2094 690 2139 cognominatos
705 2093 763 2127 ait.

150 2161 182 2180 2-
204 2147 321 2180 Cancri
342 2147 508 2180 mensibus.
526 2147 646 2180 Mense
671 2147 765 2180 scili-

95 2207 148 2233 cet
163 2200 258 2233 Julio
271 2226 280 2241 ,
301 2213 370 2246 quo
385 2201 521 2234 Cancer
539 2200 680 2245 signum
700 2211 764 2232 cae-

94 2252 177 2285 leste
205 2253 335 2294 fervet3
368 2261 402 2286 et
435 2265 552 2285 mense
581 2254 737 2297 Augusto
754 2277 765 2292 a

95 2317 164 2349 quo
183 2305 254 2338 Leo
285 2304 391 2339 ardet.
415 2305 594 2339 Cleonaeus
626 2305 765 2347 dictus,

95 2357 174 2402 quia
213 2370 322 2403 prope
363 2358 508 2391 Cleonas
537 2384 546 2398 ‚
593 2357 767 2403 oppidum

94 2410 348 2454 Peloponnesi,
375 2411 526 2444 Leonem
558 2410 648 2444 inter
678 2419 766 2444 astra

821 1141 952 1176 deinde
979 1143 1127 1177 relatum
1157 1143 1333 1178 interfecit
1359 1144 1494 1178 Hereu-

821 1197 882 1230 les.
903 1196 981 1228 Lib.
999 1197 1065 1235 IV,
1085 1196 1193 1241 epigr.
1211 1209 1303 1231 Lvn.

876 1248 909 1282 3.
925 1249 1035 1289 Rara,
1058 1261 1190 1282 amoena
1220 1262 1302 1283 rura
1334 1250 1495 1284 Trebulae

822 1310 856 1334 te
866 1301 1028 1334 invitant.
1039 1322 1072 1328 —
1085 1302 1232 1335 Cleonoeo
1243 1315 1413 1348 nunquam,
1429 1312 1493 1337 etc.

822 1355 913 1387 Rura
944 1354 1143 1387 Trebulana
1167 1368 1348 1401 nunquam
1377 1354 1497 1390 adusta

821 1415 902 1440 sunt
923 1407 1037 1440 calore
1055 1407 1159 1449 solis;
1183 1409 1338 1453 Augusto
1357 1421 1493 1448 mense,

823 1472 894 1505 quo
925 1460 997 1492 Leo
1027 1468 1168 1499 aestuat,
1199 1473 1337 1506 semper
1369 1461 1496 1506 frigida

823 1520 920 1554 sunt,
939 1511 1043 1545 etiam
1065 1525 1197 1546 summa
1217 1522 1344 1547 aestate.

879 1570 911 1606 4.
932 1566 1053 1597 Domus
1072 1566 1206 1606 AEolio,
1224 1574 1290 1600 etc.
1311 1567 1403 1599 Villa
1424 1568 1498 1600 Au-

824 1626 896 1651 stro
914 1618 1079 1663 exposita.
1101 1619 1211 1652 Venti
1229 1619 1265 1651 in
1286 1620 1377 1652 AEoli
1395 1619 1499 1653 ditio-

824 1683 868 1704 ne
894 1682 966 1703 esse
983 1671 1226 1716 perhibentur.
1245 1673 1358 1706 Notus
1379 1681 1496 1706 autem

830 1723 972 1770 proprie
1000 1724 1043 1756 ab
1072 1723 1205 1766 AEolia,
1218 1726 1300 1767 soeta
1316 1726 1496 1768 furentibus

824 1780 957 1817 austris,
977 1776 1112 1809 Italiam
1127 1776 1242 1819 afflat3
1265 1786 1367 1824 atque
1388 1790 1406 1811 a
1428 1791 1498 1812 nie-

824 1830 914 1863 ridie
927 1829 1051 1875 spirat,
1065 1838 1191 1863 ventus
1202 1830 1366 1865 humidus.
1376 1857 1384 1872 ,
1400 1831 1497 1865 unde

824 1891 916 1916 recte
944 1894 1049 1927 supra
1076 1891 1197 1927 poeta,
1224 1884 1382 1917 humidam
1417 1885 1495 1917 Tre-

823 1935 927 1969 bulam
940 1934 1089 1968 vocavit.

879 1988 913 2022 5.
936 1989 994 2028 Te,
1011 1988 1176 2029 Faccstine,
1189 1997 1285 2022 vocat
1299 1989 1380 2024 Ald.
1392 1991 1493 2024 Junt.

825 2041 940 2075 Colin.
954 2040 1092 2087 Gryph.
1104 2041 1263 2075 Pulman.
1275 2043 1414 2076 Junian.
1430 2051 1495 2077 etc.

825 2116 876 2121 —-
906 2095 1034 2137 Longas
1058 2094 1126 2134 his,
1142 2102 1205 2128 etc.
1227 2097 1394 2129 sEstatem
1419 2097 1496 2130 lon·

823 2160 916 2192 gam,
936 2145 1009 2179 dies
1030 2147 1174 2180 aestivos.

879 2202 912 2233 6.
934 2199 1121 2232 Hiber-num.
1148 2200 1224 2233 Hoc
1258 2208 1307 2233 est
1323 2226 1332 2242 ,
1359 2201 1496 2235 Trebu-

826 2253 922 2285 lanus
951 2264 1031 2297 ager
1060 2251 1145 2285 adeo
1178 2251 1324 2297 frigidus
1350 2262 1420 2293 est,
1457 2263 1495 2287 ut

827 2313 942 2339 oestate
961 2317 1030 2338 non
1046 2306 1116 2350 jain
1127 2304 1255 2350 frigido
1269 2306 1424 2347 Tibure,
1436 2307 1495 2340 sed

826 2358 988 2391 Trebulae
1018 2370 1202 2391 mansurus
1227 2358 1281 2391 sis.
1309 2358 1399 2392 Vide
1432 2360 1494 2393 lib.

827 2412 892 2452 IV,
913 2411 1024 2456 epigr.
1045 2422 1120 2444 Lvn
1133 2436 1142 2451 ‚
1165 2424 1206 2444 Lx
1223 2420 1257 2445 et
1275 2423 1361 2445 Lxu.
