1978 3305
343 231 930 274 EPIGRAMMATUM
967 231 1091 274 LIB.
1117 231 1268 273 VlII.

1410 246 1504 291 297

241 319 441 378 Purpura
472 327 514 361 te
548 317 672 373 felix,
697 328 738 362 te
764 317 879 363 colat
904 318 1046 362 omnis
1072 317 1212 361 honos
1235 334 1242 360 :

171 389 238 430 Tu
269 396 416 432 tamen
444 388 528 432 hoc
555 390 713 445 mavis,
738 389 874 433 Latiae
896 387 1014 449 quod
1039 388 1221 449 contigit
1242 387 1367 442 urbi,

241 459 396 502 Mense
422 468 498 502 tuo
527 458 756 513 reducem,
779 462 886 503 Jane
901 494 912 513 ‚
933 458 1079 502 videre
1105 459 1262 502 Deum.

101 597 218 629 salutet
231 597 380 641 Purpura
393 595 504 631 codex
520 598 774 632 Pulmanui.—

105 650 151 682 Te
170 652 316 693 primum.
337 650 388 684 Ut
412 651 542 692 JanuS,
572 650 633 696 qui
653 651 774 684 limina

99 710 231 744 servat,
259 701 304 736 ad
328 703 413 736 alios
442 704 532 736 Deos
557 703 775 749 supplicibus

99 753 235 788 aditum
268 755 462 800 patefaciat.
485 755 558 789 Hac
580 754 626 789 de
649 768 749 789 causa
766 782 775 798 ,

99 807 214 852 inquit
239 807 408 849 Ovidius,
431 808 520 841 Fast.
552 809 590 850 I,
618 809 774 854 primum

96 860 118 892 J
122 871 189 893 auo
207 860 454 906 supplicabant
472 861 631 907 Antiqui.

151 916 187 953 4-
206 913 366 958 Purpura.
390 913 466 947 Hoc
490 921 560 956 est,
586 914 772 961 purpurati

97 965 275 1004 consules,
298 965 360 1012 qui
380 978 500 1000 mense
521 967 690 1001 Januario
707 968 774 1001 fas·

96 1030 154 1051 ces
173 1020 364 1052 sumebant.
377 1018 484 1052 Ovid.
502 1019 539 1053 in
556 1020 648 1054 Fast.
666 1021 703 1062 Ι,
722 1034 771 1055 vs.

99 1072 143 1105 8¹
161 1082 169 1103 :
189 1088 202 1101 ι
217 1072 367 1118 Jamque
382 1072 466 1106 novi
478 1081 637 1118 praeeunt
646 1074 772 1115 fasces;

96 1136 187 1158 nova
222 1137 379 1170 purpura
415 1125 525 1171 fulget
549 1143 563 1156 n
580 1149 590 1164 ‚
626 1135 692 1161 etc.
721 1147 774 1155 —

101 1177 213 1210 Omnis
231 1178 338 1211 honos.
358 1178 436 1212 Hoc
459 1186 510 1212 est
527 1205 536 1220 ,
552 1179 700 1227 quilibet
717 1192 773 1213 re-

96 1229 247 1279 publicae
261 1230 491 1276 magistratus.

889 598 923 631 5.
941 598 1014 630 Hoc
1030 600 1136 630 mavis.
1158 596 1398 630 Domitianum
1415 608 1510 629 nem-

833 661 878 695 pe
910 662 929 683 a
956 649 1063 695 longo
1093 649 1186 683 bello
1220 658 1254 682 et
1284 657 1506 682 externarum

832 702 988 748 gentium
1023 702 1124 736 terris
1157 702 1298 734 reducem
1327 700 1507 747 adspicere

831 767 947 801 quam*
968 754 1037 788 coli
1057 755 1101 789 ab
1129 754 1291 788 omnibus
1327 754 1506 799 magistra-

833 809 926 842 tibus
941 820 1058 841 mense
1071 807 1240 842 Januario
1255 806 1320 841 tibi
1337 806 1508 841 dedicato.

833 862 971 895 -Aut
994 873 1002 894 :
1028 861 1159 895 Gloriae
1182 860 1260 906 plus
1293 859 1359 893 tibi
1388 872 1433 893 ex
1468 872 1509 893 eo

832 922 933 960 putas
953 912 1050 960 quod
1068 913 1239 959 principis
1257 912 1381 954 semel,
1403 925 1506 958 quam

832 965 928 1013 quod
945 966 1025 1000 anni
1045 966 1224 1000 multoties
1244 965 1362 999 reditu
1373 965 1510 998 Urbem

831 1020 1000 1054 beaveris.
1020 1018 1075 1053 Ad
1100 1020 1243 1054 unicam
1270 1019 1366 1052 enim
1387 1031 1511 1052 vocem

833 1073 931 1106 redut
958 1085 999 1107 eo
1027 1072 1135 1107 modo
1163 1071 1277 1106 tendit
1300 1080 1413 1105 totum
1435 1071 1510 1116 epi-

831 1139 983 1172 gramma
1010 1138 1073 1172 per
1103 1126 1279 1166 ἀντιθέσιν;
1308 1133 1343 1158 et
1373 1125 1410 1157 in
1441 1124 1510 1157 hoc

833 1187 926 1213 certe
940 1179 1019 1224 plus
1033 1179 1174 1224 argutiae
1183 1186 1217 1212 et
1231 1176 1508 1224 epigrammatici

835 1232 1019 1266 acuminis.
1034 1232 1100 1265 Eu.

746 1365 854 1421 IX.

445 1522 515 1554 AD
553 1521 826 1558 QUINTUM
864 1522 932 1549 DE
972 1501 1164 1550 HYLA.*

160 1646 373 1689 SOLVERE
396 1644 656 1689 dodrantem
678 1661 818 1706 nuper
841 1645 943 1699 tihi,
968 1645 1154 1702 Quinte,
1175 1643 1349 1688 volebat

232 1715 400 1776 Lippus
423 1715 557 1776 Hylas
580 1732 589 1758 :
613 1714 758 1761 luscus
784 1714 879 1759 vult
903 1715 1007 1759 dare
1033 1714 1276 1759 dimidium.

115 1844 118 1847 .
163 1786 324 1847 Accipe
349 1787 676 1847 quamprimum
698 1803 707 1830 ε
729 1787 874 1830 brevis
897 1796 962 1831 est
984 1787 1156 1830 occasio
1180 1784 1303 1830 lucri.

232 1857 276 1900 Si
306 1856 438 1900 fuerit
460 1873 622 1914 caecus,
645 1857 705 1901 nil
734 1857 810 1901 tibi
842 1856 981 1901 solvet
1007 1856 1152 1917 Hylas.

144 1991 232 2027 'Ad
260 1993 435 2038 Quintum,
464 1993 609 2040 dempto
637 1993 770 2028 addita-

91 2055 230 2089 mento,
252 2046 437 2093 inscriptio
455 2055 505 2080 est
523 2046 559 2081 in
580 2046 662 2081 edd.
686 2056 768 2081 vett.

90 2099 171 2133 Ald.
195 2100 296 2132 Junt.
319 2099 434 2134 Colin.
456 2100 595 2146 Gryph.
609 2101 768 2134 Pulman.

91 2153 198 2198 Lang.
224 2153 338 2186 Plant.
358 2153 501 2187 Junian.
523 2161 588 2187 etc.

148 2217 180 2239 1.
197 2205 321 2238 Solvere
353 2206 548 2239 dodrantem.
580 2206 658 2240 Hoc
687 2215 738 2240 est
756 2233 765 2248 ‚

90 2270 216 2291 novem
236 2258 376 2292 uncias:
399 2260 611 2305 plerumque
630 2272 764 2293 summa

88 2309 237 2350 credita,
257 2319 295 2344 et
318 2311 537 2346 haereditates
562 2311 766 2346 divideban-

89 2371 148 2396 tur
172 2364 207 2396 in
228 2362 416 2398 duodecim
447 2373 572 2411 partes.
594 2365 662 2399 Hic
680 2378 765 2399 vero

89 2416 197 2462 Hylas
218 2415 359 2451 debitor
383 2430 495 2464 quum
512 2418 676 2465 lippiret‚
700 2431 764 2451 no-

832 2006 910 2027 vem
932 2002 1069 2028 tantum
1099 1993 1218 2027 uncias
1237 2001 1383 2039 propter
1412 1994 1505 2027 hunc

830 2048 995 2080 morbum
1015 2047 1151 2088 Quinto
1173 2059 1236 2080 suo
1252 2045 1419 2081 creditori
1437 2048 1506 2081 sol-

829 2112 912 2134 vere
931 2100 1088 2142 volebat3
1110 2108 1145 2133 at
1166 2113 1266 2142 mox,
1287 2100 1412 2133 amisso
1431 2113 1503 2134 uno

828 2153 931 2187 oculo
941 2179 951 2195 ‚
971 2166 1033 2187 sex
1054 2161 1190 2187 tantum
1208 2151 1356 2186 reddere
1368 2153 1483 2187 voluit
1495 2179 1503 2194 ‚

828 2219 911 2253 quas
943 2207 1097 2240 breviter
1129 2205 1347 2251 accipiendas
1383 2206 1504 2240 festive

824 2267 946 2293 monet
962 2259 1089 2298 Poeta,
1112 2272 1157 2293 ne
1179 2259 1270 2304 Hyla
1292 2270 1382 2292 eaeco
1408 2259 1502 2293 facto

823 2312 975 2346 solidum
1008 2325 1116 2346 assem
1152 2311 1316 2358 perderet
1339 2312 1501 2353 Quintus.

825 2365 999 2399 Caeterum
1013 2365 1157 2398 voluere
1167 2364 1309 2411 quidam
1327 2365 1503 2406 Quintum

825 2430 898 2452 esse
911 2419 1013 2464 Hylae
1034 2417 1210 2453 medicum
1228 2430 1236 2451 :
1256 2430 1328 2452 non
1347 2419 1449 2453 bene.
