<?xml version="1.0" encoding="UTF-8"?>
<!DOCTYPE html PUBLIC "-//W3C//DTD XHTML 1.0 Transitional//EN"
    "http://www.w3.org/TR/xhtml1/DTD/xhtml1-transitional.dtd">
<html xmlns="http://www.w3.org/1999/xhtml" xml:lang="en" lang="en">
 <head>
  <title>
</title>
<meta http-equiv="Content-Type" content="text/html;charset=utf-8" />
  <meta name='ocr-system' content='tesseract 3.04.00' />
  <meta name='ocr-capabilities' content='ocr_page ocr_carea ocr_par ocr_line ocrx_word'/>
</head>
<body>
  <div class='ocr_page' id='page_1' title='image "./epigrammata02martuoft/epigrammata02martuoft_0430.png"; bbox 0 0 1978 3305; ppageno 0'>
   <div class='ocr_carea' id='block_1_1' title="bbox 471 220 574 276">
    <p class='ocr_par' dir='ltr' id='par_1_1' title="bbox 471 220 574 276">
     <span class='ocr_line' id='line_1_1' title="bbox 471 220 574 276; baseline 0 -11"><span class='ocrx_word' id='word_1_1' title='bbox 471 220 574 276; x_wconf 68' lang='lat'>416</span> 
     </span>
    </p>
   </div>
   <div class='ocr_carea' id='block_1_2' title="bbox 851 222 1500 266">
    <p class='ocr_par' dir='ltr' id='par_1_2' title="bbox 851 222 1500 266">
     <span class='ocr_line' id='line_1_2' title="bbox 851 222 1500 266; baseline 0.003 -2"><span class='ocrx_word' id='word_1_2' title='bbox 851 222 912 264; x_wconf 88' lang='lat' dir='ltr'>M.</span> <span class='ocrx_word' id='word_1_3' title='bbox 935 222 1076 265; x_wconf 91' lang='lat' dir='ltr'>VAL.</span> <span class='ocrx_word' id='word_1_4' title='bbox 1115 222 1500 266; x_wconf 87' lang='lat' dir='ltr'>MARTIALIS</span> 
     </span>
    </p>
   </div>
   <div class='ocr_carea' id='block_1_3' title="bbox 539 306 1726 857">
    <p class='ocr_par' dir='ltr' id='par_1_3' title="bbox 539 306 1625 510">
     <span class='ocr_line' id='line_1_3' title="bbox 610 306 1581 368; baseline 0.001 -15"><span class='ocrx_word' id='word_1_5' title='bbox 610 309 748 368; x_wconf 83' lang='lat' dir='ltr'>Cujus</span> <span class='ocrx_word' id='word_1_6' title='bbox 777 307 885 352; x_wconf 87' lang='lat' dir='ltr'>laeva</span> <span class='ocrx_word' id='word_1_7' title='bbox 911 306 1023 352; x_wconf 87' lang='lat' dir='ltr'>calet</span> <span class='ocrx_word' id='word_1_8' title='bbox 1050 308 1231 366; x_wconf 80' lang='lat' dir='ltr'>robore,</span> <span class='ocrx_word' id='word_1_9' title='bbox 1256 309 1408 353; x_wconf 84' lang='lat' dir='ltr'>dextra</span> <span class='ocrx_word' id='word_1_10' title='bbox 1437 327 1581 365; x_wconf 79' lang='lat' dir='ltr'>mer03</span> 
     </span>
     <span class='ocr_line' id='line_1_4' title="bbox 539 377 1625 440; baseline 0.003 -19"><span class='ocrx_word' id='word_1_11' title='bbox 539 381 640 422; x_wconf 89' lang='lat' dir='ltr'>Non</span> <span class='ocrx_word' id='word_1_12' title='bbox 663 388 728 422; x_wconf 86' lang='lat' dir='ltr'>est</span> <span class='ocrx_word' id='word_1_13' title='bbox 749 377 865 422; x_wconf 86' lang='lat' dir='ltr'>fama</span> <span class='ocrx_word' id='word_1_14' title='bbox 886 394 1062 433; x_wconf 84' lang='lat' dir='ltr'>recens,</span> <span class='ocrx_word' id='word_1_15' title='bbox 1082 396 1164 423; x_wconf 89' lang='lat' dir='ltr'>nec</span> <span class='ocrx_word' id='word_1_16' title='bbox 1186 381 1323 424; x_wconf 83' lang='lat' dir='ltr'>nostri</span> <span class='ocrx_word' id='word_1_17' title='bbox 1349 378 1486 440; x_wconf 84' lang='lat' dir='ltr'>gloria</span> <span class='ocrx_word' id='word_1_18' title='bbox 1507 379 1625 435; x_wconf 84' lang='lat' dir='ltr'>caeli;</span> 
     </span>
     <span class='ocr_line' id='line_1_5' title="bbox 619 447 1542 510; baseline 0.003 -19"><span class='ocrx_word' id='word_1_19' title='bbox 619 447 777 492; x_wconf 86' lang='lat' dir='ltr'>Nobile</span> <span class='ocrx_word' id='word_1_20' title='bbox 806 449 984 509; x_wconf 85' lang='lat' dir='ltr'>Lysippi</span> <span class='ocrx_word' id='word_1_21' title='bbox 1006 466 1164 493; x_wconf 91' lang='lat' dir='ltr'>munus</span> <span class='ocrx_word' id='word_1_22' title='bbox 1189 466 1386 510; x_wconf 88' lang='lat' dir='ltr'>opusque</span> <span class='ocrx_word' id='word_1_23' title='bbox 1409 449 1542 494; x_wconf 87' lang='lat' dir='ltr'>vides.</span> 
     </span>
    </p>

    <p class='ocr_par' dir='ltr' id='par_1_4' title="bbox 540 518 1564 581">
     <span class='ocr_line' id='line_1_6' title="bbox 540 518 1564 581; baseline 0.001 -19"><span class='ocrx_word' id='word_1_24' title='bbox 540 521 638 562; x_wconf 89' lang='lat' dir='ltr'>Hoc</span> <span class='ocrx_word' id='word_1_25' title='bbox 663 518 817 562; x_wconf 85' lang='lat' dir='ltr'>habuit</span> <span class='ocrx_word' id='word_1_26' title='bbox 841 535 1005 562; x_wconf 89' lang='lat' dir='ltr'>numen</span> <span class='ocrx_word' id='word_1_27' title='bbox 1028 518 1171 563; x_wconf 87' lang='lat' dir='ltr'>Pellaei</span> <span class='ocrx_word' id='word_1_28' title='bbox 1195 536 1346 564; x_wconf 88' lang='lat' dir='ltr'>mensa</span> <span class='ocrx_word' id='word_1_29' title='bbox 1367 521 1564 581; x_wconf 81' lang='lat' dir='ltr'>tyranni,</span> 
     </span>
    </p>

    <p class='ocr_par' dir='ltr' id='par_1_5' title="bbox 541 589 1726 792">
     <span class='ocr_line' id='line_1_7' title="bbox 611 589 1613 650; baseline 0.001 -18"><span class='ocrx_word' id='word_1_30' title='bbox 611 589 700 646; x_wconf 89' lang='lat' dir='ltr'>Qui</span> <span class='ocrx_word' id='word_1_31' title='bbox 728 591 814 633; x_wconf 86' lang='lat' dir='ltr'>cito</span> <span class='ocrx_word' id='word_1_32' title='bbox 844 589 1091 650; x_wconf 91' lang='lat' dir='ltr'>perdomito</span> <span class='ocrx_word' id='word_1_33' title='bbox 1117 590 1259 633; x_wconf 86' lang='lat' dir='ltr'>victor</span> <span class='ocrx_word' id='word_1_34' title='bbox 1286 591 1330 633; x_wconf 92' lang='lat' dir='ltr'>in</span> <span class='ocrx_word' id='word_1_35' title='bbox 1358 590 1464 634; x_wconf 87' lang='lat' dir='ltr'>orbe</span> <span class='ocrx_word' id='word_1_36' title='bbox 1484 590 1613 650; x_wconf 85' lang='lat' dir='ltr'>jacet.</span> 
     </span>
     <span class='ocr_line' id='line_1_8' title="bbox 541 659 1726 721; baseline 0.002 -19"><span class='ocrx_word' id='word_1_37' title='bbox 541 661 671 703; x_wconf 90' lang='lat' dir='ltr'>Hunc</span> <span class='ocrx_word' id='word_1_38' title='bbox 697 676 806 720; x_wconf 90' lang='lat' dir='ltr'>puer</span> <span class='ocrx_word' id='word_1_39' title='bbox 829 659 883 703; x_wconf 87' lang='lat' dir='ltr'>ad</span> <span class='ocrx_word' id='word_1_40' title='bbox 910 660 1094 720; x_wconf 84' lang='lat' dir='ltr'>Libycas</span> <span class='ocrx_word' id='word_1_41' title='bbox 1113 661 1338 721; x_wconf 85' lang='lat' dir='ltr'>juraverat</span> <span class='ocrx_word' id='word_1_42' title='bbox 1359 659 1577 704; x_wconf 82' lang='lat' dir='ltr'>Hannibal</span> <span class='ocrx_word' id='word_1_43' title='bbox 1601 676 1726 716; x_wconf 86' lang='lat' dir='ltr'>aras;</span> 
     </span>
     <span class='ocr_line' id='line_1_9' title="bbox 610 730 1649 792; baseline 0.001 -20"><span class='ocrx_word' id='word_1_44' title='bbox 610 731 805 773; x_wconf 82' lang='lat' dir='ltr'>Jusserat</span> <span class='ocrx_word' id='word_1_45' title='bbox 832 730 904 774; x_wconf 85' lang='lat' dir='ltr'>hic</span> <span class='ocrx_word' id='word_1_46' title='bbox 930 730 1090 791; x_wconf 85' lang='lat' dir='ltr'>Syllam</span> <span class='ocrx_word' id='word_1_47' title='bbox 1117 748 1281 792; x_wconf 89' lang='lat' dir='ltr'>ponere</span> <span class='ocrx_word' id='word_1_48' title='bbox 1306 747 1442 792; x_wconf 83' lang='lat' dir='ltr'>regna</span> <span class='ocrx_word' id='word_1_49' title='bbox 1467 740 1649 776; x_wconf 81' lang='lat' dir='ltr'><strong>trucem.</strong></span> 
     </span>
    </p>

    <p class='ocr_par' dir='ltr' id='par_1_6' title="bbox 543 799 1526 857">
     <span class='ocr_line' id='line_1_10' title="bbox 543 799 1526 857; baseline 0.002 -14"><span class='ocrx_word' id='word_1_50' title='bbox 543 799 752 844; x_wconf 85' lang='lat' dir='ltr'>Offensus</span> <span class='ocrx_word' id='word_1_51' title='bbox 778 801 909 845; x_wconf 81' lang='lat' dir='ltr'>variae</span> <span class='ocrx_word' id='word_1_52' title='bbox 931 801 1108 845; x_wconf 80' lang='lat' dir='ltr'>tumidis</span> <span class='ocrx_word' id='word_1_53' title='bbox 1133 801 1373 846; x_wconf 89' lang='lat' dir='ltr'>terroribus</span> <span class='ocrx_word' id='word_1_54' title='bbox 1395 800 1526 857; x_wconf 77' lang='lat' dir='ltr'>aulae,</span> 
     </span>
    </p>
   </div>
   <div class='ocr_carea' id='block_1_4' title="bbox 475 955 1159 2697">
    <p class='ocr_par' dir='ltr' id='par_1_7' title="bbox 475 955 1152 1108">
     <span class='ocr_line' id='line_1_11' title="bbox 530 955 1150 996; baseline -0.002 -7"><span class='ocrx_word' id='word_1_55' title='bbox 530 960 563 995; x_wconf 73' lang='grc'>4.</span> <span class='ocrx_word' id='word_1_56' title='bbox 591 955 684 989; x_wconf 72' lang='lat' dir='ltr'>Cale!</span> <span class='ocrx_word' id='word_1_57' title='bbox 709 956 828 988; x_wconf 82' lang='lat' dir='ltr'><em>robore.</em></span> <span class='ocrx_word' id='word_1_58' title='bbox 855 955 930 988; x_wconf 90' lang='lat' dir='ltr'>Hoc</span> <span class='ocrx_word' id='word_1_59' title='bbox 959 964 1030 996; x_wconf 80' lang='lat' dir='ltr'>est,</span> <span class='ocrx_word' id='word_1_60' title='bbox 1057 955 1150 988; x_wconf 81' lang='lat' dir='ltr'>clava</span> 
     </span>
     <span class='ocr_line' id='line_1_12' title="bbox 475 1007 1152 1053; baseline -0.003 -11"><span class='ocrx_word' id='word_1_61' title='bbox 475 1010 565 1042; x_wconf 80' lang='lat' dir='ltr'>facta</span> <span class='ocrx_word' id='word_1_62' title='bbox 585 1020 627 1042; x_wconf 90' lang='lat' dir='ltr'>ex</span> <span class='ocrx_word' id='word_1_63' title='bbox 648 1009 776 1041; x_wconf 84' lang='lat' dir='ltr'>robore</span> <span class='ocrx_word' id='word_1_64' title='bbox 789 1034 798 1048; x_wconf 89' lang='lat'><strong>‚</strong></span> <span class='ocrx_word' id='word_1_65' title='bbox 818 1007 912 1053; x_wconf 88' lang='lat' dir='ltr'>quod</span> <span class='ocrx_word' id='word_1_66' title='bbox 934 1016 985 1040; x_wconf 83' lang='lat' dir='ltr'>est</span> <span class='ocrx_word' id='word_1_67' title='bbox 1004 1019 1152 1052; x_wconf 89' lang='lat' dir='ltr'>quercus</span> 
     </span>
     <span class='ocr_line' id='line_1_13' title="bbox 476 1060 820 1108; baseline -0.006 -13"><span class='ocrx_word' id='word_1_68' title='bbox 476 1062 606 1108; x_wconf 75' lang='lat' dir='ltr'>speeies</span> <span class='ocrx_word' id='word_1_69' title='bbox 623 1060 820 1094; x_wconf 89' lang='lat' dir='ltr'>durissima.</span> 
     </span>
    </p>

    <p class='ocr_par' dir='ltr' id='par_1_8' title="bbox 476 1113 1157 1519">
     <span class='ocr_line' id='line_1_14' title="bbox 533 1113 1154 1158; baseline -0.003 -10"><span class='ocrx_word' id='word_1_70' title='bbox 533 1115 566 1148; x_wconf 84' lang='lat'>5.</span> <span class='ocrx_word' id='word_1_71' title='bbox 579 1114 652 1147; x_wconf 86' lang='lat' dir='ltr'>Non</span> <span class='ocrx_word' id='word_1_72' title='bbox 668 1122 713 1146; x_wconf 80' lang='lat' dir='ltr'>est</span> <span class='ocrx_word' id='word_1_73' title='bbox 718 1115 827 1156; x_wconf 81' lang='lat' dir='ltr'>sor-ma</span> <span class='ocrx_word' id='word_1_74' title='bbox 842 1126 945 1145; x_wconf 77' lang='lat' dir='ltr'>recens</span> <span class='ocrx_word' id='word_1_75' title='bbox 958 1113 992 1146; x_wconf 90' lang='lat' dir='ltr'>in</span> <span class='ocrx_word' id='word_1_76' title='bbox 1010 1113 1154 1158; x_wconf 85' lang='lat' dir='ltr'>quibus-</span> 
     </span>
     <span class='ocr_line' id='line_1_15' title="bbox 476 1166 1154 1211; baseline -0.003 -10"><span class='ocrx_word' id='word_1_77' title='bbox 476 1167 556 1201; x_wconf 89' lang='lat' dir='ltr'>dam</span> <span class='ocrx_word' id='word_1_78' title='bbox 568 1175 651 1200; x_wconf 83' lang='lat' dir='ltr'>vett.</span> <span class='ocrx_word' id='word_1_79' title='bbox 662 1167 736 1200; x_wconf 80' lang='lat' dir='ltr'>Non</span> <span class='ocrx_word' id='word_1_80' title='bbox 747 1167 846 1199; x_wconf 81' lang='lat' dir='ltr'>nostri</span> <span class='ocrx_word' id='word_1_81' title='bbox 856 1167 963 1210; x_wconf 75' lang='lat' dir='ltr'>gloria</span> <span class='ocrx_word' id='word_1_82' title='bbox 974 1167 1061 1198; x_wconf 79' lang='lat' dir='ltr'>sceclc&#39;</span> <span class='ocrx_word' id='word_1_83' title='bbox 1072 1166 1154 1211; x_wconf 85' lang='lat' dir='ltr'>legit</span> 
     </span>
     <span class='ocr_line' id='line_1_16' title="bbox 478 1218 1153 1262; baseline -0.003 -9"><span class='ocrx_word' id='word_1_84' title='bbox 478 1219 660 1254; x_wconf 83' lang='lat' dir='ltr'>Heraldus.</span> <span class='ocrx_word' id='word_1_85' title='bbox 675 1241 727 1245; x_wconf 83' lang='lat'>-—-</span> <span class='ocrx_word' id='word_1_86' title='bbox 739 1219 815 1253; x_wconf 82' lang='lat' dir='ltr'>Non</span> <span class='ocrx_word' id='word_1_87' title='bbox 828 1220 983 1262; x_wconf 81' lang='lat' dir='ltr'>estsama.</span> <span class='ocrx_word' id='word_1_88' title='bbox 998 1219 1077 1253; x_wconf 89' lang='lat' dir='ltr'>Jam</span> <span class='ocrx_word' id='word_1_89' title='bbox 1090 1218 1153 1252; x_wconf 92' lang='lat' dir='ltr'>diu</span> 
     </span>
     <span class='ocr_line' id='line_1_17' title="bbox 477 1272 1157 1307; baseline -0.004 -1"><span class='ocrx_word' id='word_1_90' title='bbox 477 1273 623 1307; x_wconf 84' lang='lat' dir='ltr'>celebris</span> <span class='ocrx_word' id='word_1_91' title='bbox 635 1281 685 1305; x_wconf 89' lang='lat' dir='ltr'>est</span> <span class='ocrx_word' id='word_1_92' title='bbox 694 1273 768 1306; x_wconf 88' lang='lat' dir='ltr'>haec</span> <span class='ocrx_word' id='word_1_93' title='bbox 780 1280 901 1305; x_wconf 83' lang='lat' dir='ltr'>statua.</span> <span class='ocrx_word' id='word_1_94' title='bbox 915 1293 967 1298; x_wconf 89' lang='lat'>—</span> <span class='ocrx_word' id='word_1_95' title='bbox 979 1272 1047 1305; x_wconf 81' lang='lat' dir='ltr'>Nec</span> <span class='ocrx_word' id='word_1_96' title='bbox 1057 1274 1157 1304; x_wconf 81' lang='lat' dir='ltr'>nostri</span> 
     </span>
     <span class='ocr_line' id='line_1_18' title="bbox 476 1325 1157 1371; baseline -0.003 -12"><span class='ocrx_word' id='word_1_97' title='bbox 476 1327 593 1371; x_wconf 71' lang='lat' dir='ltr'>gloria.</span> <span class='ocrx_word' id='word_1_98' title='bbox 610 1325 740 1359; x_wconf 89' lang='lat' dir='ltr'>Caelum</span> <span class='ocrx_word' id='word_1_99' title='bbox 762 1325 963 1358; x_wconf 86' lang='lat' dir='ltr'>caelatorum</span> <span class='ocrx_word' id='word_1_100' title='bbox 982 1333 1016 1358; x_wconf 87' lang='lat' dir='ltr'>et</span> <span class='ocrx_word' id='word_1_101' title='bbox 1031 1333 1157 1358; x_wconf 86' lang='lat' dir='ltr'>statua-</span> 
     </span>
     <span class='ocr_line' id='line_1_19' title="bbox 478 1377 1156 1413; baseline -0.001 -1"><span class='ocrx_word' id='word_1_102' title='bbox 478 1381 613 1413; x_wconf 87' lang='lat' dir='ltr'>riorum</span> <span class='ocrx_word' id='word_1_103' title='bbox 640 1378 914 1412; x_wconf 85' lang='lat' dir='ltr'>instrumentum</span> <span class='ocrx_word' id='word_1_104' title='bbox 939 1386 1000 1411; x_wconf 86' lang='lat' dir='ltr'>est.</span> <span class='ocrx_word' id='word_1_105' title='bbox 1027 1377 1156 1411; x_wconf 81' lang='lat' dir='ltr'>Sensus</span> 
     </span>
     <span class='ocr_line' id='line_1_20' title="bbox 478 1431 1157 1477; baseline -0.003 -11"><span class='ocrx_word' id='word_1_106' title='bbox 478 1441 528 1466; x_wconf 72' lang='lat' dir='ltr'>est</span> <span class='ocrx_word' id='word_1_107' title='bbox 553 1444 560 1465; x_wconf 90' lang='lat'>:</span> <span class='ocrx_word' id='word_1_108' title='bbox 587 1431 724 1465; x_wconf 85' lang='lat' dir='ltr'>Nostris</span> <span class='ocrx_word' id='word_1_109' title='bbox 748 1431 971 1477; x_wconf 86' lang='lat' dir='ltr'>temporibus</span> <span class='ocrx_word' id='word_1_110' title='bbox 994 1443 1067 1464; x_wconf 87' lang='lat' dir='ltr'>non</span> <span class='ocrx_word' id='word_1_111' title='bbox 1089 1431 1157 1464; x_wconf 89' lang='lat' dir='ltr'>fuit</span> 
     </span>
     <span class='ocr_line' id='line_1_21' title="bbox 479 1484 842 1519; baseline -0.006 0"><span class='ocrx_word' id='word_1_112' title='bbox 479 1486 625 1519; x_wconf 79' lang='lat' dir='ltr'>formata</span> <span class='ocrx_word' id='word_1_113' title='bbox 643 1484 701 1517; x_wconf 87' lang='lat' dir='ltr'>illa</span> <span class='ocrx_word' id='word_1_114' title='bbox 722 1493 842 1518; x_wconf 74' lang='lat' dir='ltr'>statua.</span> 
     </span>
    </p>

    <p class='ocr_par' dir='ltr' id='par_1_9' title="bbox 479 1536 1159 1799">
     <span class='ocr_line' id='line_1_22' title="bbox 534 1536 1155 1583; baseline -0.003 -12"><span class='ocrx_word' id='word_1_115' title='bbox 534 1543 567 1571; x_wconf 90' lang='lat'>6.</span> <span class='ocrx_word' id='word_1_116' title='bbox 584 1537 699 1571; x_wconf 78' lang='lat' dir='ltr'>Nobile</span> <span class='ocrx_word' id='word_1_117' title='bbox 715 1539 856 1583; x_wconf 75' lang='lat' dir='ltr'>Lysippi.</span> <span class='ocrx_word' id='word_1_118' title='bbox 874 1536 1063 1570; x_wconf 78' lang='lat' dir='ltr'>Alexandri</span> <span class='ocrx_word' id='word_1_119' title='bbox 1079 1537 1155 1570; x_wconf 86' lang='lat' dir='ltr'>Ma-</span> 
     </span>
     <span class='ocr_line' id='line_1_23' title="bbox 481 1590 1156 1637; baseline -0.001 -13"><span class='ocrx_word' id='word_1_120' title='bbox 481 1591 539 1637; x_wconf 86' lang='lat' dir='ltr'>gni</span> <span class='ocrx_word' id='word_1_121' title='bbox 555 1591 773 1637; x_wconf 85' lang='lat' dir='ltr'>temporibus</span> <span class='ocrx_word' id='word_1_122' title='bbox 791 1590 877 1623; x_wconf 85' lang='lat' dir='ltr'>vixit</span> <span class='ocrx_word' id='word_1_123' title='bbox 892 1590 1070 1635; x_wconf 82' lang='lat' dir='ltr'>Lysippus</span> <span class='ocrx_word' id='word_1_124' title='bbox 1089 1598 1156 1623; x_wconf 82' lang='lat' dir='ltr'>sta-</span> 
     </span>
     <span class='ocr_line' id='line_1_24' title="bbox 481 1642 1156 1688; baseline -0.001 -11"><span class='ocrx_word' id='word_1_125' title='bbox 481 1644 614 1678; x_wconf 85' lang='lat' dir='ltr'>tuarius</span> <span class='ocrx_word' id='word_1_126' title='bbox 627 1643 863 1677; x_wconf 90' lang='lat' dir='ltr'>nobilissimus</span> <span class='ocrx_word' id='word_1_127' title='bbox 874 1669 883 1684; x_wconf 90' lang='lat'>,</span> <span class='ocrx_word' id='word_1_128' title='bbox 896 1642 957 1688; x_wconf 87' lang='lat' dir='ltr'>qui</span> <span class='ocrx_word' id='word_1_129' title='bbox 970 1643 1060 1676; x_wconf 89' lang='lat' dir='ltr'>hanc</span> <span class='ocrx_word' id='word_1_130' title='bbox 1070 1647 1156 1676; x_wconf 86' lang='lat' dir='ltr'>Her-</span> 
     </span>
     <span class='ocr_line' id='line_1_25' title="bbox 481 1695 1159 1738; baseline -0.003 -8"><span class='ocrx_word' id='word_1_131' title='bbox 481 1698 567 1731; x_wconf 88' lang='lat' dir='ltr'>culis</span> <span class='ocrx_word' id='word_1_132' title='bbox 585 1705 733 1730; x_wconf 87' lang='lat' dir='ltr'>statuam</span> <span class='ocrx_word' id='word_1_133' title='bbox 747 1696 901 1738; x_wconf 83' lang='lat' dir='ltr'>effinxit,</span> <span class='ocrx_word' id='word_1_134' title='bbox 915 1704 949 1729; x_wconf 93' lang='lat' dir='ltr'>et</span> <span class='ocrx_word' id='word_1_135' title='bbox 963 1708 1002 1729; x_wconf 85' lang='lat' dir='ltr'>ea</span> <span class='ocrx_word' id='word_1_136' title='bbox 1015 1695 1159 1730; x_wconf 72' lang='lat' dir='ltr'>donavit</span> 
     </span>
     <span class='ocr_line' id='line_1_26' title="bbox 479 1749 972 1799; baseline -0.004 -15"><span class='ocrx_word' id='word_1_137' title='bbox 479 1749 730 1784; x_wconf 81' lang='lat' dir='ltr'>Alexandrum.</span> <span class='ocrx_word' id='word_1_138' title='bbox 888 1789 895 1797; x_wconf 40' lang='grc'>1</span> <span class='ocrx_word' id='word_1_139' title='bbox 937 1757 972 1799; x_wconf 66' lang='lat'>²⁵³⁴</span> 
     </span>
    </p>

    <p class='ocr_par' dir='ltr' id='par_1_10' title="bbox 481 1801 1159 2697">
     <span class='ocr_line' id='line_1_27' title="bbox 536 1801 1157 1848; baseline -0.002 -12"><span class='ocrx_word' id='word_1_140' title='bbox 536 1816 555 1848; x_wconf 87' lang='lat'>7</span> <span class='ocrx_word' id='word_1_141' title='bbox 565 1831 570 1836; x_wconf 87' lang='lat'>.</span> <span class='ocrx_word' id='word_1_142' title='bbox 582 1803 697 1836; x_wconf 75' lang='lat' dir='ltr'>Pelloei</span> <span class='ocrx_word' id='word_1_143' title='bbox 703 1816 807 1835; x_wconf 81' lang='lat' dir='ltr'>mensa</span> <span class='ocrx_word' id='word_1_144' title='bbox 817 1805 956 1848; x_wconf 59' lang='lat' dir='ltr'>tyranni.</span> <span class='ocrx_word' id='word_1_145' title='bbox 968 1801 1157 1836; x_wconf 80' lang='lat' dir='ltr'>Alexandri</span> 
     </span>
     <span class='ocr_line' id='line_1_28' title="bbox 481 1854 1157 1901; baseline -0.001 -12"><span class='ocrx_word' id='word_1_146' title='bbox 481 1857 586 1901; x_wconf 86' lang='lat' dir='ltr'>regis,</span> <span class='ocrx_word' id='word_1_147' title='bbox 612 1856 685 1889; x_wconf 90' lang='lat' dir='ltr'>nati</span> <span class='ocrx_word' id='word_1_148' title='bbox 704 1856 806 1889; x_wconf 78' lang='lat' dir='ltr'>Pellae</span> <span class='ocrx_word' id='word_1_149' title='bbox 821 1857 858 1889; x_wconf 88' lang='lat' dir='ltr'>in</span> <span class='ocrx_word' id='word_1_150' title='bbox 876 1854 1092 1888; x_wconf 82' lang='lat' dir='ltr'>Macedonia.</span> <span class='ocrx_word' id='word_1_151' title='bbox 1105 1876 1157 1882; x_wconf 88' lang='lat'>—</span> 
     </span>
     <span class='ocr_line' id='line_1_29' title="bbox 485 1909 1155 1954; baseline 0 -12"><span class='ocrx_word' id='word_1_152' title='bbox 485 1911 564 1942; x_wconf 82' lang='lat' dir='ltr'>Vox</span> <span class='ocrx_word' id='word_1_153' title='bbox 587 1917 738 1954; x_wconf 80' lang='lat' dir='ltr'>tyrannus</span> <span class='ocrx_word' id='word_1_154' title='bbox 756 1909 839 1942; x_wconf 89' lang='lat' dir='ltr'>olim</span> <span class='ocrx_word' id='word_1_155' title='bbox 858 1909 1060 1942; x_wconf 82' lang='lat' dir='ltr'>sumebatur</span> <span class='ocrx_word' id='word_1_156' title='bbox 1083 1921 1155 1942; x_wconf 88' lang='lat' dir='ltr'>non</span> 
     </span>
     <span class='ocr_line' id='line_1_30' title="bbox 481 1961 1158 2008; baseline -0.001 -12"><span class='ocrx_word' id='word_1_157' title='bbox 481 1963 518 1996; x_wconf 90' lang='lat' dir='ltr'>in</span> <span class='ocrx_word' id='word_1_158' title='bbox 539 1963 721 2008; x_wconf 84' lang='lat' dir='ltr'>pessimam</span> <span class='ocrx_word' id='word_1_159' title='bbox 742 1970 877 2008; x_wconf 90' lang='lat' dir='ltr'>partem</span> <span class='ocrx_word' id='word_1_160' title='bbox 897 1961 1089 1995; x_wconf 62' lang='lat' dir='ltr'>:adextram</span> <span class='ocrx_word' id='word_1_161' title='bbox 1108 1971 1158 1995; x_wconf 91' lang='lat' dir='ltr'>te-</span> 
     </span>
     <span class='ocr_line' id='line_1_31' title="bbox 482 2015 1158 2062; baseline -0.004 -13"><span class='ocrx_word' id='word_1_162' title='bbox 482 2016 600 2061; x_wconf 84' lang='lat' dir='ltr'>tigisse</span> <span class='ocrx_word' id='word_1_163' title='bbox 623 2016 763 2062; x_wconf 77' lang='lat' dir='ltr'>tyranni</span> <span class='ocrx_word' id='word_1_164' title='bbox 781 2032 795 2044; x_wconf 72' lang='lat' dir='ltr'>n</span> <span class='ocrx_word' id='word_1_165' title='bbox 816 2015 941 2060; x_wconf 80' lang='lat' dir='ltr'>Virgil.</span> <span class='ocrx_word' id='word_1_166' title='bbox 966 2017 1045 2047; x_wconf 83' lang='lat' dir='ltr'>AEn.</span> <span class='ocrx_word' id='word_1_167' title='bbox 1065 2015 1158 2056; x_wconf 85' lang='lat' dir='ltr'>VII,</span> 
     </span>
     <span class='ocr_line' id='line_1_32' title="bbox 486 2066 1159 2114; baseline -0.001 -12"><span class='ocrx_word' id='word_1_168' title='bbox 486 2071 571 2103; x_wconf 81' lang='lat'><strong>266.</strong></span> <span class='ocrx_word' id='word_1_169' title='bbox 594 2069 719 2114; x_wconf 86' lang='lat' dir='ltr'>Neque</span> <span class='ocrx_word' id='word_1_170' title='bbox 746 2068 840 2102; x_wconf 89' lang='lat' dir='ltr'>enim</span> <span class='ocrx_word' id='word_1_171' title='bbox 864 2066 957 2101; x_wconf 84' lang='lat' dir='ltr'>aliud</span> <span class='ocrx_word' id='word_1_172' title='bbox 982 2066 1159 2101; x_wconf 84' lang='lat' dir='ltr'>indicabat</span> 
     </span>
     <span class='ocr_line' id='line_1_33' title="bbox 482 2121 1159 2168; baseline -0.003 -13"><span class='ocrx_word' id='word_1_173' title='bbox 482 2135 585 2168; x_wconf 86' lang='lat' dir='ltr'>quam</span> <span class='ocrx_word' id='word_1_174' title='bbox 605 2134 720 2167; x_wconf 87' lang='lat' dir='ltr'>regem</span> <span class='ocrx_word' id='word_1_175' title='bbox 745 2122 846 2166; x_wconf 87' lang='lat' dir='ltr'>cujus</span> <span class='ocrx_word' id='word_1_176' title='bbox 863 2121 1026 2166; x_wconf 81' lang='lat' dir='ltr'>potestati</span> <span class='ocrx_word' id='word_1_177' title='bbox 1042 2121 1159 2153; x_wconf 86' lang='lat' dir='ltr'>nullus</span> 
     </span>
     <span class='ocr_line' id='line_1_34' title="bbox 484 2173 1157 2219; baseline -0.003 -11"><span class='ocrx_word' id='word_1_178' title='bbox 484 2175 562 2208; x_wconf 76' lang='lat' dir='ltr'>{inis</span> <span class='ocrx_word' id='word_1_179' title='bbox 575 2200 583 2215; x_wconf 93' lang='lat'>,</span> <span class='ocrx_word' id='word_1_180' title='bbox 601 2175 667 2208; x_wconf 85' lang='lat' dir='ltr'>nisi</span> <span class='ocrx_word' id='word_1_181' title='bbox 684 2187 744 2207; x_wconf 88' lang='lat' dir='ltr'>sua</span> <span class='ocrx_word' id='word_1_182' title='bbox 759 2174 869 2219; x_wconf 85' lang='lat' dir='ltr'>ipsius</span> <span class='ocrx_word' id='word_1_183' title='bbox 891 2174 1060 2207; x_wconf 88' lang='lat' dir='ltr'>voluntas.</span> <span class='ocrx_word' id='word_1_184' title='bbox 1084 2173 1157 2206; x_wconf 86' lang='lat' dir='ltr'>Sci-</span> 
     </span>
     <span class='ocr_line' id='line_1_35' title="bbox 482 2227 1156 2273; baseline -0.003 -12"><span class='ocrx_word' id='word_1_185' title='bbox 482 2229 562 2262; x_wconf 91' lang='lat' dir='ltr'>licet</span> <span class='ocrx_word' id='word_1_186' title='bbox 581 2227 711 2273; x_wconf 87' lang='lat' dir='ltr'>duplex</span> <span class='ocrx_word' id='word_1_187' title='bbox 728 2228 764 2260; x_wconf 90' lang='lat' dir='ltr'>in</span> <span class='ocrx_word' id='word_1_188' title='bbox 781 2227 836 2260; x_wconf 85' lang='lat' dir='ltr'>his</span> <span class='ocrx_word' id='word_1_189' title='bbox 855 2239 930 2272; x_wconf 87' lang='lat' dir='ltr'>quae</span> <span class='ocrx_word' id='word_1_190' title='bbox 950 2227 992 2260; x_wconf 87' lang='lat' dir='ltr'>ab</span> <span class='ocrx_word' id='word_1_191' title='bbox 1012 2239 1083 2259; x_wconf 89' lang='lat' dir='ltr'>uno</span> <span class='ocrx_word' id='word_1_192' title='bbox 1101 2239 1156 2259; x_wconf 82' lang='lat' dir='ltr'>re-</span> 
     </span>
     <span class='ocr_line' id='line_1_36' title="bbox 482 2280 1156 2327; baseline -0.003 -13"><span class='ocrx_word' id='word_1_193' title='bbox 482 2290 612 2327; x_wconf 81' lang='lat' dir='ltr'>guntur</span> <span class='ocrx_word' id='word_1_194' title='bbox 637 2281 836 2314; x_wconf 81' lang='lat' dir='ltr'>civitatibus</span> <span class='ocrx_word' id='word_1_195' title='bbox 864 2280 1001 2326; x_wconf 88' lang='lat' dir='ltr'>imperii</span> <span class='ocrx_word' id='word_1_196' title='bbox 1028 2292 1156 2324; x_wconf 77' lang='lat' dir='ltr'>genus;</span> 
     </span>
     <span class='ocr_line' id='line_1_37' title="bbox 482 2333 1156 2379; baseline -0.003 -12"><span class='ocrx_word' id='word_1_197' title='bbox 482 2333 589 2367; x_wconf 87' lang='lat' dir='ltr'>modo</span> <span class='ocrx_word' id='word_1_198' title='bbox 603 2334 695 2366; x_wconf 91' lang='lat' dir='ltr'>enim</span> <span class='ocrx_word' id='word_1_199' title='bbox 712 2346 789 2379; x_wconf 84' lang='lat' dir='ltr'>quae</span> <span class='ocrx_word' id='word_1_200' title='bbox 803 2334 935 2367; x_wconf 87' lang='lat' dir='ltr'>censuit</span> <span class='ocrx_word' id='word_1_201' title='bbox 949 2341 1006 2367; x_wconf 88' lang='lat' dir='ltr'>aut</span> <span class='ocrx_word' id='word_1_202' title='bbox 1018 2341 1156 2366; x_wconf 86' lang='lat' dir='ltr'>senatus</span> 
     </span>
     <span class='ocr_line' id='line_1_38' title="bbox 482 2387 1157 2432; baseline -0.003 -12"><span class='ocrx_word' id='word_1_203' title='bbox 482 2396 539 2420; x_wconf 87' lang='lat' dir='ltr'>aut</span> <span class='ocrx_word' id='word_1_204' title='bbox 571 2387 740 2432; x_wconf 80' lang='lat' dir='ltr'>populus,</span> <span class='ocrx_word' id='word_1_205' title='bbox 771 2387 846 2419; x_wconf 82' lang='lat' dir='ltr'>fieri</span> <span class='ocrx_word' id='word_1_206' title='bbox 877 2395 975 2419; x_wconf 81' lang='lat' dir='ltr'>curat</span> <span class='ocrx_word' id='word_1_207' title='bbox 1003 2394 1157 2420; x_wconf 80' lang='lat' dir='ltr'>servator</span> 
     </span>
     <span class='ocr_line' id='line_1_39' title="bbox 481 2439 1155 2485; baseline -0.003 -12"><span class='ocrx_word' id='word_1_208' title='bbox 481 2440 622 2485; x_wconf 84' lang='lat' dir='ltr'>quidem</span> <span class='ocrx_word' id='word_1_209' title='bbox 641 2440 742 2485; x_wconf 79' lang='lat' dir='ltr'>legis,</span> <span class='ocrx_word' id='word_1_210' title='bbox 761 2449 793 2472; x_wconf 85' lang='lat' dir='ltr'>at</span> <span class='ocrx_word' id='word_1_211' title='bbox 811 2453 883 2472; x_wconf 87' lang='lat' dir='ltr'>non</span> <span class='ocrx_word' id='word_1_212' title='bbox 906 2448 1038 2479; x_wconf 84' lang='lat' dir='ltr'>auctor,</span> <span class='ocrx_word' id='word_1_213' title='bbox 1058 2439 1155 2485; x_wconf 86' lang='lat' dir='ltr'>prin-</span> 
     </span>
     <span class='ocr_line' id='line_1_40' title="bbox 481 2492 1156 2538; baseline -0.001 -13"><span class='ocrx_word' id='word_1_214' title='bbox 481 2506 578 2538; x_wconf 63' lang='lat' dir='ltr'>‹*i·ps;</span> <span class='ocrx_word' id='word_1_215' title='bbox 597 2492 703 2525; x_wconf 84' lang='lat' dir='ltr'>modo</span> <span class='ocrx_word' id='word_1_216' title='bbox 719 2502 751 2525; x_wconf 80' lang='lat' dir='ltr'>et</span> <span class='ocrx_word' id='word_1_217' title='bbox 772 2492 993 2526; x_wconf 78' lang='lat' dir='ltr'>ferendarum</span> <span class='ocrx_word' id='word_1_218' title='bbox 1012 2501 1046 2525; x_wconf 79' lang='lat' dir='ltr'>et</span> <span class='ocrx_word' id='word_1_219' title='bbox 1061 2505 1156 2526; x_wconf 77' lang='lat' dir='ltr'>exse-</span> 
     </span>
     <span class='ocr_line' id='line_1_41' title="bbox 482 2545 1155 2591; baseline 0.001 -14"><span class='ocrx_word' id='word_1_220' title='bbox 482 2545 699 2590; x_wconf 60' lang='lat' dir='ltr'>(luendarum</span> <span class='ocrx_word' id='word_1_221' title='bbox 720 2547 833 2591; x_wconf 70' lang='lat' dir='ltr'>legum</span> <span class='ocrx_word' id='word_1_222' title='bbox 859 2558 987 2578; x_wconf 78' lang='lat' dir='ltr'>munus</span> <span class='ocrx_word' id='word_1_223' title='bbox 1006 2545 1155 2590; x_wconf 83' lang='lat' dir='ltr'>principi</span> 
     </span>
     <span class='ocr_line' id='line_1_42' title="bbox 481 2598 1159 2645; baseline 0.003 -16"><span class='ocrx_word' id='word_1_224' title='bbox 481 2598 808 2632; x_wconf 64' lang='grc' dir='ltr'>(1ι·ιηειιι(ἰειῐιιιυ.Ηὶο</span> <span class='ocrx_word' id='word_1_225' title='bbox 821 2608 1003 2645; x_wconf 57' lang='lat' dir='ltr'>tyrannum,</span> <span class='ocrx_word' id='word_1_226' title='bbox 1017 2599 1072 2631; x_wconf 79' lang='lat' dir='ltr'>ille</span> <span class='ocrx_word' id='word_1_227' title='bbox 1084 2611 1159 2637; x_wconf 54' lang='lat' dir='ltr'>ren</span> 
     </span>
     <span class='ocr_line' id='line_1_43' title="bbox 481 2652 1156 2697; baseline 0.001 -16"><span class='ocrx_word' id='word_1_228' title='bbox 481 2662 509 2683; x_wconf 78' lang='lat' dir='ltr'>ci</span> <span class='ocrx_word' id='word_1_229' title='bbox 537 2652 616 2685; x_wconf 75' lang='lat' dir='ltr'>liinr</span> <span class='ocrx_word' id='word_1_230' title='bbox 637 2653 809 2685; x_wconf 68' lang='lat' dir='ltr'>vocitatus</span> <span class='ocrx_word' id='word_1_231' title='bbox 831 2652 1026 2696; x_wconf 58' lang='lat' dir='ltr'>Polycrates</span> <span class='ocrx_word' id='word_1_232' title='bbox 1049 2660 1156 2697; x_wconf 58' lang='lat' dir='ltr'>(rr-‹111-</span> 
     </span>
    </p>
   </div>
   <div class='ocr_carea' id='block_1_5' title="bbox 1210 956 1888 1361">
    <p class='ocr_par' dir='ltr' id='par_1_11' title="bbox 1210 956 1887 1149">
     <span class='ocr_line' id='line_1_44' title="bbox 1210 956 1884 1003; baseline -0.001 -15"><span class='ocrx_word' id='word_1_233' title='bbox 1210 969 1268 988; x_wconf 79' lang='lat' dir='ltr'>nus</span> <span class='ocrx_word' id='word_1_234' title='bbox 1283 956 1397 997; x_wconf 87' lang='lat' dir='ltr'>Sami,</span> <span class='ocrx_word' id='word_1_235' title='bbox 1413 957 1604 1003; x_wconf 77' lang='lat' dir='ltr'>Dionysius</span> <span class='ocrx_word' id='word_1_236' title='bbox 1618 956 1884 1001; x_wconf 82' lang='lat' dir='ltr'>Syracusarum3</span> 
     </span>
     <span class='ocr_line' id='line_1_45' title="bbox 1210 1008 1887 1042; baseline -0.003 0"><span class='ocrx_word' id='word_1_237' title='bbox 1210 1008 1297 1042; x_wconf 89' lang='lat' dir='ltr'>dum</span> <span class='ocrx_word' id='word_1_238' title='bbox 1325 1017 1359 1042; x_wconf 84' lang='lat' dir='ltr'>et</span> <span class='ocrx_word' id='word_1_239' title='bbox 1384 1008 1731 1042; x_wconf 72' lang='lat' dir='ltr'>Lacedaemoniorum</span> <span class='ocrx_word' id='word_1_240' title='bbox 1756 1017 1790 1042; x_wconf 90' lang='lat' dir='ltr'>et</span> <span class='ocrx_word' id='word_1_241' title='bbox 1819 1009 1887 1041; x_wconf 77' lang='lat' dir='ltr'>Ro-</span> 
     </span>
     <span class='ocr_line' id='line_1_46' title="bbox 1212 1061 1886 1107; baseline -0.001 -13"><span class='ocrx_word' id='word_1_242' title='bbox 1212 1074 1397 1095; x_wconf 85' lang='lat' dir='ltr'>manorum</span> <span class='ocrx_word' id='word_1_243' title='bbox 1431 1061 1652 1107; x_wconf 85' lang='lat' dir='ltr'>principibus</span> <span class='ocrx_word' id='word_1_244' title='bbox 1685 1074 1791 1106; x_wconf 77' lang='lat' dir='ltr'>regum</span> <span class='ocrx_word' id='word_1_245' title='bbox 1822 1073 1886 1093; x_wconf 90' lang='lat' dir='ltr'>no-</span> 
     </span>
     <span class='ocr_line' id='line_1_47' title="bbox 1212 1114 1612 1149; baseline 0 -2"><span class='ocrx_word' id='word_1_246' title='bbox 1212 1127 1292 1148; x_wconf 90' lang='lat' dir='ltr'>men</span> <span class='ocrx_word' id='word_1_247' title='bbox 1312 1114 1434 1149; x_wconf 86' lang='lat' dir='ltr'>datum</span> <span class='ocrx_word' id='word_1_248' title='bbox 1450 1115 1526 1147; x_wconf 87' lang='lat' dir='ltr'>fuit.</span> <span class='ocrx_word' id='word_1_249' title='bbox 1546 1115 1612 1147; x_wconf 82' lang='lat' dir='ltr'>En.</span> 
     </span>
    </p>

    <p class='ocr_par' dir='ltr' id='par_1_12' title="bbox 1213 1165 1888 1361">
     <span class='ocr_line' id='line_1_48' title="bbox 1268 1165 1887 1212; baseline -0.005 -11"><span class='ocrx_word' id='word_1_250' title='bbox 1268 1170 1302 1202; x_wconf 88' lang='lat'>8.</span> <span class='ocrx_word' id='word_1_251' title='bbox 1342 1168 1409 1212; x_wconf 81' lang='lat' dir='ltr'>Qui</span> <span class='ocrx_word' id='word_1_252' title='bbox 1439 1170 1500 1201; x_wconf 79' lang='lat' dir='ltr'>cito</span> <span class='ocrx_word' id='word_1_253' title='bbox 1529 1167 1715 1212; x_wconf 83' lang='lat' dir='ltr'>perdomito.</span> <span class='ocrx_word' id='word_1_254' title='bbox 1751 1165 1887 1211; x_wconf 84' lang='lat' dir='ltr'>Nempe</span> 
     </span>
     <span class='ocr_line' id='line_1_49' title="bbox 1213 1219 1888 1254; baseline -0.004 0"><span class='ocrx_word' id='word_1_255' title='bbox 1213 1222 1303 1254; x_wconf 80' lang='lat' dir='ltr'>intra</span> <span class='ocrx_word' id='word_1_256' title='bbox 1328 1219 1515 1254; x_wconf 86' lang='lat' dir='ltr'>duodecim</span> <span class='ocrx_word' id='word_1_257' title='bbox 1544 1232 1653 1254; x_wconf 87' lang='lat' dir='ltr'>annos</span> <span class='ocrx_word' id='word_1_258' title='bbox 1676 1219 1793 1252; x_wconf 88' lang='lat' dir='ltr'>Asiam</span> <span class='ocrx_word' id='word_1_259' title='bbox 1816 1219 1888 1252; x_wconf 85' lang='lat' dir='ltr'>fere</span> 
     </span>
     <span class='ocr_line' id='line_1_50' title="bbox 1213 1273 1888 1320; baseline -0.006 -13"><span class='ocrx_word' id='word_1_260' title='bbox 1213 1282 1322 1307; x_wconf 86' lang='lat' dir='ltr'>totam</span> <span class='ocrx_word' id='word_1_261' title='bbox 1337 1273 1490 1319; x_wconf 82' lang='lat' dir='ltr'>subegit,</span> <span class='ocrx_word' id='word_1_262' title='bbox 1507 1281 1540 1307; x_wconf 91' lang='lat' dir='ltr'>et</span> <span class='ocrx_word' id='word_1_263' title='bbox 1557 1273 1735 1320; x_wconf 70' lang='lat' dir='ltr'>Babylone</span> <span class='ocrx_word' id='word_1_264' title='bbox 1753 1273 1888 1318; x_wconf 80' lang='lat' dir='ltr'>juvenis</span> 
     </span>
     <span class='ocr_line' id='line_1_51' title="bbox 1213 1323 1887 1361; baseline -0.004 -1"><span class='ocrx_word' id='word_1_265' title='bbox 1213 1326 1328 1361; x_wconf 85' lang='lat' dir='ltr'>adhuc</span> <span class='ocrx_word' id='word_1_266' title='bbox 1353 1339 1489 1360; x_wconf 87' lang='lat' dir='ltr'>veneno</span> <span class='ocrx_word' id='word_1_267' title='bbox 1512 1327 1667 1359; x_wconf 82' lang='lat' dir='ltr'>sublatus</span> <span class='ocrx_word' id='word_1_268' title='bbox 1685 1334 1746 1359; x_wconf 88' lang='lat' dir='ltr'>est.</span> <span class='ocrx_word' id='word_1_269' title='bbox 1764 1323 1832 1358; x_wconf 85' lang='lat' dir='ltr'>Adi</span> <span class='ocrx_word' id='word_1_270' title='bbox 1854 1333 1887 1357; x_wconf 86' lang='lat' dir='ltr'>ct</span> 
     </span>
    </p>
   </div>
   <div class='ocr_carea' id='block_1_6' title="bbox 1200 1377 1887 1421">
    <p class='ocr_par' dir='ltr' id='par_1_13' title="bbox 1200 1377 1887 1421">
     <span class='ocr_line' id='line_1_52' title="bbox 1200 1377 1887 1421; baseline -0.006 -7"><span class='ocrx_word' id='word_1_271' title='bbox 1200 1380 1327 1415; x_wconf 75' lang='lat' dir='ltr'>,Curtii</span> <span class='ocrx_word' id='word_1_272' title='bbox 1342 1406 1351 1421; x_wconf 92' lang='lat'>,</span> <span class='ocrx_word' id='word_1_273' title='bbox 1374 1388 1408 1413; x_wconf 91' lang='lat' dir='ltr'>et</span> <span class='ocrx_word' id='word_1_274' title='bbox 1427 1379 1566 1413; x_wconf 86' lang='lat' dir='ltr'>Arriani</span> <span class='ocrx_word' id='word_1_275' title='bbox 1587 1379 1759 1413; x_wconf 85' lang='lat' dir='ltr'>historias.</span> <span class='ocrx_word' id='word_1_276' title='bbox 1772 1377 1887 1411; x_wconf 73' lang='lat' dir='ltr'>-Sic</span> 
     </span>
    </p>
   </div>
   <div class='ocr_carea' id='block_1_7' title="bbox 1212 1431 1891 2698">
    <p class='ocr_par' dir='ltr' id='par_1_14' title="bbox 1212 1431 1885 1532">
     <span class='ocr_line' id='line_1_53' title="bbox 1213 1431 1885 1466; baseline -0.006 0"><span class='ocrx_word' id='word_1_277' title='bbox 1213 1434 1288 1466; x_wconf 87' lang='lat' dir='ltr'>fere</span> <span class='ocrx_word' id='word_1_278' title='bbox 1309 1441 1427 1466; x_wconf 90' lang='lat' dir='ltr'>noster</span> <span class='ocrx_word' id='word_1_279' title='bbox 1446 1433 1565 1465; x_wconf 74' lang='lat' dir='ltr'>Racine</span> <span class='ocrx_word' id='word_1_280' title='bbox 1583 1431 1627 1466; x_wconf 88' lang='lat' dir='ltr'>de</span> <span class='ocrx_word' id='word_1_281' title='bbox 1647 1431 1782 1465; x_wconf 84' lang='lat' dir='ltr'>Achille</span> <span class='ocrx_word' id='word_1_282' title='bbox 1802 1442 1809 1463; x_wconf 92' lang='lat'>:</span> <span class='ocrx_word' id='word_1_283' title='bbox 1832 1448 1845 1459; x_wconf 70' lang='lat' dir='ltr'>n</span> <span class='ocrx_word' id='word_1_284' title='bbox 1864 1431 1885 1463; x_wconf 90' lang='lat' dir='ltr'>il</span> 
     </span>
     <span class='ocr_line' id='line_1_54' title="bbox 1212 1486 1656 1532; baseline -0.002 -13"><span class='ocrx_word' id='word_1_285' title='bbox 1212 1486 1391 1532; x_wconf 88' lang='lat' dir='ltr'>triomphe</span> <span class='ocrx_word' id='word_1_286' title='bbox 1409 1498 1451 1519; x_wconf 85' lang='lat' dir='ltr'>eu</span> <span class='ocrx_word' id='word_1_287' title='bbox 1467 1493 1623 1518; x_wconf 86' lang='lat' dir='ltr'>courant.</span> <span class='ocrx_word' id='word_1_288' title='bbox 1642 1503 1656 1514; x_wconf 72' lang='lat' dir='ltr'>n</span> 
     </span>
    </p>

    <p class='ocr_par' dir='ltr' id='par_1_15' title="bbox 1213 1536 1890 1954">
     <span class='ocr_line' id='line_1_55' title="bbox 1269 1536 1887 1585; baseline -0.005 -14"><span class='ocrx_word' id='word_1_289' title='bbox 1269 1551 1301 1583; x_wconf 86' lang='lat'>9.</span> <span class='ocrx_word' id='word_1_290' title='bbox 1320 1539 1454 1585; x_wconf 58' lang='lat' dir='ltr'>Lybicas</span> <span class='ocrx_word' id='word_1_291' title='bbox 1470 1540 1612 1583; x_wconf 78' lang='lat' dir='ltr'>juratam</span> <span class='ocrx_word' id='word_1_292' title='bbox 1628 1537 1737 1571; x_wconf 81' lang='lat' dir='ltr'>codex</span> <span class='ocrx_word' id='word_1_293' title='bbox 1758 1536 1887 1569; x_wconf 77' lang='lat' dir='ltr'>Farna-</span> 
     </span>
     <span class='ocr_line' id='line_1_56' title="bbox 1213 1589 1888 1636; baseline -0.004 -12"><span class='ocrx_word' id='word_1_294' title='bbox 1213 1592 1276 1625; x_wconf 87' lang='lat' dir='ltr'>bii.</span> <span class='ocrx_word' id='word_1_295' title='bbox 1288 1612 1337 1619; x_wconf 49' lang='lat' dir='ltr'>—n</span> <span class='ocrx_word' id='word_1_296' title='bbox 1349 1593 1446 1624; x_wconf 79' lang='lat' dir='ltr'>Hunc</span> <span class='ocrx_word' id='word_1_297' title='bbox 1454 1604 1543 1636; x_wconf 77' lang='lat' dir='ltr'>puer.</span> <span class='ocrx_word' id='word_1_298' title='bbox 1553 1591 1662 1624; x_wconf 83' lang='lat' dir='ltr'>Aliter</span> <span class='ocrx_word' id='word_1_299' title='bbox 1672 1589 1776 1624; x_wconf 89' lang='lat' dir='ltr'>sentit</span> <span class='ocrx_word' id='word_1_300' title='bbox 1786 1589 1888 1622; x_wconf 75' lang='lat' dir='ltr'>Silius</span> 
     </span>
     <span class='ocr_line' id='line_1_57' title="bbox 1214 1641 1889 1689; baseline -0.006 -11"><span class='ocrx_word' id='word_1_301' title='bbox 1214 1645 1237 1678; x_wconf 91' lang='lat' dir='ltr'>l.</span> <span class='ocrx_word' id='word_1_302' title='bbox 1253 1646 1286 1686; x_wconf 92' lang='lat' dir='ltr'>I,</span> <span class='ocrx_word' id='word_1_303' title='bbox 1306 1658 1319 1678; x_wconf 92' lang='lat'>1</span> <span class='ocrx_word' id='word_1_304' title='bbox 1332 1658 1345 1678; x_wconf 93' lang='lat'>1</span> <span class='ocrx_word' id='word_1_305' title='bbox 1357 1647 1395 1679; x_wconf 88' lang='lat'>8:</span> <span class='ocrx_word' id='word_1_306' title='bbox 1415 1645 1522 1678; x_wconf 74' lang='lat' dir='ltr'>«Juro</span> <span class='ocrx_word' id='word_1_307' title='bbox 1535 1643 1645 1677; x_wconf 85' lang='lat' dir='ltr'>nostri</span> <span class='ocrx_word' id='word_1_308' title='bbox 1661 1656 1724 1689; x_wconf 87' lang='lat' dir='ltr'>per</span> <span class='ocrx_word' id='word_1_309' title='bbox 1742 1641 1889 1675; x_wconf 89' lang='lat' dir='ltr'>numina</span> 
     </span>
     <span class='ocr_line' id='line_1_58' title="bbox 1215 1697 1888 1743; baseline -0.003 -13"><span class='ocrx_word' id='word_1_310' title='bbox 1215 1697 1337 1731; x_wconf 85' lang='lat' dir='ltr'>Martis</span> <span class='ocrx_word' id='word_1_311' title='bbox 1348 1723 1357 1739; x_wconf 82' lang='lat'><strong><em>,</em></strong></span> <span class='ocrx_word' id='word_1_312' title='bbox 1374 1698 1441 1731; x_wconf 88' lang='lat' dir='ltr'>Per</span> <span class='ocrx_word' id='word_1_313' title='bbox 1455 1710 1590 1738; x_wconf 86' lang='lat' dir='ltr'>manes,</span> <span class='ocrx_word' id='word_1_314' title='bbox 1608 1697 1723 1743; x_wconf 81' lang='lat' dir='ltr'>regina</span> <span class='ocrx_word' id='word_1_315' title='bbox 1736 1721 1746 1737; x_wconf 89' lang='lat'>‚</span> <span class='ocrx_word' id='word_1_316' title='bbox 1763 1704 1841 1729; x_wconf 87' lang='lat' dir='ltr'>tuos</span> <span class='ocrx_word' id='word_1_317' title='bbox 1858 1713 1888 1735; x_wconf 64' lang='grc' dir='ltr'>ι»,</span> 
     </span>
     <span class='ocr_line' id='line_1_59' title="bbox 1215 1749 1887 1794; baseline -0.004 -10"><span class='ocrx_word' id='word_1_318' title='bbox 1215 1759 1278 1784; x_wconf 85' lang='lat' dir='ltr'>etc.</span> <span class='ocrx_word' id='word_1_319' title='bbox 1304 1750 1373 1784; x_wconf 81' lang='lat' dir='ltr'>Sed</span> <span class='ocrx_word' id='word_1_320' title='bbox 1393 1758 1512 1784; x_wconf 85' lang='lat' dir='ltr'>noster</span> <span class='ocrx_word' id='word_1_321' title='bbox 1532 1751 1658 1791; x_wconf 86' lang='lat' dir='ltr'>Poeta,</span> <span class='ocrx_word' id='word_1_322' title='bbox 1678 1758 1716 1782; x_wconf 89' lang='lat' dir='ltr'>ut</span> <span class='ocrx_word' id='word_1_323' title='bbox 1736 1749 1863 1794; x_wconf 89' lang='lat' dir='ltr'>opinor</span> <span class='ocrx_word' id='word_1_324' title='bbox 1872 1761 1887 1785; x_wconf 67' lang='lat'>¹,</span> 
     </span>
     <span class='ocr_line' id='line_1_60' title="bbox 1214 1801 1889 1849; baseline -0.006 -12"><span class='ocrx_word' id='word_1_325' title='bbox 1214 1804 1291 1837; x_wconf 87' lang='lat' dir='ltr'>vult</span> <span class='ocrx_word' id='word_1_326' title='bbox 1311 1812 1446 1837; x_wconf 84' lang='lat' dir='ltr'>tantum</span> <span class='ocrx_word' id='word_1_327' title='bbox 1473 1803 1667 1849; x_wconf 85' lang='lat' dir='ltr'>significare</span> <span class='ocrx_word' id='word_1_328' title='bbox 1690 1802 1780 1835; x_wconf 89' lang='lat' dir='ltr'>hanc</span> <span class='ocrx_word' id='word_1_329' title='bbox 1802 1801 1889 1834; x_wconf 84' lang='lat' dir='ltr'>Hei·-</span> 
     </span>
     <span class='ocr_line' id='line_1_61' title="bbox 1215 1855 1890 1900; baseline -0.004 -11"><span class='ocrx_word' id='word_1_330' title='bbox 1215 1857 1302 1890; x_wconf 89' lang='lat' dir='ltr'>culis</span> <span class='ocrx_word' id='word_1_331' title='bbox 1335 1865 1483 1890; x_wconf 85' lang='lat' dir='ltr'>statuam</span> <span class='ocrx_word' id='word_1_332' title='bbox 1518 1856 1621 1889; x_wconf 89' lang='lat' dir='ltr'>fuisse</span> <span class='ocrx_word' id='word_1_333' title='bbox 1652 1855 1689 1889; x_wconf 92' lang='lat' dir='ltr'>in</span> <span class='ocrx_word' id='word_1_334' title='bbox 1723 1862 1890 1900; x_wconf 79' lang='lat' dir='ltr'>potestate</span> 
     </span>
     <span class='ocr_line' id='line_1_62' title="bbox 1215 1907 1888 1954; baseline -0.006 -11"><span class='ocrx_word' id='word_1_335' title='bbox 1215 1910 1420 1943; x_wconf 83' lang='lat' dir='ltr'>Hannibalis</span> <span class='ocrx_word' id='word_1_336' title='bbox 1432 1936 1441 1951; x_wconf 87' lang='lat'>‚</span> <span class='ocrx_word' id='word_1_337' title='bbox 1453 1918 1489 1942; x_wconf 91' lang='lat' dir='ltr'>ut</span> <span class='ocrx_word' id='word_1_338' title='bbox 1501 1909 1667 1954; x_wconf 86' lang='lat' dir='ltr'>Papinius</span> <span class='ocrx_word' id='word_1_339' title='bbox 1681 1909 1759 1942; x_wconf 88' lang='lat' dir='ltr'>loco</span> <span class='ocrx_word' id='word_1_340' title='bbox 1771 1907 1888 1941; x_wconf 89' lang='lat' dir='ltr'>citato.</span> 
     </span>
    </p>

    <p class='ocr_par' dir='ltr' id='par_1_16' title="bbox 1216 1961 1890 2326">
     <span class='ocr_line' id='line_1_63' title="bbox 1274 1961 1890 2010; baseline -0.005 -14"><span class='ocrx_word' id='word_1_341' title='bbox 1274 1976 1328 1996; x_wconf 82' lang='lat'>10.</span> <span class='ocrx_word' id='word_1_342' title='bbox 1340 1963 1460 2010; x_wconf 67' lang='lat' dir='ltr'>Syllam</span> <span class='ocrx_word' id='word_1_343' title='bbox 1472 1971 1597 1995; x_wconf 79' lang='lat' dir='ltr'>trucem.</span> <span class='ocrx_word' id='word_1_344' title='bbox 1610 1962 1745 2007; x_wconf 83' lang='lat' dir='ltr'>Nempe</span> <span class='ocrx_word' id='word_1_345' title='bbox 1757 1961 1803 1994; x_wconf 92' lang='lat' dir='ltr'>ob</span> <span class='ocrx_word' id='word_1_346' title='bbox 1813 1973 1890 1994; x_wconf 88' lang='lat' dir='ltr'>cru-</span> 
     </span>
     <span class='ocr_line' id='line_1_64' title="bbox 1217 2014 1890 2061; baseline -0.004 -12"><span class='ocrx_word' id='word_1_347' title='bbox 1217 2015 1390 2049; x_wconf 86' lang='lat' dir='ltr'>delitatem</span> <span class='ocrx_word' id='word_1_348' title='bbox 1398 2042 1406 2057; x_wconf 91' lang='lat'>‚</span> <span class='ocrx_word' id='word_1_349' title='bbox 1414 2028 1517 2061; x_wconf 88' lang='lat' dir='ltr'>quam</span> <span class='ocrx_word' id='word_1_350' title='bbox 1527 2016 1561 2048; x_wconf 90' lang='lat' dir='ltr'>in</span> <span class='ocrx_word' id='word_1_351' title='bbox 1572 2015 1683 2048; x_wconf 74' lang='lat' dir='ltr'>victos</span> <span class='ocrx_word' id='word_1_352' title='bbox 1693 2014 1784 2048; x_wconf 87' lang='lat' dir='ltr'>cives</span> <span class='ocrx_word' id='word_1_353' title='bbox 1793 2026 1890 2047; x_wconf 79' lang='lat' dir='ltr'>exer-</span> 
     </span>
     <span class='ocr_line' id='line_1_65' title="bbox 1216 2067 1886 2113; baseline -0.004 -12"><span class='ocrx_word' id='word_1_354' title='bbox 1216 2069 1301 2102; x_wconf 80' lang='lat' dir='ltr'>cuit.</span> <span class='ocrx_word' id='word_1_355' title='bbox 1318 2067 1411 2101; x_wconf 76' lang='lat' dir='ltr'>Vide</span> <span class='ocrx_word' id='word_1_356' title='bbox 1427 2068 1632 2101; x_wconf 84' lang='lat' dir='ltr'>Sallustium</span> <span class='ocrx_word' id='word_1_357' title='bbox 1643 2093 1653 2107; x_wconf 74' lang='grc'>,</span> <span class='ocrx_word' id='word_1_358' title='bbox 1669 2067 1867 2113; x_wconf 88' lang='lat' dir='ltr'>Appianum</span> <span class='ocrx_word' id='word_1_359' title='bbox 1879 2093 1886 2103; x_wconf 83' lang='lat'>,</span> 
     </span>
     <span class='ocr_line' id='line_1_66' title="bbox 1216 2120 1886 2165; baseline -0.004 -11"><span class='ocrx_word' id='word_1_360' title='bbox 1216 2130 1249 2155; x_wconf 75' lang='lat' dir='ltr'>et</span> <span class='ocrx_word' id='word_1_361' title='bbox 1262 2122 1451 2154; x_wconf 67' lang='lat' dir='ltr'>Velleium.</span> <span class='ocrx_word' id='word_1_362' title='bbox 1473 2121 1568 2165; x_wconf 75' lang='lat' dir='ltr'>Sylla</span> <span class='ocrx_word' id='word_1_363' title='bbox 1582 2133 1665 2165; x_wconf 82' lang='lat' dir='ltr'>ergo</span> <span class='ocrx_word' id='word_1_364' title='bbox 1678 2121 1772 2154; x_wconf 88' lang='lat' dir='ltr'>hunc</span> <span class='ocrx_word' id='word_1_365' title='bbox 1786 2120 1886 2152; x_wconf 87' lang='lat' dir='ltr'>etiam</span> 
     </span>
     <span class='ocr_line' id='line_1_67' title="bbox 1217 2173 1889 2219; baseline -0.003 -12"><span class='ocrx_word' id='word_1_366' title='bbox 1217 2175 1402 2208; x_wconf 85' lang='lat' dir='ltr'>Herculem</span> <span class='ocrx_word' id='word_1_367' title='bbox 1423 2173 1595 2219; x_wconf 79' lang='lat' dir='ltr'>possedit,</span> <span class='ocrx_word' id='word_1_368' title='bbox 1612 2186 1628 2206; x_wconf 85' lang='lat' dir='ltr'>a</span> <span class='ocrx_word' id='word_1_369' title='bbox 1645 2186 1714 2219; x_wconf 90' lang='lat' dir='ltr'>quo</span> <span class='ocrx_word' id='word_1_370' title='bbox 1726 2200 1735 2214; x_wconf 96' lang='lat'><strong>‚</strong></span> <span class='ocrx_word' id='word_1_371' title='bbox 1764 2181 1803 2206; x_wconf 88' lang='lat' dir='ltr'>ut</span> <span class='ocrx_word' id='word_1_372' title='bbox 1822 2173 1889 2205; x_wconf 77' lang='lat' dir='ltr'>fin·</span> 
     </span>
     <span class='ocr_line' id='line_1_68' title="bbox 1216 2218 1889 2273; baseline -0.003 -13"><span class='ocrx_word' id='word_1_373' title='bbox 1216 2228 1265 2273; x_wconf 80' lang='lat' dir='ltr'>git</span> <span class='ocrx_word' id='word_1_374' title='bbox 1285 2229 1405 2266; x_wconf 84' lang='lat' dir='ltr'>Poeta,</span> <span class='ocrx_word' id='word_1_375' title='bbox 1424 2227 1606 2261; x_wconf 69' lang='lat' dir='ltr'>dictaturae</span> <span class='ocrx_word' id='word_1_376' title='bbox 1625 2218 1811 2272; x_wconf 76' lang='lat' dir='ltr'>imperium</span> <span class='ocrx_word' id='word_1_377' title='bbox 1829 2225 1889 2259; x_wconf 84' lang='lat' dir='ltr'>de-</span> 
     </span>
     <span class='ocr_line' id='line_1_69' title="bbox 1216 2282 1564 2326; baseline -0.003 -12"><span class='ocrx_word' id='word_1_378' title='bbox 1216 2293 1351 2326; x_wconf 87' lang='lat' dir='ltr'>ponere</span> <span class='ocrx_word' id='word_1_379' title='bbox 1367 2282 1483 2326; x_wconf 85' lang='lat' dir='ltr'>jussus</span> <span class='ocrx_word' id='word_1_380' title='bbox 1503 2289 1564 2314; x_wconf 77' lang='lat' dir='ltr'>est.</span> 
     </span>
    </p>

    <p class='ocr_par' dir='ltr' id='par_1_17' title="bbox 1216 2332 1891 2698">
     <span class='ocr_line' id='line_1_70' title="bbox 1275 2332 1890 2378; baseline -0.007 -11"><span class='ocrx_word' id='word_1_381' title='bbox 1275 2346 1287 2367; x_wconf 77' lang='grc' dir='ltr'>ι</span> <span class='ocrx_word' id='word_1_382' title='bbox 1302 2347 1314 2367; x_wconf 90' lang='lat'>1</span> <span class='ocrx_word' id='word_1_383' title='bbox 1324 2361 1332 2367; x_wconf 90' lang='lat'>.</span> <span class='ocrx_word' id='word_1_384' title='bbox 1347 2335 1498 2377; x_wconf 73' lang='lat' dir='ltr'>Ossiwsus</span> <span class='ocrx_word' id='word_1_385' title='bbox 1509 2335 1624 2366; x_wconf 63' lang='lat' dir='ltr'>varim.</span> <span class='ocrx_word' id='word_1_386' title='bbox 1639 2332 1752 2378; x_wconf 79' lang='lat' dir='ltr'>Coepit</span> <span class='ocrx_word' id='word_1_387' title='bbox 1765 2345 1890 2377; x_wconf 59' lang='lat' dir='ltr'>nempe</span> 
     </span>
     <span class='ocr_line' id='line_1_71' title="bbox 1218 2385 1890 2434; baseline -0.004 -14"><span class='ocrx_word' id='word_1_388' title='bbox 1218 2387 1341 2420; x_wconf 79' lang='lat' dir='ltr'>fastum</span> <span class='ocrx_word' id='word_1_389' title='bbox 1361 2395 1393 2420; x_wconf 81' lang='lat' dir='ltr'>et</span> <span class='ocrx_word' id='word_1_390' title='bbox 1411 2385 1634 2434; x_wconf 66' lang='lat' dir='ltr'>tyrannidem</span> <span class='ocrx_word' id='word_1_391' title='bbox 1654 2385 1821 2423; x_wconf 75' lang='lat' dir='ltr'>aversari,</span> <span class='ocrx_word' id='word_1_392' title='bbox 1840 2393 1890 2418; x_wconf 82' lang='lat' dir='ltr'>nt-</span> 
     </span>
     <span class='ocr_line' id='line_1_72' title="bbox 1216 2438 1890 2485; baseline -0.006 -12"><span class='ocrx_word' id='word_1_393' title='bbox 1216 2453 1285 2485; x_wconf 75' lang='lat' dir='ltr'>que</span> <span class='ocrx_word' id='word_1_394' title='bbox 1306 2441 1340 2473; x_wconf 88' lang='lat' dir='ltr'>in</span> <span class='ocrx_word' id='word_1_395' title='bbox 1359 2440 1491 2485; x_wconf 76' lang='lat' dir='ltr'>privata</span> <span class='ocrx_word' id='word_1_396' title='bbox 1509 2438 1668 2473; x_wconf 69' lang='lat' dir='ltr'>Vindicis</span> <span class='ocrx_word' id='word_1_397' title='bbox 1688 2451 1803 2472; x_wconf 83' lang='lat' dir='ltr'>mensa</span> <span class='ocrx_word' id='word_1_398' title='bbox 1823 2439 1890 2471; x_wconf 76' lang='lat' dir='ltr'>coli</span> 
     </span>
     <span class='ocr_line' id='line_1_73' title="bbox 1217 2491 1890 2535; baseline -0.004 -10"><span class='ocrx_word' id='word_1_399' title='bbox 1217 2494 1352 2526; x_wconf 85' lang='lat' dir='ltr'>maluit.</span> <span class='ocrx_word' id='word_1_400' title='bbox 1373 2493 1428 2527; x_wconf 81' lang='lat' dir='ltr'>Sic</span> <span class='ocrx_word' id='word_1_401' title='bbox 1446 2501 1479 2526; x_wconf 87' lang='lat' dir='ltr'>et</span> <span class='ocrx_word' id='word_1_402' title='bbox 1493 2493 1620 2525; x_wconf 76' lang='lat' dir='ltr'>Statius</span> <span class='ocrx_word' id='word_1_403' title='bbox 1642 2493 1719 2525; x_wconf 73' lang='lat' dir='ltr'>loco</span> <span class='ocrx_word' id='word_1_404' title='bbox 1739 2491 1797 2525; x_wconf 82' lang='lat' dir='ltr'>cit.</span> <span class='ocrx_word' id='word_1_405' title='bbox 1820 2494 1890 2535; x_wconf 60' lang='lat'>9⁶2</span> 
     </span>
     <span class='ocr_line' id='line_1_74' title="bbox 1221 2545 1889 2591; baseline -0.001 -13"><span class='ocrx_word' id='word_1_406' title='bbox 1221 2547 1308 2579; x_wconf 69' lang='lat' dir='ltr'>«Hic</span> <span class='ocrx_word' id='word_1_407' title='bbox 1333 2547 1438 2591; x_wconf 71' lang='lat' dir='ltr'>igitur</span> <span class='ocrx_word' id='word_1_408' title='bbox 1458 2547 1520 2579; x_wconf 79' lang='lat' dir='ltr'>tibi</span> <span class='ocrx_word' id='word_1_409' title='bbox 1543 2546 1616 2579; x_wconf 74' lang='lat' dir='ltr'>laeta</span> <span class='ocrx_word' id='word_1_410' title='bbox 1637 2546 1748 2591; x_wconf 71' lang='lat' dir='ltr'>quies.</span> <span class='ocrx_word' id='word_1_411' title='bbox 1775 2545 1889 2577; x_wconf 78' lang='lat' dir='ltr'>sortis-</span> 
     </span>
     <span class='ocr_line' id='line_1_75' title="bbox 1217 2596 1891 2634; baseline -0.006 -2"><span class='ocrx_word' id='word_1_412' title='bbox 1217 2601 1301 2632; x_wconf 56' lang='lat' dir='ltr'>sinu·</span> <span class='ocrx_word' id='word_1_413' title='bbox 1319 2601 1444 2632; x_wconf 73' lang='lat' dir='ltr'>Divum</span> <span class='ocrx_word' id='word_1_414' title='bbox 1459 2598 1596 2634; x_wconf 68' lang='lat' dir='ltr'>Alcide:</span> <span class='ocrx_word' id='word_1_415' title='bbox 1615 2611 1676 2631; x_wconf 71' lang='lat' dir='ltr'>nec</span> <span class='ocrx_word' id='word_1_416' title='bbox 1691 2597 1778 2631; x_wconf 82' lang='lat' dir='ltr'>bella</span> <span class='ocrx_word' id='word_1_417' title='bbox 1796 2596 1891 2631; x_wconf 72' lang='lat' dir='ltr'>vides</span> 
     </span>
     <span class='ocr_line' id='line_1_76' title="bbox 1219 2653 1613 2698; baseline 0.008 -16"><span class='ocrx_word' id='word_1_418' title='bbox 1219 2665 1421 2698; x_wconf 66' lang='lat' dir='ltr'>pugnasque</span> <span class='ocrx_word' id='word_1_419' title='bbox 1439 2653 1583 2685; x_wconf 70' lang='lat' dir='ltr'>feroces.</span> <span class='ocrx_word' id='word_1_420' title='bbox 1602 2670 1613 2680; x_wconf 69' lang='grc' dir='ltr'>ιι</span> 
     </span>
    </p>
   </div>
  </div>
 </body>
</html>
