<?xml version="1.0" encoding="UTF-8"?>
<!DOCTYPE html PUBLIC "-//W3C//DTD XHTML 1.0 Transitional//EN"
    "http://www.w3.org/TR/xhtml1/DTD/xhtml1-transitional.dtd">
<html xmlns="http://www.w3.org/1999/xhtml" xml:lang="en" lang="en">
 <head>
  <title>
</title>
<meta http-equiv="Content-Type" content="text/html;charset=utf-8" />
  <meta name='ocr-system' content='tesseract 3.04.00' />
  <meta name='ocr-capabilities' content='ocr_page ocr_carea ocr_par ocr_line ocrx_word'/>
</head>
<body>
  <div class='ocr_page' id='page_1' title='image "./epigrammata02martuoft/epigrammata02martuoft_0662.png"; bbox 0 0 1978 3305; ppageno 0'>
   <div class='ocr_carea' id='block_1_1' title="bbox 395 209 493 265">
    <p class='ocr_par' dir='ltr' id='par_1_1' title="bbox 395 209 493 265">
     <span class='ocr_line' id='line_1_1' title="bbox 395 209 493 265; baseline 0 -11"><span class='ocrx_word' id='word_1_1' title='bbox 395 209 493 265; x_wconf 69' lang='lat'><strong>648</strong></span> 
     </span>
    </p>
   </div>
   <div class='ocr_carea' id='block_1_2' title="bbox 768 213 1439 258">
    <p class='ocr_par' dir='ltr' id='par_1_2' title="bbox 768 213 1439 258">
     <span class='ocr_line' id='line_1_2' title="bbox 768 213 1439 258; baseline 0 -3"><span class='ocrx_word' id='word_1_2' title='bbox 768 214 828 255; x_wconf 89' lang='lat' dir='ltr'><strong>M.</strong></span> <span class='ocrx_word' id='word_1_3' title='bbox 852 213 998 258; x_wconf 85' lang='lat' dir='ltr'><strong>VAL.</strong></span> <span class='ocrx_word' id='word_1_4' title='bbox 1038 213 1439 256; x_wconf 55' lang='lat' dir='ltr'><strong>MARTIALIS&#39;</strong></span> 
     </span>
    </p>
   </div>
   <div class='ocr_carea' id='block_1_3' title="bbox 461 296 1726 570">
    <p class='ocr_par' dir='ltr' id='par_1_3' title="bbox 464 296 1726 430">
     <span class='ocr_line' id='line_1_3' title="bbox 464 296 1726 359; baseline 0.001 -18"><span class='ocrx_word' id='word_1_5' title='bbox 464 296 596 341; x_wconf 84' lang='lat' dir='ltr'><strong>Mella</strong></span> <span class='ocrx_word' id='word_1_6' title='bbox 621 298 736 353; x_wconf 83' lang='lat' dir='ltr'><strong>dari,</strong></span> <span class='ocrx_word' id='word_1_7' title='bbox 766 298 1028 359; x_wconf 84' lang='lat' dir='ltr'><strong>nucleosque</strong></span> <span class='ocrx_word' id='word_1_8' title='bbox 1048 299 1197 359; x_wconf 82' lang='lat' dir='ltr'><strong>jubet,</strong></span> <span class='ocrx_word' id='word_1_9' title='bbox 1223 298 1456 359; x_wconf 81' lang='lat' dir='ltr'><strong>dulcesque</strong></span> <span class='ocrx_word' id='word_1_10' title='bbox 1483 298 1700 359; x_wconf 78' lang='lat' dir='ltr'><strong>placentas</strong></span> <span class='ocrx_word' id='word_1_11' title='bbox 1716 335 1726 352; x_wconf 86' lang='lat'>‚</span> 
     </span>
     <span class='ocr_line' id='line_1_4' title="bbox 532 368 1534 430; baseline 0.002 -20"><span class='ocrx_word' id='word_1_12' title='bbox 532 370 587 411; x_wconf 84' lang='lat' dir='ltr'><strong>Et</strong></span> <span class='ocrx_word' id='word_1_13' title='bbox 611 368 819 428; x_wconf 81' lang='lat' dir='ltr'><strong>quidquid</strong></span> <span class='ocrx_word' id='word_1_14' title='bbox 843 386 1001 430; x_wconf 85' lang='lat' dir='ltr'><strong>pueros</strong></span> <span class='ocrx_word' id='word_1_15' title='bbox 1027 386 1115 412; x_wconf 91' lang='lat' dir='ltr'><strong>non</strong></span> <span class='ocrx_word' id='word_1_16' title='bbox 1142 370 1242 413; x_wconf 86' lang='lat' dir='ltr'><strong>sinit</strong></span> <span class='ocrx_word' id='word_1_17' title='bbox 1265 385 1356 413; x_wconf 89' lang='lat' dir='ltr'><strong>esse</strong></span> <span class='ocrx_word' id='word_1_18' title='bbox 1380 379 1534 414; x_wconf 83' lang='lat' dir='ltr'><strong>truces.</strong></span> 
     </span>
    </p>

    <p class='ocr_par' dir='ltr' id='par_1_4' title="bbox 461 439 1607 570">
     <span class='ocr_line' id='line_1_5' title="bbox 461 439 1359 483; baseline 0 -1"><span class='ocrx_word' id='word_1_19' title='bbox 461 440 517 482; x_wconf 85' lang='lat' dir='ltr'><strong>At</strong></span> <span class='ocrx_word' id='word_1_20' title='bbox 542 446 590 480; x_wconf 90' lang='lat' dir='ltr'><strong>tu</strong></span> <span class='ocrx_word' id='word_1_21' title='bbox 616 454 705 481; x_wconf 90' lang='lat' dir='ltr'><strong>non</strong></span> <span class='ocrx_word' id='word_1_22' title='bbox 728 455 867 483; x_wconf 84' lang='lat' dir='ltr'><strong>cessas</strong></span> <span class='ocrx_word' id='word_1_23' title='bbox 894 441 994 483; x_wconf 88' lang='lat' dir='ltr'><strong>totis</strong></span> <span class='ocrx_word' id='word_1_24' title='bbox 1019 440 1172 483; x_wconf 86' lang='lat' dir='ltr'><strong>tussire</strong></span> <span class='ocrx_word' id='word_1_25' title='bbox 1195 439 1359 483; x_wconf 87' lang='lat' dir='ltr'><strong>diebus.</strong></span> 
     </span>
     <span class='ocr_line' id='line_1_6' title="bbox 533 508 1607 570; baseline 0.002 -20"><span class='ocrx_word' id='word_1_26' title='bbox 533 509 633 551; x_wconf 89' lang='lat' dir='ltr'><strong>Non</strong></span> <span class='ocrx_word' id='word_1_27' title='bbox 660 518 723 552; x_wconf 89' lang='lat' dir='ltr'><strong>est</strong></span> <span class='ocrx_word' id='word_1_28' title='bbox 748 508 840 553; x_wconf 85' lang='lat' dir='ltr'><strong>haec</strong></span> <span class='ocrx_word' id='word_1_29' title='bbox 866 511 1018 564; x_wconf 86' lang='lat' dir='ltr'><strong>tussis,</strong></span> <span class='ocrx_word' id='word_1_30' title='bbox 1045 510 1357 569; x_wconf 87' lang='lat' dir='ltr'><strong>Parthenopaee</strong></span> <span class='ocrx_word' id='word_1_31' title='bbox 1379 527 1386 552; x_wconf 93' lang='lat'>:</span> <span class='ocrx_word' id='word_1_32' title='bbox 1411 509 1509 570; x_wconf 82' lang='lat' dir='ltr'><strong>gula</strong></span> <span class='ocrx_word' id='word_1_33' title='bbox 1533 518 1607 552; x_wconf 82' lang='lat' dir='ltr'><strong>est.</strong></span> 
     </span>
    </p>
   </div>
   <div class='ocr_carea' id='block_1_4' title="bbox 385 628 1066 992">
    <p class='ocr_par' dir='ltr' id='par_1_5' title="bbox 385 628 1066 992">
     <span class='ocr_line' id='line_1_7' title="bbox 447 628 1062 663; baseline 0.007 -4"><span class='ocrx_word' id='word_1_34' title='bbox 447 633 476 661; x_wconf 55' lang='grc' dir='ltr'><strong>ἲ.</strong></span> <span class='ocrx_word' id='word_1_35' title='bbox 496 628 597 661; x_wconf 64' lang='lat' dir='ltr'><strong>Mella</strong></span> <span class='ocrx_word' id='word_1_36' title='bbox 615 629 696 662; x_wconf 73' lang='lat' dir='ltr'><strong>dari.</strong></span> <span class='ocrx_word' id='word_1_37' title='bbox 714 630 951 663; x_wconf 87' lang='lat' dir='ltr'><strong>Praescribunt</strong></span> <span class='ocrx_word' id='word_1_38' title='bbox 968 630 1062 663; x_wconf 86' lang='lat' dir='ltr'><strong>enim</strong></span> 
     </span>
     <span class='ocr_line' id='line_1_8' title="bbox 392 679 1065 717; baseline 0.007 -5"><span class='ocrx_word' id='word_1_39' title='bbox 392 679 518 713; x_wconf 80' lang='lat' dir='ltr'><strong>medici</strong></span> <span class='ocrx_word' id='word_1_40' title='bbox 540 680 654 714; x_wconf 86' lang='lat' dir='ltr'><strong>dulcia</strong></span> <span class='ocrx_word' id='word_1_41' title='bbox 674 681 718 714; x_wconf 85' lang='lat' dir='ltr'><strong>ad</strong></span> <span class='ocrx_word' id='word_1_42' title='bbox 733 682 927 716; x_wconf 87' lang='lat' dir='ltr'><strong>sistendum</strong></span> <span class='ocrx_word' id='word_1_43' title='bbox 946 683 1065 717; x_wconf 81' lang='lat' dir='ltr'><strong>mode-</strong></span> 
     </span>
     <span class='ocr_line' id='line_1_9' title="bbox 391 732 1065 782; baseline 0.003 -16"><span class='ocrx_word' id='word_1_44' title='bbox 391 732 613 779; x_wconf 79' lang='lat' dir='ltr'><strong>randumque</strong></span> <span class='ocrx_word' id='word_1_45' title='bbox 630 734 1065 782; x_wconf 78' lang='lat' dir='ltr'><strong>humorem—Nucleosque</strong></span> 
     </span>
     <span class='ocr_line' id='line_1_10' title="bbox 385 786 1066 834; baseline 0.006 -17"><span class='ocrx_word' id='word_1_46' title='bbox 385 786 484 829; x_wconf 79' lang='lat' dir='ltr'><strong>jubet.</strong></span> <span class='ocrx_word' id='word_1_47' title='bbox 501 786 639 820; x_wconf 84' lang='lat' dir='ltr'><strong>Pineos.</strong></span> <span class='ocrx_word' id='word_1_48' title='bbox 657 788 789 834; x_wconf 59' lang='lat' dir='ltr'><strong>Pitst&#39;id‘l</strong></span> <span class='ocrx_word' id='word_1_49' title='bbox 804 803 820 821; x_wconf 86' lang='lat' dir='ltr'><strong>e</strong></span> <span class='ocrx_word' id='word_1_50' title='bbox 827 790 990 833; x_wconf 75' lang='lat' dir='ltr'><strong>pinastris,</strong></span> <span class='ocrx_word' id='word_1_51' title='bbox 1005 792 1066 821; x_wconf 79' lang='lat' dir='ltr'><strong>sin-</strong></span> 
     </span>
     <span class='ocr_line' id='line_1_11' title="bbox 389 839 1064 881; baseline 0.007 -12"><span class='ocrx_word' id='word_1_52' title='bbox 389 839 514 881; x_wconf 64' lang='lat' dir='ltr'><strong>gularis</strong></span> <span class='ocrx_word' id='word_1_53' title='bbox 548 840 675 873; x_wconf 77' lang='lat' dir='ltr'><strong>remedii</strong></span> <span class='ocrx_word' id='word_1_54' title='bbox 701 840 846 874; x_wconf 80' lang='lat' dir='ltr'><strong>adversus</strong></span> <span class='ocrx_word' id='word_1_55' title='bbox 878 844 993 874; x_wconf 80' lang='lat' dir='ltr'><strong>tussim.</strong></span> <span class='ocrx_word' id='word_1_56' title='bbox 1027 843 1064 874; x_wconf 84' lang='lat' dir='ltr'><strong>ln</strong></span> 
     </span>
     <span class='ocr_line' id='line_1_12' title="bbox 393 891 1063 940; baseline 0.007 -17"><span class='ocrx_word' id='word_1_57' title='bbox 393 891 478 924; x_wconf 72' lang='lat' dir='ltr'><strong>&#39;nelle</strong></span> <span class='ocrx_word' id='word_1_58' title='bbox 499 892 639 925; x_wconf 78' lang='lat' dir='ltr'><strong>decoctos</strong></span> <span class='ocrx_word' id='word_1_59' title='bbox 655 894 815 928; x_wconf 84' lang='lat' dir='ltr'><strong>nucleos...</strong></span> <span class='ocrx_word' id='word_1_60' title='bbox 830 921 837 933; x_wconf 87' lang='lat'>,</span> <span class='ocrx_word' id='word_1_61' title='bbox 856 903 890 927; x_wconf 89' lang='lat' dir='ltr'><strong>et</strong></span> <span class='ocrx_word' id='word_1_62' title='bbox 910 907 987 940; x_wconf 86' lang='lat' dir='ltr'><strong>quae</strong></span> <span class='ocrx_word' id='word_1_63' title='bbox 1011 907 1063 928; x_wconf 84' lang='lat' dir='ltr'><strong>se-</strong></span> 
     </span>
     <span class='ocr_line' id='line_1_13' title="bbox 389 945 1060 992; baseline 0 -14"><span class='ocrx_word' id='word_1_64' title='bbox 389 953 555 989; x_wconf 79' lang='lat' dir='ltr'><strong>quuntur.</strong></span> <span class='ocrx_word' id='word_1_65' title='bbox 573 945 724 987; x_wconf 83' lang='lat' dir='ltr'><strong>Plinius,</strong></span> <span class='ocrx_word' id='word_1_66' title='bbox 739 946 798 980; x_wconf 87' lang='lat' dir='ltr'><strong>lib.</strong></span> <span class='ocrx_word' id='word_1_67' title='bbox 816 947 896 987; x_wconf 89' lang='lat' dir='ltr'><strong>XV,</strong></span> <span class='ocrx_word' id='word_1_68' title='bbox 915 959 989 992; x_wconf 85' lang='lat' dir='ltr'><strong>cap.</strong></span> <span class='ocrx_word' id='word_1_69' title='bbox 1009 960 1060 980; x_wconf 85' lang='lat'><strong>10.</strong></span> 
     </span>
    </p>
   </div>
   <div class='ocr_carea' id='block_1_5' title="bbox 1124 629 1799 987">
    <p class='ocr_par' dir='ltr' id='par_1_6' title="bbox 1124 629 1799 823">
     <span class='ocr_line' id='line_1_14' title="bbox 1179 629 1797 676; baseline 0 -13"><span class='ocrx_word' id='word_1_70' title='bbox 1179 635 1211 670; x_wconf 70' lang='grc'><strong>4.</strong></span> <span class='ocrx_word' id='word_1_71' title='bbox 1239 631 1287 662; x_wconf 80' lang='lat' dir='ltr'><strong>Et</strong></span> <span class='ocrx_word' id='word_1_72' title='bbox 1306 630 1459 676; x_wconf 78' lang='lat' dir='ltr'><strong>quidquid</strong></span> <span class='ocrx_word' id='word_1_73' title='bbox 1477 642 1600 674; x_wconf 73' lang='lat' dir='ltr'><strong>pueros.</strong></span> <span class='ocrx_word' id='word_1_74' title='bbox 1630 629 1705 661; x_wconf 79' lang='lat' dir='ltr'><strong>Hoc</strong></span> <span class='ocrx_word' id='word_1_75' title='bbox 1731 637 1797 663; x_wconf 63' lang='lat' dir='ltr'><strong>est.</strong></span> 
     </span>
     <span class='ocr_line' id='line_1_15' title="bbox 1124 681 1799 727; baseline -0.006 -10"><span class='ocrx_word' id='word_1_76' title='bbox 1124 697 1162 717; x_wconf 85' lang='lat' dir='ltr'><strong>ea</strong></span> <span class='ocrx_word' id='word_1_77' title='bbox 1177 683 1296 716; x_wconf 82' lang='lat' dir='ltr'><strong>omnia</strong></span> <span class='ocrx_word' id='word_1_78' title='bbox 1310 683 1450 715; x_wconf 80' lang='lat' dir='ltr'><strong>bellaria</strong></span> <span class='ocrx_word' id='word_1_79' title='bbox 1461 709 1469 722; x_wconf 90' lang='lat'>‚</span> <span class='ocrx_word' id='word_1_80' title='bbox 1485 682 1612 727; x_wconf 87' lang='lat' dir='ltr'><strong>quibus</strong></span> <span class='ocrx_word' id='word_1_81' title='bbox 1630 681 1728 726; x_wconf 84' lang='lat' dir='ltr'><strong>pueri</strong></span> <span class='ocrx_word' id='word_1_82' title='bbox 1746 681 1799 713; x_wconf 87' lang='lat' dir='ltr'><strong>lu-</strong></span> 
     </span>
     <span class='ocr_line' id='line_1_16' title="bbox 1124 734 1795 782; baseline -0.004 -13"><span class='ocrx_word' id='word_1_83' title='bbox 1124 744 1244 782; x_wconf 86' lang='lat' dir='ltr'><strong>gentes</strong></span> <span class='ocrx_word' id='word_1_84' title='bbox 1266 736 1460 780; x_wconf 83' lang='lat' dir='ltr'><strong>placantur,</strong></span> <span class='ocrx_word' id='word_1_85' title='bbox 1484 742 1544 767; x_wconf 82' lang='lat' dir='ltr'><strong>aut</strong></span> <span class='ocrx_word' id='word_1_86' title='bbox 1565 742 1679 767; x_wconf 87' lang='lat' dir='ltr'><strong>truces</strong></span> <span class='ocrx_word' id='word_1_87' title='bbox 1698 734 1795 766; x_wconf 88' lang='lat' dir='ltr'><strong>mite—</strong></span> 
     </span>
     <span class='ocr_line' id='line_1_17' title="bbox 1125 789 1361 823; baseline -0.008 -1"><span class='ocrx_word' id='word_1_88' title='bbox 1125 802 1220 823; x_wconf 86' lang='lat' dir='ltr'><strong>scere</strong></span> <span class='ocrx_word' id='word_1_89' title='bbox 1238 789 1361 822; x_wconf 84' lang='lat' dir='ltr'><strong>solent.</strong></span> 
     </span>
    </p>

    <p class='ocr_par' dir='ltr' id='par_1_7' title="bbox 1124 839 1799 987">
     <span class='ocr_line' id='line_1_18' title="bbox 1180 839 1798 885; baseline -0.006 -11"><span class='ocrx_word' id='word_1_90' title='bbox 1180 845 1213 873; x_wconf 79' lang='grc'><strong>6.</strong></span> <span class='ocrx_word' id='word_1_91' title='bbox 1233 842 1324 874; x_wconf 78' lang='lat' dir='ltr'><strong>Haec.</strong></span> <span class='ocrx_word' id='word_1_92' title='bbox 1337 839 1432 882; x_wconf 81' lang='lat' dir='ltr'><strong>Quid</strong></span> <span class='ocrx_word' id='word_1_93' title='bbox 1450 841 1476 873; x_wconf 82' lang='lat' dir='ltr'><strong>si</strong></span> <span class='ocrx_word' id='word_1_94' title='bbox 1495 841 1586 885; x_wconf 77' lang='lat' dir='ltr'><strong>legas</strong></span> <span class='ocrx_word' id='word_1_95' title='bbox 1605 840 1661 871; x_wconf 78' lang='lat' dir='ltr'><strong>lwc</strong></span> <span class='ocrx_word' id='word_1_96' title='bbox 1678 842 1767 870; x_wconf 73' lang='lat' dir='ltr'><strong>tussis</strong></span> <span class='ocrx_word' id='word_1_97' title='bbox 1780 844 1798 870; x_wconf 65' lang='lat'><strong>:³</strong></span> 
     </span>
     <span class='ocr_line' id='line_1_19' title="bbox 1124 890 1799 939; baseline -0.007 -12"><span class='ocrx_word' id='word_1_98' title='bbox 1124 895 1249 939; x_wconf 86' lang='lat' dir='ltr'><strong>quaerit</strong></span> <span class='ocrx_word' id='word_1_99' title='bbox 1269 894 1307 926; x_wconf 86' lang='lat' dir='ltr'><strong>de</strong></span> <span class='ocrx_word' id='word_1_100' title='bbox 1327 895 1428 939; x_wconf 69' lang='lat' dir='ltr'><strong>Rooy.</strong></span> <span class='ocrx_word' id='word_1_101' title='bbox 1441 914 1493 919; x_wconf 91' lang='lat'>—</span> <span class='ocrx_word' id='word_1_102' title='bbox 1506 893 1593 927; x_wconf 81' lang='lat' dir='ltr'><strong>Gula</strong></span> <span class='ocrx_word' id='word_1_103' title='bbox 1608 900 1665 924; x_wconf 79' lang='lat' dir='ltr'><strong>est.</strong></span> <span class='ocrx_word' id='word_1_104' title='bbox 1678 890 1799 924; x_wconf 49' lang='lat' dir='ltr'><strong>Tussis</strong></span> 
     </span>
     <span class='ocr_line' id='line_1_20' title="bbox 1124 945 1712 987; baseline -0.007 -7"><span class='ocrx_word' id='word_1_105' title='bbox 1124 947 1238 987; x_wconf 84' lang='lat' dir='ltr'><strong>enim,</strong></span> <span class='ocrx_word' id='word_1_106' title='bbox 1262 955 1300 980; x_wconf 86' lang='lat' dir='ltr'><strong>ut</strong></span> <span class='ocrx_word' id='word_1_107' title='bbox 1323 946 1385 979; x_wconf 90' lang='lat' dir='ltr'><strong>tibi</strong></span> <span class='ocrx_word' id='word_1_108' title='bbox 1408 945 1539 979; x_wconf 81' lang='lat' dir='ltr'><strong>dentur</strong></span> <span class='ocrx_word' id='word_1_109' title='bbox 1559 945 1712 978; x_wconf 64' lang='lat' dir='ltr'><strong>bellaria.</strong></span> 
     </span>
    </p>
   </div>
   <div class='ocr_carea' id='block_1_6' title="bbox 901 1089 1292 1145">
    <p class='ocr_par' dir='ltr' id='par_1_8' title="bbox 901 1089 1292 1145">
     <span class='ocr_line' id='line_1_21' title="bbox 901 1089 1292 1145; baseline 0 0"><span class='ocrx_word' id='word_1_110' title='bbox 901 1089 1292 1145; x_wconf 88' lang='lat' dir='ltr'><strong>LXXXVII.</strong></span> 
     </span>
    </p>
   </div>
   <div class='ocr_carea' id='block_1_7' title="bbox 816 1225 1367 1275">
    <p class='ocr_par' dir='ltr' id='par_1_9' title="bbox 816 1225 1367 1275">
     <span class='ocr_line' id='line_1_22' title="bbox 816 1225 1367 1275; baseline -0.002 -1"><span class='ocrx_word' id='word_1_111' title='bbox 816 1246 884 1274; x_wconf 79' lang='lat' dir='ltr'><strong>AD</strong></span> <span class='ocrx_word' id='word_1_112' title='bbox 922 1246 1326 1275; x_wconf 79' lang='lat' dir='ltr'><strong>CHARIDEMUM.</strong></span> <span class='ocrx_word' id='word_1_113' title='bbox 1349 1225 1367 1241; x_wconf 66' lang='lat'><em>*</em></span> 
     </span>
    </p>
   </div>
   <div class='ocr_carea' id='block_1_8' title="bbox 458 1358 1590 1626">
    <p class='ocr_par' dir='ltr' id='par_1_10' title="bbox 461 1358 1585 1473">
     <span class='ocr_line' id='line_1_23' title="bbox 461 1358 1585 1420; baseline 0.001 -20"><span class='ocrx_word' id='word_1_114' title='bbox 461 1358 605 1400; x_wconf 72' lang='lat' dir='ltr'><strong>Dlvsss</strong></span> <span class='ocrx_word' id='word_1_115' title='bbox 630 1374 726 1402; x_wconf 81' lang='lat' dir='ltr'><strong>cras</strong></span> <span class='ocrx_word' id='word_1_116' title='bbox 743 1358 964 1418; x_wconf 87' lang='lat' dir='ltr'><strong>quondam</strong></span> <span class='ocrx_word' id='word_1_117' title='bbox 988 1376 996 1402; x_wconf 77' lang='lat'>2</span> <span class='ocrx_word' id='word_1_118' title='bbox 1020 1358 1095 1402; x_wconf 90' lang='lat' dir='ltr'><strong>sed</strong></span> <span class='ocrx_word' id='word_1_119' title='bbox 1120 1368 1224 1403; x_wconf 79' lang='lat' dir='ltr'><strong>tunc</strong></span> <span class='ocrx_word' id='word_1_120' title='bbox 1254 1358 1419 1420; x_wconf 83' lang='lat' dir='ltr'><strong>paedico</strong></span> <span class='ocrx_word' id='word_1_121' title='bbox 1443 1359 1559 1402; x_wconf 82' lang='lat' dir='ltr'><strong>fuisti</strong></span> <span class='ocrx_word' id='word_1_122' title='bbox 1575 1394 1585 1408; x_wconf 84' lang='grc'>,</span> 
     </span>
     <span class='ocr_line' id='line_1_24' title="bbox 529 1427 1349 1473; baseline 0.002 -3"><span class='ocrx_word' id='word_1_123' title='bbox 529 1428 584 1471; x_wconf 89' lang='lat' dir='ltr'><strong>Et</strong></span> <span class='ocrx_word' id='word_1_124' title='bbox 607 1427 683 1471; x_wconf 86' lang='lat' dir='ltr'><strong>tibi</strong></span> <span class='ocrx_word' id='word_1_125' title='bbox 709 1428 826 1472; x_wconf 88' lang='lat' dir='ltr'><strong>nulla</strong></span> <span class='ocrx_word' id='word_1_126' title='bbox 849 1428 922 1472; x_wconf 87' lang='lat' dir='ltr'><strong>diu</strong></span> <span class='ocrx_word' id='word_1_127' title='bbox 949 1428 1108 1473; x_wconf 83' lang='lat' dir='ltr'><strong>femina</strong></span> <span class='ocrx_word' id='word_1_128' title='bbox 1131 1439 1234 1473; x_wconf 86' lang='lat' dir='ltr'><strong>nota</strong></span> <span class='ocrx_word' id='word_1_129' title='bbox 1258 1429 1349 1473; x_wconf 89' lang='lat' dir='ltr'><strong>fuit.</strong></span> 
     </span>
    </p>

    <p class='ocr_par' dir='ltr' id='par_1_11' title="bbox 458 1495 1590 1626">
     <span class='ocr_line' id='line_1_25' title="bbox 458 1495 1590 1560; baseline 0 -20"><span class='ocrx_word' id='word_1_130' title='bbox 458 1499 586 1541; x_wconf 83' lang='lat' dir='ltr'><strong>Nunc</strong></span> <span class='ocrx_word' id='word_1_131' title='bbox 609 1499 785 1542; x_wconf 84' lang='lat' dir='ltr'><strong>sectaris</strong></span> <span class='ocrx_word' id='word_1_132' title='bbox 808 1515 916 1543; x_wconf 84' lang='lat' dir='ltr'><strong>anus</strong></span> <span class='ocrx_word' id='word_1_133' title='bbox 935 1516 943 1542; x_wconf 92' lang='lat'><strong>:</strong></span> <span class='ocrx_word' id='word_1_134' title='bbox 966 1516 992 1543; x_wconf 93' lang='lat' dir='ltr'><strong>o</strong></span> <span class='ocrx_word' id='word_1_135' title='bbox 1018 1511 1229 1560; x_wconf 85' lang='lat' dir='ltr'><strong>quantum</strong></span> <span class='ocrx_word' id='word_1_136' title='bbox 1257 1500 1374 1560; x_wconf 82' lang='lat' dir='ltr'><strong>cogit</strong></span> <span class='ocrx_word' id='word_1_137' title='bbox 1396 1509 1561 1560; x_wconf 83' lang='lat' dir='ltr'><strong>egestas</strong></span> <span class='ocrx_word' id='word_1_138' title='bbox 1583 1495 1590 1539; x_wconf 67' lang='grc' dir='ltr'>ἵ</span> 
     </span>
     <span class='ocr_line' id='line_1_26' title="bbox 530 1567 1412 1626; baseline 0.001 -15"><span class='ocrx_word' id='word_1_139' title='bbox 530 1567 605 1612; x_wconf 85' lang='lat' dir='ltr'><strong>Illa</strong></span> <span class='ocrx_word' id='word_1_140' title='bbox 633 1568 869 1613; x_wconf 84' lang='lat' dir='ltr'><strong>fututorem</strong></span> <span class='ocrx_word' id='word_1_141' title='bbox 897 1579 964 1626; x_wconf 81' lang='lat' dir='ltr'><strong>te,</strong></span> <span class='ocrx_word' id='word_1_142' title='bbox 989 1570 1274 1623; x_wconf 82' lang='lat' dir='ltr'><strong>Charideme,</strong></span> <span class='ocrx_word' id='word_1_143' title='bbox 1300 1570 1412 1613; x_wconf 87' lang='lat' dir='ltr'><strong>facit.</strong></span> 
     </span>
    </p>
   </div>
   <div class='ocr_carea' id='block_1_9' title="bbox 389 1705 1062 2019">
    <p class='ocr_par' dir='ltr' id='par_1_12' title="bbox 442 1705 992 1743">
     <span class='ocr_line' id='line_1_27' title="bbox 442 1705 992 1743; baseline 0.002 -2"><span class='ocrx_word' id='word_1_144' title='bbox 442 1705 454 1716; x_wconf 73' lang='lat'><strong>&#39;¹</strong></span> <span class='ocrx_word' id='word_1_145' title='bbox 475 1708 632 1741; x_wconf 71' lang='lat' dir='ltr'><strong>Cur-idem.</strong></span> <span class='ocrx_word' id='word_1_146' title='bbox 656 1708 732 1742; x_wconf 82' lang='lat' dir='ltr'><strong>Ald.</strong></span> <span class='ocrx_word' id='word_1_147' title='bbox 753 1710 853 1742; x_wconf 87' lang='lat' dir='ltr'><strong>Junt.</strong></span> <span class='ocrx_word' id='word_1_148' title='bbox 875 1709 992 1743; x_wconf 85' lang='lat' dir='ltr'><strong>Coliu.</strong></span> 
     </span>
    </p>

    <p class='ocr_par' dir='ltr' id='par_1_13' title="bbox 446 1761 929 1802">
     <span class='ocr_line' id='line_1_28' title="bbox 446 1761 929 1802; baseline 0.006 -10"><span class='ocrx_word' id='word_1_149' title='bbox 446 1772 474 1792; x_wconf 74' lang='lat'><strong>2.</strong></span> <span class='ocrx_word' id='word_1_150' title='bbox 498 1761 598 1794; x_wconf 81' lang='lat' dir='ltr'><strong>Nota.</strong></span> <span class='ocrx_word' id='word_1_151' title='bbox 615 1761 691 1794; x_wconf 82' lang='lat' dir='ltr'><strong>Hoc</strong></span> <span class='ocrx_word' id='word_1_152' title='bbox 711 1769 782 1802; x_wconf 90' lang='lat' dir='ltr'><strong>est,</strong></span> <span class='ocrx_word' id='word_1_153' title='bbox 806 1770 929 1795; x_wconf 85' lang='lat' dir='ltr'><strong>amata.</strong></span> 
     </span>
    </p>

    <p class='ocr_par' dir='ltr' id='par_1_14' title="bbox 389 1813 1062 2019">
     <span class='ocr_line' id='line_1_29' title="bbox 446 1813 1062 1848; baseline 0.005 -3"><span class='ocrx_word' id='word_1_154' title='bbox 446 1813 475 1845; x_wconf 83' lang='lat'><strong>3.</strong></span> <span class='ocrx_word' id='word_1_155' title='bbox 494 1813 631 1846; x_wconf 78' lang='lat' dir='ltr'><strong>Sectaris</strong></span> <span class='ocrx_word' id='word_1_156' title='bbox 646 1827 734 1847; x_wconf 80' lang='lat' dir='ltr'><strong>anus.</strong></span> <span class='ocrx_word' id='word_1_157' title='bbox 755 1814 892 1848; x_wconf 81' lang='lat' dir='ltr'><strong>Scilicet</strong></span> <span class='ocrx_word' id='word_1_158' title='bbox 911 1816 946 1847; x_wconf 90' lang='lat' dir='ltr'><strong>in</strong></span> <span class='ocrx_word' id='word_1_159' title='bbox 977 1815 1062 1848; x_wconf 83' lang='lat' dir='ltr'><strong>urbe</strong></span> 
     </span>
     <span class='ocr_line' id='line_1_30' title="bbox 391 1865 1061 1914; baseline 0.006 -17"><span class='ocrx_word' id='word_1_160' title='bbox 391 1865 549 1899; x_wconf 82' lang='lat' dir='ltr'><strong>omnium</strong></span> <span class='ocrx_word' id='word_1_161' title='bbox 571 1867 790 1912; x_wconf 78' lang='lat' dir='ltr'><strong>spurcissima</strong></span> <span class='ocrx_word' id='word_1_162' title='bbox 819 1877 853 1902; x_wconf 88' lang='lat' dir='ltr'><strong>et</strong></span> <span class='ocrx_word' id='word_1_163' title='bbox 883 1868 919 1901; x_wconf 82' lang='lat' dir='ltr'><strong>iu</strong></span> <span class='ocrx_word' id='word_1_164' title='bbox 957 1880 1061 1914; x_wconf 85' lang='lat' dir='ltr'><strong>quam</strong></span> 
     </span>
     <span class='ocr_line' id='line_1_31' title="bbox 395 1919 1061 1966; baseline 0.003 -15"><span class='ocrx_word' id='word_1_165' title='bbox 395 1936 405 1946; x_wconf 64' lang='lat' dir='ltr'><em>n</em></span> <span class='ocrx_word' id='word_1_166' title='bbox 426 1927 549 1952; x_wconf 85' lang='lat' dir='ltr'><strong>cuncta</strong></span> <span class='ocrx_word' id='word_1_167' title='bbox 574 1919 732 1966; x_wconf 88' lang='lat' dir='ltr'><strong>undique</strong></span> <span class='ocrx_word' id='word_1_168' title='bbox 763 1921 892 1954; x_wconf 81' lang='lat' dir='ltr'><strong>atrocia</strong></span> <span class='ocrx_word' id='word_1_169' title='bbox 915 1928 973 1953; x_wconf 89' lang='lat' dir='ltr'><strong>aut</strong></span> <span class='ocrx_word' id='word_1_170' title='bbox 997 1934 1061 1966; x_wconf 86' lang='lat' dir='ltr'><strong>pu-</strong></span> 
     </span>
     <span class='ocr_line' id='line_1_32' title="bbox 389 1970 1056 2019; baseline 0.001 -14"><span class='ocrx_word' id='word_1_171' title='bbox 389 1970 504 2006; x_wconf 82' lang='lat' dir='ltr'><strong>denda</strong></span> <span class='ocrx_word' id='word_1_172' title='bbox 523 1972 706 2007; x_wconf 85' lang='lat' dir='ltr'><strong>confluunt</strong></span> <span class='ocrx_word' id='word_1_173' title='bbox 733 1973 1027 2019; x_wconf 83' lang='lat' dir='ltr'><strong>celebranturque</strong></span> <span class='ocrx_word' id='word_1_174' title='bbox 1044 1991 1056 2003; x_wconf 77' lang='grc' dir='ltr'><strong>ι»</strong></span> 
     </span>
    </p>
   </div>
   <div class='ocr_carea' id='block_1_10' title="bbox 1123 1707 1797 1967">
    <p class='ocr_par' dir='ltr' id='par_1_15' title="bbox 1123 1707 1797 1967">
     <span class='ocr_line' id='line_1_33' title="bbox 1124 1707 1794 1753; baseline -0.006 -10"><span class='ocrx_word' id='word_1_175' title='bbox 1124 1708 1248 1748; x_wconf 80' lang='lat' dir='ltr'><strong>(Tacit.</strong></span> <span class='ocrx_word' id='word_1_176' title='bbox 1268 1707 1400 1742; x_wconf 79' lang='lat' dir='ltr'><strong>Annat.</strong></span> <span class='ocrx_word' id='word_1_177' title='bbox 1427 1709 1488 1742; x_wconf 85' lang='lat' dir='ltr'><strong>lib.</strong></span> <span class='ocrx_word' id='word_1_178' title='bbox 1518 1708 1598 1747; x_wconf 80' lang='lat' dir='ltr'><strong>XV,</strong></span> <span class='ocrx_word' id='word_1_179' title='bbox 1625 1719 1699 1753; x_wconf 74' lang='lat' dir='ltr'><strong>cap.</strong></span> <span class='ocrx_word' id='word_1_180' title='bbox 1724 1708 1794 1748; x_wconf 59' lang='lat'><strong>4²4*</strong></span> 
     </span>
     <span class='ocr_line' id='line_1_34' title="bbox 1129 1761 1792 1805; baseline -0.005 -10"><span class='ocrx_word' id='word_1_181' title='bbox 1129 1780 1140 1791; x_wconf 68' lang='grc' dir='ltr'>κ</span> <span class='ocrx_word' id='word_1_182' title='bbox 1157 1763 1245 1795; x_wconf 77' lang='lat' dir='ltr'><strong>utile</strong></span> <span class='ocrx_word' id='word_1_183' title='bbox 1262 1770 1296 1795; x_wconf 90' lang='lat' dir='ltr'><strong>et</strong></span> <span class='ocrx_word' id='word_1_184' title='bbox 1317 1761 1384 1795; x_wconf 90' lang='lat' dir='ltr'><strong>hoc</strong></span> <span class='ocrx_word' id='word_1_185' title='bbox 1410 1761 1526 1794; x_wconf 85' lang='lat' dir='ltr'><strong>multis</strong></span> <span class='ocrx_word' id='word_1_186' title='bbox 1550 1761 1629 1793; x_wconf 86' lang='lat' dir='ltr'><strong>vitae</strong></span> <span class='ocrx_word' id='word_1_187' title='bbox 1650 1772 1760 1805; x_wconf 79' lang='lat' dir='ltr'><strong>genus</strong></span> <span class='ocrx_word' id='word_1_188' title='bbox 1780 1777 1792 1787; x_wconf 85' lang='lat'><strong>··</strong></span> 
     </span>
     <span class='ocr_line' id='line_1_35' title="bbox 1124 1809 1794 1858; baseline -0.004 -10"><span class='ocrx_word' id='word_1_189' title='bbox 1124 1809 1273 1858; x_wconf 86' lang='lat' dir='ltr'><strong>(Juven.</strong></span> <span class='ocrx_word' id='word_1_190' title='bbox 1290 1823 1351 1848; x_wconf 85' lang='lat' dir='ltr'><strong>sat.</strong></span> <span class='ocrx_word' id='word_1_191' title='bbox 1372 1815 1443 1855; x_wconf 81' lang='lat' dir='ltr'><strong>IX,</strong></span> <span class='ocrx_word' id='word_1_192' title='bbox 1463 1812 1557 1858; x_wconf 78' lang='lat'>27);</span> <span class='ocrx_word' id='word_1_193' title='bbox 1583 1831 1595 1843; x_wconf 79' lang='lat'><strong>‹-</strong></span> <span class='ocrx_word' id='word_1_194' title='bbox 1611 1813 1646 1846; x_wconf 88' lang='lat' dir='ltr'><strong>in</strong></span> <span class='ocrx_word' id='word_1_195' title='bbox 1674 1813 1794 1847; x_wconf 85' lang='lat' dir='ltr'><strong>caelum</strong></span> 
     </span>
     <span class='ocr_line' id='line_1_36' title="bbox 1123 1866 1797 1914; baseline -0.006 -13"><span class='ocrx_word' id='word_1_196' title='bbox 1123 1881 1210 1914; x_wconf 80' lang='lat' dir='ltr'><strong>quos</strong></span> <span class='ocrx_word' id='word_1_197' title='bbox 1238 1868 1355 1901; x_wconf 86' lang='lat' dir='ltr'><strong>evehit</strong></span> <span class='ocrx_word' id='word_1_198' title='bbox 1377 1867 1510 1913; x_wconf 80' lang='lat' dir='ltr'><strong>optima</strong></span> <span class='ocrx_word' id='word_1_199' title='bbox 1537 1866 1665 1901; x_wconf 81' lang='lat' dir='ltr'><strong>summi</strong></span> <span class='ocrx_word' id='word_1_200' title='bbox 1693 1867 1797 1900; x_wconf 81' lang='lat' dir='ltr'><strong>Nunc</strong></span> 
     </span>
     <span class='ocr_line' id='line_1_37' title="bbox 1125 1920 1792 1967; baseline -0.004 -13"><span class='ocrx_word' id='word_1_201' title='bbox 1125 1921 1177 1954; x_wconf 87' lang='lat' dir='ltr'><strong>via</strong></span> <span class='ocrx_word' id='word_1_202' title='bbox 1192 1920 1521 1967; x_wconf 75' lang='lat' dir='ltr'><strong>processus,vetulae</strong></span> <span class='ocrx_word' id='word_1_203' title='bbox 1532 1920 1642 1954; x_wconf 79' lang='lat' dir='ltr'><strong>vesica</strong></span> <span class='ocrx_word' id='word_1_204' title='bbox 1654 1920 1768 1953; x_wconf 83' lang='lat' dir='ltr'><strong>beatae.</strong></span> <span class='ocrx_word' id='word_1_205' title='bbox 1782 1937 1792 1946; x_wconf 83' lang='lat'><strong>··</strong></span> 
     </span>
    </p>
   </div>
   <div class='ocr_carea' id='block_1_11' title="bbox 1123 1971 1525 2017">
    <p class='ocr_par' dir='ltr' id='par_1_16' title="bbox 1123 1971 1525 2017">
     <span class='ocr_line' id='line_1_38' title="bbox 1123 1971 1525 2017; baseline -0.002 -9"><span class='ocrx_word' id='word_1_206' title='bbox 1123 1971 1198 2012; x_wconf 88' lang='lat' dir='ltr'><strong>(Id.</strong></span> <span class='ocrx_word' id='word_1_207' title='bbox 1218 1983 1280 2008; x_wconf 89' lang='lat' dir='ltr'><strong>sat.</strong></span> <span class='ocrx_word' id='word_1_208' title='bbox 1298 1975 1332 2017; x_wconf 88' lang='lat' dir='ltr'><strong>I,</strong></span> <span class='ocrx_word' id='word_1_209' title='bbox 1360 1974 1418 2008; x_wconf 80' lang='grc'><strong>38.</strong></span> <span class='ocrx_word' id='word_1_210' title='bbox 1435 1971 1525 2012; x_wconf 85' lang='lat' dir='ltr'><strong>ED.)</strong></span> 
     </span>
    </p>
   </div>
   <div class='ocr_carea' id='block_1_12' title="bbox 872 2114 1303 2171">
    <p class='ocr_par' dir='ltr' id='par_1_17' title="bbox 872 2114 1303 2171">
     <span class='ocr_line' id='line_1_39' title="bbox 872 2114 1303 2171; baseline -0.002 0"><span class='ocrx_word' id='word_1_211' title='bbox 872 2114 1303 2171; x_wconf 85' lang='lat' dir='ltr'><strong>LXXXVIII.</strong></span> 
     </span>
    </p>
   </div>
   <div class='ocr_carea' id='block_1_13' title="bbox 840 2253 1348 2302">
    <p class='ocr_par' dir='ltr' id='par_1_18' title="bbox 840 2253 1348 2302">
     <span class='ocr_line' id='line_1_40' title="bbox 840 2253 1348 2302; baseline 0 -1"><span class='ocrx_word' id='word_1_212' title='bbox 840 2274 905 2301; x_wconf 69' lang='lat' dir='ltr'><strong>uf,</strong></span> <span class='ocrx_word' id='word_1_213' title='bbox 945 2253 1348 2302; x_wconf 49' lang='lat' dir='ltr'><strong>cflsxuisisxuof</strong></span> 
     </span>
    </p>
   </div>
   <div class='ocr_carea' id='block_1_14' title="bbox 600 2383 1507 2515">
    <p class='ocr_par' dir='ltr' id='par_1_19' title="bbox 600 2383 1507 2515">
     <span class='ocr_line' id='line_1_41' title="bbox 600 2383 1507 2444; baseline -0.006 -15"><span class='ocrx_word' id='word_1_214' title='bbox 600 2384 785 2430; x_wconf 77' lang='lat' dir='ltr'><strong>MULTls</strong></span> <span class='ocrx_word' id='word_1_215' title='bbox 809 2384 922 2443; x_wconf 84' lang='lat' dir='ltr'><strong>jam,</strong></span> <span class='ocrx_word' id='word_1_216' title='bbox 956 2385 1097 2444; x_wconf 84' lang='lat' dir='ltr'><strong>Lupe,</strong></span> <span class='ocrx_word' id='word_1_217' title='bbox 1126 2400 1250 2444; x_wconf 60' lang='lat' dir='ltr'><strong>poss(¹</strong></span> <span class='ocrx_word' id='word_1_218' title='bbox 1283 2400 1325 2427; x_wconf 81' lang='lat' dir='ltr'><strong>sc</strong></span> <span class='ocrx_word' id='word_1_219' title='bbox 1357 2383 1507 2427; x_wconf 68' lang='lat' dir='ltr'><strong>diebus</strong></span> 
     </span>
     <span class='ocr_line' id='line_1_42' title="bbox 601 2453 1291 2515; baseline -0.001 -18"><span class='ocrx_word' id='word_1_220' title='bbox 601 2453 813 2498; x_wconf 76' lang='lat' dir='ltr'><strong>l&#39;aedicare</strong></span> <span class='ocrx_word' id='word_1_221' title='bbox 844 2464 972 2515; x_wconf 86' lang='lat' dir='ltr'><strong>negat</strong></span> <span class='ocrx_word' id='word_1_222' title='bbox 1003 2455 1291 2499; x_wconf 82' lang='lat' dir='ltr'><strong>Charisianus.</strong></span> 
     </span>
    </p>
   </div>
   <div class='ocr_carea' id='block_1_15' title="bbox 387 2577 1060 2680">
    <p class='ocr_par' dir='ltr' id='par_1_20' title="bbox 387 2577 1060 2680">
     <span class='ocr_line' id='line_1_43' title="bbox 444 2577 1060 2614; baseline 0 -1"><span class='ocrx_word' id='word_1_223' title='bbox 444 2577 454 2588; x_wconf 66' lang='lat'><em>⁰</em></span> <span class='ocrx_word' id='word_1_224' title='bbox 475 2582 579 2613; x_wconf 58' lang='lat' dir='ltr'><strong>(ku-is.</strong></span> <span class='ocrx_word' id='word_1_225' title='bbox 617 2579 693 2614; x_wconf 84' lang='lat' dir='ltr'><strong>Ald.</strong></span> <span class='ocrx_word' id='word_1_226' title='bbox 723 2581 822 2614; x_wconf 82' lang='lat' dir='ltr'><strong>Junt.</strong></span> <span class='ocrx_word' id='word_1_227' title='bbox 859 2582 934 2614; x_wconf 62' lang='lat' dir='ltr'><strong>(Iul.</strong></span> <span class='ocrx_word' id='word_1_228' title='bbox 965 2582 1060 2614; x_wconf 72' lang='lat' dir='ltr'><strong>Malis</strong></span> 
     </span>
     <span class='ocr_line' id='line_1_44' title="bbox 387 2632 1055 2680; baseline 0.003 -15"><span class='ocrx_word' id='word_1_229' title='bbox 387 2632 525 2666; x_wconf 54' lang='lat' dir='ltr'><strong>exhibet</strong></span> <span class='ocrx_word' id='word_1_230' title='bbox 544 2632 598 2666; x_wconf 81' lang='lat' dir='ltr'><strong>ed.</strong></span> <span class='ocrx_word' id='word_1_231' title='bbox 620 2633 718 2667; x_wconf 77' lang='lat' dir='ltr'><em>Barb.</em></span> <span class='ocrx_word' id='word_1_232' title='bbox 743 2634 838 2668; x_wconf 82' lang='lat' dir='ltr'><strong>Alios</strong></span> <span class='ocrx_word' id='word_1_233' title='bbox 858 2647 1000 2680; x_wconf 83' lang='lat' dir='ltr'><strong>quoque</strong></span> <span class='ocrx_word' id='word_1_234' title='bbox 1022 2634 1055 2667; x_wconf 79' lang='lat' dir='ltr'><strong>id</strong></span> 
     </span>
    </p>
   </div>
   <div class='ocr_carea' id='block_1_16' title="bbox 1123 2581 1795 2679">
    <p class='ocr_par' dir='ltr' id='par_1_21' title="bbox 1123 2581 1795 2679">
     <span class='ocr_line' id='line_1_45' title="bbox 1123 2581 1795 2626; baseline 0 -13"><span class='ocrx_word' id='word_1_235' title='bbox 1123 2582 1236 2626; x_wconf 70' lang='lat' dir='ltr'><strong>legere</strong></span> <span class='ocrx_word' id='word_1_236' title='bbox 1253 2582 1387 2614; x_wconf 70' lang='lat' dir='ltr'><strong>notavit</strong></span> <span class='ocrx_word' id='word_1_237' title='bbox 1407 2581 1605 2613; x_wconf 71' lang='lat' dir='ltr'><strong>Farnabius.</strong></span> <span class='ocrx_word' id='word_1_238' title='bbox 1618 2582 1673 2614; x_wconf 71' lang='lat' dir='ltr'><strong>Sci</strong></span> <span class='ocrx_word' id='word_1_239' title='bbox 1685 2581 1795 2625; x_wconf 65' lang='lat' dir='ltr'><strong>ipturn</strong></span> 
     </span>
     <span class='ocr_line' id='line_1_46' title="bbox 1123 2634 1512 2679; baseline 0 -12"><span class='ocrx_word' id='word_1_240' title='bbox 1123 2643 1239 2668; x_wconf 77' lang='lat' dir='ltr'><strong>nostra</strong></span> <span class='ocrx_word' id='word_1_241' title='bbox 1256 2635 1356 2679; x_wconf 79' lang='lat' dir='ltr'><strong>longe</strong></span> <span class='ocrx_word' id='word_1_242' title='bbox 1377 2634 1512 2668; x_wconf 78' lang='lat' dir='ltr'><strong>melior.</strong></span> 
     </span>
    </p>
   </div>
  </div>
 </body>
</html>
