1978 3305
432 219 528 280 672
995 224 1276 268 TABULA.

562 308 664 342 XIII.
690 305 744 339 Ad
763 307 1005 353 Gargilianum
1030 330 1621 344 .......................
1653 314 1734 361 Pag,
1764 317 1834 351 300

565 361 665 393 XIV.
690 359 732 391 In
752 358 930 393 crudelem
949 361 1099 395 amicum
1109 383 1723 399 ........................
1762 369 1829 403 301

585 413 665 446 XV.
691 410 744 444 Ad
762 412 1001 447 Domitianum
1029 435 1720 450 ...........................
1757 420 1824 455 302

565 466 662 499 XVI.
691 465 733 497 In
755 464 924 511 Ciperum
946 487 1720 502 ..............................
1755 473 1827 507 303

546 519 664 552 XVII.
689 515 744 549 Ad
765 517 905 550 Sextum
924 540 1719 555 ...............................
1758 526 1829 567 304

530 572 662 604 XVIII.
689 567 745 602 Ad
764 570 941 604 Cirinium
950 593 1720 607 ..............................
1757 577 1830 612 305

566 624 663 658 XIX.
688 623 740 655 De
762 623 872 657 Cinna
897 644 1722 659 ................................
1758 631 1829 675 307

581 677 664 711 XX,
687 673 741 707 Ad
762 676 898 709 Varum
923 698 1721 712 ...............................
1758 681 1827 728 307

563 729 661 763 ΧΧΙ.
687 726 742 760 Ad
760 728 961 762 Luciferum
973 754 982 771 ,
997 730 1051 763 vel
1073 730 1109 764 in
1130 729 1319 765 adventum
1337 731 1480 766 Caesaris
1497 754 1720 766 .........
1758 735 1828 781 307

547 782 661 816 XXII.
686 780 728 813 In
750 780 923 815 Gallicum
944 804 1717 817 ..............................
1756 788 1827 832 309

526 834 662 869 XXIII.
687 832 743 866 Ad
762 834 942 867 Rusticum
969 856 1716 869 .............................
1755 839 1827 885 309

526 887 662 922 XXIV.
687 884 743 919 Ad
762 886 931 920 Caesarem
952 887 1196 922 Domitianum
1211 909 1717 922 ....................
1757 892 1829 925 310

543 940 660 975 XXV,
685 938 727 970 In
751 938 952 985 Oppianum
970 961 1712 975 .............................
1753 945 1827 979 310

525 992 658 1027 XXVI.
687 989 740 1023 Ad
757 992 927 1025 Caesarem
948 992 1188 1027 Domitianum
1208 1015 1715 1027 ....................
1753 997 1794 1031 31
1808 1010 1822 1031 1

506 1044 658 1080 XXVII.
684 1042 738 1076 Ad
759 1043 918 1078 Gaurum
942 1067 1712 1079 ..............................
1751 1049 1823 1083 312

486 1098 657 1132 XXVIII.
684 1097 735 1129 De
756 1097 986 1131 Partheniana
1007 1106 1086 1144 toga
1101 1120 1714 1132 ........................
1753 1101 1823 1135 312

523 1151 657 1186 XXIX.
683 1149 734 1182 De
754 1148 912 1185 distichis
942 1172 1711 1184 ..............................
1748 1154 1823 1188 3ῐό

540 1204 656 1238 XXX.
681 1202 734 1235 De
752 1203 951 1247 spectaculo
966 1203 1127 1238 Scaevolae
1148 1226 1710 1236 ······················
1748 1207 1823 1241 316

521 1256 654 1291 XXXI.
680 1254 723 1287 In
744 1255 943 1289 Dentonem
962 1277 1710 1288 .............................
1749 1260 1822 1304 317

502 1309 655 1344 XXXII.
680 1308 731 1340 De
751 1308 916 1342 columba
933 1309 1096 1343 Aretullae
1122 1331 1710 1341 .......................
1747 1312 1821 1347 318

483 1361 653 1396 XXXIII.
680 1359 735 1393 Ad
757 1361 905 1394 Paulum
917 1387 926 1402 ‚
942 1361 987 1395 de
1005 1362 1126 1397 Phiala
1146 1383 1710 1394 ······················
1747 1364 1820 1409 3ῐ9

484 1415 652 1450 XXXIV.
680 1413 721 1446 In
738 1414 948 1448 Jactatorem
959 1435 1709 1448 .............................
1746 1418 1819 1451 321

499 1468 651 1502 XXXV.
677 1466 720 1499 In
736 1467 906 1512 pessimos
920 1469 1082 1513 conjuges
1092 1489 1707 1500 ........................
1745 1469 1819 1504 322

482 1520 651 1555 XXXVI.
678 1518 734 1552 Ad
749 1520 918 1554 Caesarem
934 1521 1173 1555 Domitianum
1200 1541 1709 1552 ....................
1747 1523 1818 1556 322

464 1573 651 1608 XXXVII,
679 1571 731 1606 Ad
749 1573 1022 1618 Polycharmum
1039 1595 1708 1605 ..........................
1746 1574 1819 1616 324

443 1626 650 1662 XXXVIII,
674 1624 729 1658 Ad
747 1626 930 1660 Meliorem
958 1647 1709 1657 .............................
1746 1626 1819 1661 325

478 1679 648 1714 XXXIX.
674 1677 726 1711 Ad
749 1679 987 1712 Domitianum
1011 1700 1707 1711 ...........................
1746 1679 1820 1714 326

572 1733 648 1767 XL.
675 1730 730 1764 Ad
752 1731 919 1777 Priapum
934 1753 1708 1763 ..............................
1745 1733 1818 1778 327

553 1786 647 1819 XLI,
672 1783 728 1817 Ad
748 1785 953 1819 Faustinum
983 1805 1706 1816 ............................
1745 1785 1818 1830 327

533 1835 1384 1872 XLII.AdMath0nem................
1403 1859 1703 1868 ............
1742 1838 1816 1873 328

514 1891 646 1925 XLIII.
670 1891 713 1923 In
731 1890 877 1923 Fabium
894 1900 927 1925 et
945 1890 1167 1925 Chrestillam
1193 1911 1704 1921 ····················
1744 1890 1816 1936 329

515 1944 645 1977 XLIV.
671 1942 727 1976 Ad
749 1944 920 1977 Titullum
931 1963 1708 1974 ..............................
1744 1944 1816 1988 329

534 1998 645 2031 XLV.
670 1995 725 2030 Ad
748 1997 909 2030 Flaccum
931 1995 975 2030 de
996 1995 1112 2030 reditu
1135 1996 1174 2030 P.
1196 1996 1351 2030 Terentii
1383 2017 1709 2027 ·············
1745 1996 1817 2030 330

515 2050 644 2084 XLVI.
670 2048 724 2082 Ad
743 2050 885 2083 Cestum
903 2062 1055 2095 puerum
1084 2069 1703 2080 ........................
1742 2049 1812 2084 331

497 2103 643 2137 XLVII.
670 2103 710 2135 In
730 2102 824 2136 varie
842 2115 877 2137 se
898 2101 1101 2137 tondentem
1112 2123 1701 2133 ·······················
1740 2101 1812 2136 332

478 2157 642 2190 XLVIII.
670 2156 719 2188 De
741 2155 854 2189 abolla
876 2155 1031 2201 Crispini
1055 2175 1702 2186 .........................
1739 2154 1813 2189 333

512 2210 643 2244 XLIX.
667 2209 718 2241 De
742 2209 855 2254 Aspro
874 2228 1701 2239 ................................
1739 2207 1812 2242 333

601 2264 640 2296 L.
666 2260 721 2294 Ad
744 2262 914 2296 Caesarem
934 2261 1177 2295 Domitianum
1187 2281 1699 2291 ....................
1739 2259 1812 2300 334

581 2316 641 2349 LI.
667 2315 718 2347 De
737 2315 853 2360 phiala
876 2314 1037 2348 Instantii
1058 2314 1137 2348 Rufi
1161 2334 1699 2344 ·····················
1739 2313 1811 2348 335

563 2369 640 2402 LII.
665 2366 721 2400 Ad
744 2366 965 2401 Ceditianum
978 2387 1699 2397 ............................
1740 2365 1811 2411 337

545 2421 639 2455 LIII.
666 2420 706 2453 In
728 2420 899 2455 Catullum
924 2439 1700 2450 ..............................
1738 2417 1811 2454 338

546 2475 639 2508 LIV.
666 2473 720 2506 Ad
740 2474 908 2507 Caesarem
934 2473 1175 2506 Domitianum
1218 2492 1702 2502 ...................
1740 2470 1811 2516 339

564 2527 639 2560 LV.
668 2525 719 2559 Ad
742 2525 926 2565 eumdem,
946 2526 988 2559 de
1006 2526 1106 2559 leone
1135 2545 1698 2555 ......................
1737 2523 1810 2569 339

546 2580 638 2613 LVI.
666 2579 718 2612 Ad
744 2579 902 2613 Flaccum
923 2598 1695 2609 ..............................
1737 2577 1803 2616 34,

527 2633 637 2666 LVII.
666 2633 714 2665 Do
738 2633 877 2666 Piconte
896 2656 902 2661 .
923 2651 1695 2661 ..............................
1735 2628 1753 2661 3
1771 2634 1805 2669 ‘1⁴'

507 2687 636 2719 Lx‘lll.
666 2686 704 2717 ln
729 2684 1006 2719 Artemidorum.
1028 2703 1695 2715 ..........................
1736 2682 1807 2722 354
