1978 3305
423 234 519 281 588

778 235 840 278 Μ.
879 235 1020 278 VAL.
1062 233 1453 279 MARTIALIS

1080 394 1193 449 IX.

812 548 878 576 DE
917 548 1114 577 STATUA
1153 528 1453 578 Memmius*

492 675 680 717 emaus
711 671 866 716 fronde
889 672 1033 728 Jovis‚
1061 673 1250 717 Romani
1281 672 1396 717 fama
1425 672 1658 725 cothurni,

564 743 710 804 Spirat
737 741 915 803 Apellea
941 742 1136 788 redditus
1167 753 1260 788 arte
1290 745 1479 788 Memor.

477 871 491 886 ³
512 877 562 909 De
586 884 704 909 statua.
737 876 864 909 Melius
902 877 953 910 De
976 878 1104 921 pictura

425 927 535 975 (quod
548 928 583 962 in
597 928 653 962 ed.
669 927 813 969 Barbou)
826 955 835 971 ,
845 941 954 975 quum
966 929 1105 974 Apelles

423 982 540 1028 pictor
552 981 659 1015 fuerit
672 982 927 1020 nobilissimus..
938 994 1011 1015 non
1022 994 1105 1015 vero

425 1035 613 1070 statuarius
623 1060 633 1074 ,
653 1035 715 1068 lib.
727 1036 799 1068 VII
811 1060 820 1076 ‚
834 1035 943 1080 epigr.
963 1047 1103 1068 Lxxxiv.

485 1101 512 1121 ι.
536 1087 653 1121 Clarus
666 1089 785 1131 fronde
805 1088 905 1121 Jovis.
927 1088 1006 1121 Hoc
1027 1096 1078 1121 est
1096 1114 1105 1129 ,

426 1149 571 1175 ornatus
586 1153 719 1187 querna
731 1153 872 1175 corona.
892 1141 979 1182 Quae
994 1140 1106 1186 poetis

425 1194 594 1228 attributa
615 1194 674 1240 qui
702 1193 815 1228 severi
845 1194 1043 1239 argumenti
1072 1202 1106 1228 et

425 1247 555 1280 nobilis
588 1260 708 1281 versus
746 1247 984 1289 conabantur,
1017 1246 1106 1280 dum

426 1301 624 1345 Elegiarum
637 1327 646 1342 ‚
667 1299 987 1346 Epigrammatum,
1007 1300 1107 1334 Eclo-

427 1366 550 1398 garum
575 1353 806 1399 scriptoribus
832 1353 876 1387 de
895 1353 1025 1387 hedera
1047 1365 1107 1387 co·

425 1419 513 1439 rona
554 1405 820 1440 decernebatur.
862 1407 918 1440 Sic
956 1407 1108 1452 Virgilio

426 1459 545 1505 Eclog.
559 1472 610 1502 vr,
624 1461 686 1493 68.
701 1460 810 1493 Linus
826 1460 987 1506 fingitur:
998 1477 1011 1489 α
1028 1460 1108 1493 Flo-

427 1512 526 1546 ribus
535 1521 640 1558 atque
651 1513 732 1558 apio
743 1513 857 1547 crines
867 1521 1011 1547 ornatus
1021 1525 1109 1546 ama-

425 1578 478 1598 ro.
489 1583 501 1595 n
518 1566 574 1599 Sic
586 1567 715 1599 Noster
727 1579 825 1600 suam
841 1567 1044 1600 Domitiano
1060 1567 1110 1600 of-

425 1619 562 1659 ferens,
577 1619 753 1660 lil).VIII‚
771 1620 881 1665 epigr.
906 1632 1047 1661 Lxxxu,
1067 1624 1084 1653 8
1099 1631 1108 1653 :

429 1682 442 1697 ¹«
467 1671 545 1705 Fiet
571 1681 607 1705 et
632 1685 673 1705 ex
699 1672 830 1706 hedera
857 1673 966 1706 civica
993 1681 1109 1707 nostra

426 1725 501 1757 tibi.
520 1742 533 1754 n
548 1745 598 1751 ——
612 1726 778 1759 Cotlmmzi.
799 1726 872 1768 Qui
894 1726 1108 1772 tragicorum

426 1779 589 1824 proprius
603 1778 668 1812 fuit
681 1805 689 1820 ‚
704 1779 764 1813 lib.
781 1781 848 1819 ΙΙΙ,
867 1793 922 1825 ep.
936 1793 989 1818 xx,
1006 1793 1054 1813 vs.
1073 1793 1106 1825 7.

1222 890 1238 910 2
1247 903 1254 910 .
1268 877 1439 922 Apollinea
1450 877 1557 910 habet
1570 873 1681 910 codex
1694 875 1846 921 scriptus

1166 930 1373 972 Pulmanni;
1385 929 1749 974 male.-——Spirat.Vox
1762 940 1846 974 poe-

1166 983 1210 1016 tis
1225 982 1370 1024 usitata,
1386 991 1421 1016 et
1437 982 1479 1017 iis
1499 983 1712 1028 quicumque
1733 981 1844 1015 auda·

1165 1035 1238 1069 cius
1257 1035 1474 1081 eloquuntur
1495 1034 1540 1069 ad
1563 1033 1783 1080 designanda
1811 1042 1846 1067 et

1165 1088 1339 1123 statuariae
1356 1096 1390 1121 et
1407 1088 1553 1134 picturae
1572 1087 1751 1121 miracula.
1764 1086 1848 1120 Vir-

1164 1142 1268 1187 gilius
1279 1167 1289 1183 ,
1309 1144 1388 1175 AEn.
1415 1141 1475 1175 lib.
1488 1141 1563 1183 VI,
1593 1142 1666 1181 848
1684 1152 1691 1173 :
1707 1155 1720 1167 «ι
1734 1140 1847 1174 Excu-

1165 1194 1252 1229 dent
1286 1195 1344 1228 alii
1379 1194 1550 1239 spirantia
1581 1193 1721 1227 mollius
1757 1205 1822 1227 aera
1839 1220 1849 1234 ,

1166 1257 1232 1282 etc.
1256 1266 1270 1278 »
1294 1248 1451 1282 Statius:
1475 1245 1708 1281 «Phidiacum
1738 1246 1847 1291 spira-

1166 1302 1218 1335 vit
1227 1302 1349 1335 ebur.»
1364 1302 1454 1334 Item
1468 1302 1613 1335 Nostras
1624 1300 1749 1333 Lelnwz
1763 1327 1772 1341 ‚
1787 1299 1846 1333 lib.

1168 1355 1242 1397 VI,
1264 1353 1326 1388 od.
1347 1366 1421 1388 xlv.

1168 1419 1205 1443 La
1223 1418 1285 1442 toile
1301 1427 1315 1442 a
1327 1418 1427 1451 respire'
1440 1424 1502 1441 sous
1517 1416 1540 1440 le
1557 1416 1597 1441 feu
1610 1417 1645 1440 du
1659 1416 1782 1449 pinceau!

1168 1466 1240 1490 Tous
1261 1475 1302 1489 ces
1320 1465 1435 1489 marhres
1450 1464 1552 1489 vivants
1571 1470 1630 1488 sont
1645 1462 1682 1487 les
1699 1462 1739 1487 fils
1756 1463 1789 1485 du
1811 1464 1843 1486 ci-

1239 1510 1309 1538 seau!
1800 1511 1846 1534 En.

1169 1587 1219 1591 --
1237 1566 1391 1606 Caetera,
1412 1564 1440 1597 si
1469 1564 1562 1608 legas
1586 1562 1721 1608 Apellea
1736 1589 1744 1601 ‚
1776 1561 1848 1596 vid.

1169 1631 1275 1664 supra
1294 1625 1366 1651 not.
1392 1629 1423 1660 13
1442 1617 1470 1650 si
1490 1616 1680 1661 Apollinea,
1701 1624 1848 1648 statuam

1170 1671 1338 1706 Memoris
1356 1670 1512 1715 intellige
1526 1669 1562 1702 in
1576 1669 1748 1714 Apollinis
1762 1677 1849 1702 tem-

1169 1726 1230 1772 plo
1253 1725 1346 1758 inter
1368 1724 1517 1758 aliorum
1538 1731 1720 1769 poetarum
1743 1721 1851 1768 pictas

1173 1778 1339 1824 imagines
1357 1777 1573 1812 collocatam.

1092 1918 1169 1973 X.

987 2077 1048 2104 DE
1087 2077 1149 2105 Tu
1167 2077 1284 2105 RNO.

497 2204 741 2247 CONTULlT
771 2202 826 2245 ad
854 2203 1029 2262 Satyras
1059 2202 1251 2264 ingentia
1283 2210 1461 2262 pectora
1485 2202 1672 2244 Turnus.

568 2275 662 2317 Cur·
686 2289 775 2316 non
804 2273 855 2316 ad
887 2274 1098 2317 Memoris
1128 2271 1353 2316 carmina?
1378 2272 1513 2315 frater
1543 2281 1648 2315 erat.

488 2420 515 2440 1.
543 2408 679 2441 Turnus.
709 2408 821 2454 Cujus
850 2402 1011 2442 meminit
1043 2408 1104 2441 lib.

431 2461 521 2501 VH,
566 2461 675 2506 epigr.
710 2474 834 2503 xcvu,
866 2475 916 2495 vs.
957 2463 1001 2499 8,
1033 2474 1104 2495 non

427 2513 565 2559 scripsit
595 2513 796 2560 tragoedias,
822 2527 867 2548 ne
888 2515 1004 2549 fratris
1031 2515 1107 2547 Mc·

430 2567 538 2599 moris
553 2569 697 2601 aemnlus
710 2567 901 2602 videretur.
919 2567 1001 2602 Vid.
1021 2581 1107 2614 quo-

429 2631 496 2663 que
517 2620 576 2653 lib.
604 2621 691 2658 xli,
715 2622 825 2666 epigr.
849 2634 945 2655 xmv.

486 2687 515 2706 ¹1.
531 2673 594 2707 Cui
606 2674 678 2708 MS.
689 2675 825 2708 Bcverl.
842 2675 993 2708 Carmina
1009 2677 1108 2710 (ran-r

1167 2421 1218 2440 eas
1235 2407 1308 2441 MS.
1335 2405 1756 2440 Pulmann.—Cam1ina.
1777 2404 1850 2438 Hc-

1167 2461 1328 2501 roicrme,
1344 2473 1385 2493 an
1403 2459 1559 2506 tragica?
1574 2459 1683 2505 epigr.
1698 2457 1851 2503 praeced.

1168 2527 1216 2548 vs.
1245 2528 1339 2548 1.—-
1361 2515 1476 2547 Frater
1504 2521 1581 2546 erat.
1613 2511 1724 2546 Cessit
1756 2511 1852 2544 illins

1168 2567 1332 2601 carminis
1347 2567 1492 2613 gloriam
1514 2566 1610 2600 fratri
1626 2590 1635 2605 ,
1657 2577 1770 2611 neque
1788 2575 1850 2596 vo-

1169 2621 1234 2655 luit
1267 2633 1302 2654 sc
1334 2621 1383 2653 illi
1414 2620 1579 2654 aemulum
1608 2619 1783 2663 ingerere,
1812 2626 1848 2650 nt

1170 2674 1318 2708 Unicus.
1341 2674 1418 2707 Lib.
1440 2674 1529 2713 ΧΠ,
1549 2672 1661 2717 epigr.
1683 2670 1776 2704 citat.
