1978 3305
419 241 517 284 328

785 245 844 285 Μ.
873 245 1014 286 VAL.
1055 244 1446 287 MARTIALIS

1011 386 1222 443 XLII.

881 535 948 562 An
987 516 1358 565 MATHONEM.*

626 653 671 696 81
697 662 739 695 te
765 652 960 713 sportula
984 653 1124 713 major
1147 653 1201 696 ad
1228 652 1376 696 beatos

625 723 727 766 Non
749 724 1017 783 corruperit,
1038 733 1087 767 ut
1112 722 1241 777 solet3
1264 721 1410 767 licebit

626 793 695 836 De
719 803 869 837 nostro
883 829 894 850 ,
917 793 1073 837 Matho
1088 829 1100 850 ,
1121 794 1281 838 centies
1306 792 1473 837 laveris.

480 926 494 940 '
518 931 641 976 Neque
674 931 711 964 in
744 933 812 966 hoc
842 934 1090 978 epigrammate

417 982 609 1029 quidquam
630 985 765 1018 variant
784 986 926 1031 scripti,
944 995 1002 1019 aut
1023 988 1089 1020 im—

416 1049 537 1082 pressl.

477 1102 506 1122 1.
524 1090 686 1134 Sportula.
705 1092 755 1124 De
772 1092 941 1125 Mathone
960 1092 1091 1137 egimus

417 1142 481 1175 lib.
502 1143 574 1183 IV,
593 1143 701 1188 epigr.
728 1156 829 1177 Lxxx.
850 1145 900 1176 De
917 1145 1093 1190 sportula,

419 1195 481 1228 lib.
502 1195 576 1236 ΙΙΙ,
597 1196 705 1241 epigr.
724 1209 788 1229 vn.

476 1260 508 1281 2.
521 1248 596 1281 Non
606 1252 791 1293 corruperit,
807 1258 872 1282 etc.
890 1250 970 1282 Non
987 1258 1096 1283 trans·

420 1300 540 1334 tulerit
567 1309 772 1346 corruptum
802 1301 927 1336 nidore
954 1304 1094 1350 majoris

419 1353 543 1387 culinae
562 1353 605 1386 ad
617 1366 729 1388 coenas
746 1354 906 1389 divitum.
923 1355 988 1389 Vel
1001 1356 1048 1398 ‚si
1060 1364 1094 1389 te

419 1407 577 1452 sportula
598 1408 708 1452 major
729 1419 800 1441 non
820 1409 1036 1454 corruperit,
1060 1417 1095 1443 et

419 1458 464 1492 ad
490 1459 610 1493 beatos
637 1472 676 1493 ac
705 1459 830 1494 divites
859 1459 1092 1504 transtulerit,

421 1511 566 1546 desertis
604 1513 836 1547 tenuioribus.
878 1514 935 1547 Sic
974 1513 1096 1548 dicunt

420 1565 536 1598 Graeci
566 1566 722 1605 σώζεσθαι
755 1567 796 1605 εἰς
826 1568 938 1608 πόλιν,
966 1566 1001 1600 id
1027 1577 1095 1609 est,

421 1619 541 1663 φεύγειν
559 1619 578 1654 ἢ
598 1619 727 1652 ἀπιέναι
749 1620 791 1658 εἰς
814 1620 904 1653 πόλιν
932 1620 1019 1662 τινὰ,
1041 1621 1095 1654 καὶ

421 1672 485 1704 ἐκεῖ
505 1671 676 1710 σώζεσθαι.
694 1672 831 1706 Herald.

477 1724 510 1756 3.
525 1724 576 1756 De
595 1733 713 1764 nostro,
735 1725 863 1766 Matho,
887 1728 1011 1760 centies.
1034 1727 1095 1759 In-

421 1785 671 1821 terpretantur,
688 1777 731 1810 de
744 1790 821 1811 mea
834 1779 1006 1824 sportula,
1020 1792 1096 1825 quae

421 1838 471 1863 est
493 1839 634 1863 centum
657 1829 905 1876 quadi-amum.
934 1831 1002 1865 Sed
1022 1845 1095 1866 non

422 1881 563 1915 videtur
588 1882 761 1916 Scriverio
791 1893 825 1917 et
857 1885 930 1929 ejus
963 1885 1096 1919 asseclae

421 1935 595 1968 Farnabio
616 1944 775 1969 constare
796 1937 905 1979 ratio,
926 1938 1005 1983 quia
1028 1951 1098 1970 cen·

423 1992 479 2020 ties
501 1989 536 2021 in
560 2001 598 2021 re
621 1990 819 2022 nummaria
841 2002 913 2023 non
935 1999 1096 2032 centum,

421 2039 482 2073 sed
514 2048 566 2074 tot
596 2050 740 2075 centena
772 2042 880 2075 millia
910 2042 1095 2089 significet.

421 2095 544 2140 Itaque
557 2103 617 2126 aut
631 2094 754 2128 ludere
767 2096 909 2128 Poetam
919 2096 996 2129 vult
1008 2096 1099 2130 Scri-

421 2147 538 2180 verius
564 2146 737 2187 dicendo,
763 2148 802 2181 de
829 2157 936 2182 nostro
962 2153 1093 2190 centies,

422 2208 481 2232 aut
493 2198 586 2233 aliud
600 2200 688 2246 quid
699 2200 923 2246 cogitandum
938 2214 992 2236 :se
1003 2203 1095 2236 enim

1150 947 1253 980 opem
1273 934 1363 968 ferre
1380 947 1452 967 non
1470 947 1583 980 posse.
1595 935 1724 969 Tentat
1742 936 1825 969 Far-

1149 987 1273 1021 nabius
1290 998 1297 1020 :
1316 987 1382 1020 Vel
1394 1014 1402 1029 ,
1420 990 1533 1020 centies
1551 989 1671 1028 lavari‚·
1683 987 1717 1021 id
1728 997 1791 1029 est,
1806 1001 1824 1021 a

1150 1040 1282 1073 balneis
1298 1052 1433 1072 coenare
1450 1040 1543 1085 apud
1558 1053 1595 1073 se
1614 1042 1738 1074 invitat
1754 1042 1827 1074 Ma-

1152 1093 1306 1125 thonem.
1331 1093 1404 1137 Ego
1432 1093 1479 1125 sic
1503 1105 1626 1126 censeo
1649 1093 1826 1139 :cogitan-

1151 1143 1236 1177 dum
1259 1145 1392 1178 venisse
1416 1145 1612 1179 Martialem
1635 1159 1712 1179 sero
1735 1146 1826 1179 circa

1151 1197 1269 1231 balnei
1291 1206 1428 1243 tempus
1451 1198 1493 1231 ad
1515 1197 1604 1232 aedes
1626 1198 1803 1232 Mathonis
1817 1224 1827 1240 ,

1151 1259 1190 1283 ut
1206 1258 1339 1296 peteret
1353 1252 1557 1296 sportulam.
1575 1252 1640 1285 Ille
1656 1250 1753 1285 domi
1771 1263 1828 1284 ne-

1152 1304 1299 1348 gabatur
1315 1316 1386 1337 esse
1401 1316 1409 1337 z
1426 1312 1459 1337 et
1475 1304 1659 1338 videbatur
1675 1313 1735 1337 aut
1753 1304 1828 1349 ipse

1152 1356 1235 1389 alibi
1263 1357 1456 1399 sportulam
1483 1358 1632 1403 petitum
1661 1354 1720 1396 (ut
1746 1357 1827 1398 iste,

1153 1421 1257 1454 quem
1272 1421 1374 1443 mane
1393 1410 1580 1443 salutatum
1601 1410 1745 1444 veniens
1768 1421 1828 1443 au-

1153 1461 1271 1496 diebat
1281 1462 1316 1495 in
1333 1462 1493 1496 eumdem
1508 1463 1614 1496 finem
1629 1463 1828 1509 profectum

1154 1509 1340 1560 priorem),
1350 1523 1407 1548 aut
1418 1515 1611 1561 quadrante
1625 1516 1660 1548 in
1674 1515 1830 1561 publicas

1153 1567 1293 1601 balneas
1309 1568 1461 1602 lavatum
1475 1569 1552 1602 isse.
1567 1569 1677 1614 Ergo,
1692 1568 1809 1614 inquit
1820 1593 1830 1609 ,

1154 1620 1219 1654 nisi
1249 1629 1288 1654 tu
1316 1634 1376 1667 spe
1402 1622 1542 1667 majoris
1567 1622 1751 1667 sportulae,
1772 1629 1829 1654 ut-

1153 1681 1236 1719 pote
1254 1673 1463 1708 honoratior
1484 1668 1592 1718 (vide
1612 1674 1675 1708 lib.
1693 1674 1726 1707 X
1742 1699 1752 1715 ,
1773 1686 1830 1720 ep.

1155 1723 1212 1766 x),
1237 1727 1368 1760 alicubi
1397 1726 1581 1768 detineris,
1601 1739 1680 1760 meo
1700 1726 1830 1760 damno

1155 1779 1210 1812 vel
1225 1778 1270 1813 de
1289 1780 1376 1813 mihi
1395 1781 1454 1813 abs
1470 1789 1504 1813 te
1522 1779 1638 1814 debita
1654 1780 1829 1826 sportula,

1155 1844 1260 1878 quam
1276 1833 1429 1867 lucratus
1443 1846 1478 1867 es
1489 1859 1498 1874 ‚
1511 1842 1612 1878 potes
1625 1832 1732 1866 lavari
1748 1844 1830 1865 cen-

1154 1885 1219 1918 ties
1240 1897 1248 1918 :
1272 1894 1345 1919 erat
1369 1886 1464 1919 enim
1496 1886 1556 1920 illa
1581 1894 1721 1919 centum
1746 1897 1830 1931 qua-

1155 1937 1343 1979 drantum,
1366 1947 1400 1972 et
1430 1938 1624 1984 quadrante
1653 1939 1832 1972 constabat

1155 1991 1293 2025 lavatio.
1315 1992 1367 2024 De
1384 2000 1503 2031 nostro,
1523 1999 1562 2025 ut
1583 1992 1644 2025 lib.
1662 1991 1751 2032 VII,
1773 2004 1828 2037 ep.

1156 2056 1240 2077 xmn
1257 2056 1265 2077 :
1291 2044 1337 2076 Et
1377 2052 1431 2077 tua
1468 2044 1507 2077 de
1539 2053 1646 2077 nostro
1659 2071 1667 2084 ,
1698 2045 1806 2077 Prisce
1819 2071 1828 2084 ,

1162 2097 1276 2129 Thalia
1287 2097 1413 2141 placet;
1436 2097 1495 2130 lib.
1520 2098 1552 2130 X
1566 2123 1574 2138 ‚
1592 2097 1701 2143 epigr.
1719 2108 1801 2130 xxxx
1821 2109 1829 2130 :

1157 2151 1209 2182 De
1225 2158 1331 2182 nostra
1346 2153 1477 2194 prasina
1494 2158 1539 2183 est
1558 2150 1711 2197 synthesis
1729 2158 1831 2195 empta

1158 2211 1243 2247 toga.
1259 2202 1417 2236 Gronov.
