1978 3305
304 224 888 268 EPIGRAMMATUM
926 225 1051 268 LIB.
1085 226 1200 267 VII.
1361 225 1457 287 273

558 374 954 430 LXXXVII.

648 530 714 557 DE
754 529 823 558 SE.
847 509 866 527 ⁴²

122 658 167 700 S1
199 664 321 699 meus
349 656 488 698 aurita
519 653 681 714 gaudet
708 653 964 714 glaucopide
993 654 1200 711 Flaccum

193 728 236 771 Si
262 726 421 770 fruitur
446 725 555 768 tristi
577 725 739 768 Canius
761 724 993 785 AEthiope3

124 797 301 840 Publius
327 796 492 855 exiguae
522 795 555 838 si
586 794 742 855 flagrat
770 810 919 837 amore
946 795 1130 852 Catellae3

190 867 234 910 Si
259 866 448 911 Cronius
473 864 655 909 similem
682 865 1017 925 cercopithecon
1044 877 1185 921 amat3

106 1004 121 1020 ⁴¹
141 1007 218 1041 Alia
246 1007 320 1040 aliis
346 1007 383 1040 in
411 1004 545 1040 deliciis
574 1017 668 1048 esse,
693 1017 729 1038 se

53 1061 191 1106 Labyca
220 1059 383 1094 delectari
409 1071 521 1105 puero
551 1058 729 1092 formosis-

53 1113 154 1153 simo;
169 1113 215 1146 ita
230 1122 269 1146 ut
281 1113 337 1146 hic
348 1113 392 1146 sit
405 1123 524 1146 sensus
541 1111 647 1145 totius
659 1111 731 1156 epi—

53 1167 250 1211 grammatis
259 1178 266 1198 :
275 1167 303 1199 si
313 1166 416 1198 multi
426 1173 504 1198 aves
515 1172 573 1197 aut
583 1165 649 1197 alia
659 1163 730 1196 ani-

53 1219 156 1252 malia
166 1227 300 1263 amant,
311 1231 375 1252 cur
387 1230 450 1263 ego
458 1243 467 1258 ‚
480 1217 594 1263 inquit
604 1217 710 1250 Poeta
720 1241 730 1257 ‚

53 1284 126 1305 non
157 1273 281 1305 amabo
320 1272 513 1304 formosum
547 1269 729 1316 puerum?

53 1325 144 1358 forte
176 1325 260 1358 item
292 1332 550 1364 monstrosum3
577 1335 729 1368 namque

53 1378 100 1410 ob
120 1378 242 1411 luxum
256 1376 396 1422 tandem
418 1375 574 1409 distortis
596 1384 630 1409 et
649 1388 730 1422 pro·

53 1429 198 1476 digiosis
217 1430 426 1476 corporibus
445 1428 644 1475 gaudebant
658 1430 729 1462 Ro—

53 1483 159 1517 mani.
179 1483 384 1525 Quintilian.
403 1483 558 1516 Declam.
584 1484 655 1527 298
667 1506 676 1518 ‚
694 1489 730 1514 et

54 1536 207 1571 Institut.·
230 1537 293 1570 liba
319 1537 389 1577 XI,
414 1547 489 1581 cap.
511 1534 543 1569 5.
566 1534 666 1568 Idem
685 1533 729 1567 de

54 1589 263 1622 Mulieribus
279 1589 432 1622 romanis
451 1589 612 1622 Clemens
631 1588 727 1621 Alex.

55 1651 90 1676 et
102 1643 216 1676 Amm.
232 1642 390 1676 Marcell.
410 1642 471 1674 lib.
490 1641 591 1674 XIV.

114 1709 145 1729 1.
170 1695 300 1729 Gaudet
316 1694 506 1740 glaucopide
525 1693 727 1738 (lagopodtd.

54 1747 279 1794 Lagopodem
292 1760 390 1781 avem
403 1760 474 1780 esse
485 1746 587 1780 docet
598 1745 732 1779 Plinius

55 1801 116 1834 lib.
130 1802 163 1834 X
175 1828 184 1843 ,
206 1813 281 1847 cap.
302 1802 347 1841 48
364 1827 373 1842 ,
392 1800 440 1833 sic
458 1799 588 1833 dictam
601 1811 619 1831 a
632 1797 732 1844 pedi-

57 1853 122 1888 bus
143 1854 324 1900 leporinis.
345 1853 510 1887 Horatius
538 1853 587 1888 II,
614 1860 676 1885 sat.
701 1864 730 1884 Π

56 1907 208 1952 primam
228 1907 287 1940 hic
306 1905 517 1952 productam
538 1905 731 1950 corripuit:

62 1960 156 1994 «Nec
170 1973 284 1994 scarus
295 1986 304 2001 ‚
326 1968 385 1992 aut
399 1959 533 2004 poterit
546 1957 732 2004 peregrina

55 2014 175 2057 juvare
191 2013 356 2059 lagopis.n
372 2007 522 2056 (Merito
533 2036 542 2053 ‚
559 2009 731 2056 siquidem

58 2066 198 2100 Graecos
216 2066 370 2099 imitatus
384 2091 392 2107 ‚
408 2077 560 2111 quorum
581 2076 599 2097 e
615 2064 732 2109 lingua

57 2119 178 2164 λαγώς,
189 2119 373 2164 λαιγώπους,
384 2128 449 2151 etc.
462 2111 546 2160 En.)
560 2118 653 2150 Hinc
674 2129 731 2150 va-

58 2171 118 2204 riae
146 2172 182 2205 in
208 2172 308 2205 MSS.
338 2180 371 2204 et
397 2171 531 2205 excusis
554 2170 730 2204 lectiones.

59 2225 154 2257 Dum
167 2225 260 2258 enim
279 2225 432 2269 lagopode
446 2223 526 2256 Ald.
549 2224 648 2256 Junt.
665 2224 732 2257 Co-

59 2277 122 2310 lin.
147 2278 284 2323 Gryph.
314 2278 425 2310 Plant.
454 2276 595 2310 Junian.
621 2276 730 2321 Lang.

61 2338 128 2363 etc.
153 2331 332 2375 lagalopece
355 2330 398 2363 G.
422 2329 567 2362 Vossius
591 2327 635 2361 de
656 2330 731 2361 Art.

60 2395 205 2428 gramm.
221 2383 328 2425 P.11,
340 2395 375 2428 p.
394 2383 458 2416 128
477 2375 544 2424 (ita
561 2380 654 2427 apud
669 2381 733 2415 Ca-

61 2436 187 2469 tullum
215 2436 404 2480 clienalopea:
417 2461 424 2474 ‚
465 2435 662 2479 cer-calopex,
699 2442 734 2466 et

62 2488 154 2534 apud
178 2489 318 2521 Festum
340 2488 539 2532 cereal0s1ex;
561 2487 618 2520 alii
643 2487 733 2530 lago-

59 2555 132 2586 pece
154 2536 286 2585 (male)
310 2549 344 2574 et
363 2542 569 2585 lagugopece;
590 2539 734 2572 novissi-

64 2607 139 2627 mus
150 2593 291 2628 tandem
299 2594 449 2638 Scaliger
456 2592 656 2637 glaucopis&
670 2604 736 2624 me-

64 2647 130 2680 lius
148 2646 275 2681 Raderi
294 2655 328 2681 et
347 2646 509 2680 Farnabii
525 2644 657 2691 judicio
677 2645 735 2690 qui

245 2721 308 2762 II.

788 1005 1066 1051 interpretantur
1093 1008 1244 1050 ululatu,
1266 1022 1326 1043 seu
1351 1012 1464 1045 b'ubo'a

788 1070 883 1091 nem.
901 1058 958 1091 Sic
977 1071 1060 1092 vero
1077 1059 1238 1106 loquitur
1255 1061 1405 1108 Scaliger
1421 1065 1464 1098 ad

787 1110 947 1156 Propert.
969 1111 1030 1146 lib.
1053 1113 1119 1155 IV,
1141 1113 1226 1159 eleg.
1250 1114 1282 1148 3.
1304 1116 1464 1151 Primum

787 1163 1002 1209 lagopodem
1027 1178 1097 1198 non
1123 1178 1195 1200 esse
1221 1168 1368 1201 auritam
1387 1182 1394 1203 ε
1415 1180 1466 1204 est

787 1216 935 1262 lagopus
948 1229 1051 1262 quam
1063 1217 1240 1263 perdicem
1255 1221 1365 1255 albam
1377 1224 1470 1257 Inal-

786 1270 863 1314 pini
881 1279 1019 1304 vocant.
1040 1271 1176 1305 Deinde
1197 1273 1311 1318 prima
1334 1276 1467 1321 syllaba

786 1323 989 1368 corripitur.
1016 1324 1199 1358 Postremo
1227 1327 1298 1360 avis
1326 1328 1384 1361 illa
1415 1339 1467 1364 est

786 1376 1041 1421 pulcherrima,
1064 1376 1215 1423 ideoque
1233 1391 1305 1413 non
1324 1380 1467 1416 videtur

786 1428 879 1461 inter
910 1438 1066 1462 monstra
1093 1439 1127 1464 et
1153 1439 1314 1476 portenta
1340 1447 1466 1469 nume-

786 1480 915 1522 randa;
934 1494 1043 1527 quum
1060 1491 1173 1516 tamen
1194 1484 1261 1517 hoc
1276 1496 1353 1531 agat
1373 1488 1468 1522 Mar-

787 1534 878 1568 tialis
888 1560 896 1576 ‚
909 1543 948 1568 ut
960 1535 1118 1569 ostendat
1132 1546 1286 1571 monstra
1296 1540 1467 1585 placuisse

787 1587 855 1620 illis
871 1587 972 1629 viris,
987 1601 1075 1633 quos
1090 1588 1214 1624 ordine
1232 1602 1389 1626 recenset
1406 1606 1415 1627 r
1432 1604 1471 1628 at

788 1649 911 1674 contra
925 1641 1104 1687 glaucopis
1118 1668 1127 1684 ,
1143 1655 1204 1676 seu
1220 1644 1316 1678 bubo
1328 1671 1337 1688 ‚
1355 1655 1389 1679 et
1405 1660 1465 1681 au-

788 1701 855 1726 rita
874 1701 942 1734 est,
960 1702 994 1727 et
1011 1707 1092 1728 sane
1112 1707 1187 1728 non
1211 1696 1303 1731 inter
1321 1709 1466 1734 venusta

790 1746 952 1778 animalia
969 1745 1242 1783 adnumeranda.

845 1812 880 1832 2.
904 1800 1004 1832 Tristi
1015 1799 1144 1834 Canius.
1165 1802 1218 1834 De
1232 1803 1342 1837 Canio
1360 1806 1465 1841 Poeta

790 1850 986 1894 Gaditano,
1000 1853 1060 1887 lib.
1079 1854 1152 1895 III,
1169 1855 1259 1900 epig.
1276 1870 1330 1890 xx.
1351 1859 1463 1901 Tristi,

789 1905 858 1938 hoc
873 1913 939 1945 est,
953 1913 1028 1938 atro
1038 1932 1047 1947 ‚
1060 1907 1114 1939 vel
1129 1907 1210 1952 quia
1223 1909 1363 1944 infausti
1376 1913 1466 1946 omi-

790 1957 843 1991 nis
869 1966 962 1999 erat,
982 1959 1011 1991 si
1032 1971 1135 1993 mane
1161 1960 1237 2005 quis
1259 1964 1466 1999 occurrisset

790 2010 962 2056 AEthiopi.
978 2012 1058 2045 Juv.
1077 2019 1138 2046 sat.
1156 2025 1193 2046 VI
1206 2039 1215 2054 ‚
1236 2017 1307 2049 601
1328 2025 1362 2050 et
1377 2020 1466 2051 602,

845 2063 878 2096 3.
890 2063 1035 2097 Publius.
1047 2065 1099 2098 De
1111 2066 1241 2100 Catella
1256 2068 1373 2102 Publii
1384 2070 1464 2104 vide

790 2116 850 2149 lib.
869 2118 906 2158 Ι,
924 2116 1035 2162 epigr.
1056 2130 1107 2151 cx.

847 2169 878 2210 4.
911 2166 1163 2215 Cercopithecon.
1193 2172 1466 2219 Cercopithecus

791 2231 841 2255 est
859 2222 1047 2264 caudatus,
1069 2232 1191 2257 caetera
1206 2225 1308 2258 simio
1329 2227 1462 2262 similis.

792 2275 870 2308 Lib.
892 2276 992 2316 XIV,
1013 2276 1123 2321 epigr.
1145 2289 1216 2310 ccu
1239 2290 1246 2310 :
1277 2296 1290 2308 «
1308 2279 1464 2316 Callidus

792 2328 930 2361 emissas
954 2327 1096 2361 eludere
1123 2329 1244 2363 simius
1271 2331 1403 2375 hastas,
1429 2334 1466 2368 Si

792 2381 879 2413 mihi
913 2379 1023 2413 cauda
1059 2381 1148 2414 soret
1160 2408 1169 2423 ,
1203 2385 1466 2429 cercopithecus

794 2445 898 2466 eram.
916 2450 988 2462 ›1—
1004 2433 1140 2466 Similem
1160 2434 1245 2469 dixit
1264 2448 1272 2469 2
1289 2439 1465 2487 AEthiopi-

794 2485 862 2518 ne?
876 2498 918 2518 an
930 2485 1084 2519 catellae?
1096 2500 1139 2520 an
1149 2488 1277 2522 simiae?
1288 2503 1330 2523 an
1344 2493 1408 2526 sibi
1424 2494 1466 2526 si-

794 2538 912 2571 milem
926 2538 940 2570 P
953 2539 1062 2572 utlib.
1078 2539 1175 2580 XIV,
1191 2542 1298 2587 epigr.
1315 2545 1465 2578 εἰκὼ-«-

796 2592 947 2625 Fortean
965 2592 1074 2624 similis
1090 2606 1155 2638 pro
1171 2596 1320 2635 imitatam
1338 2599 1467 2630 simula-³

798 2653 867 2684 (οη
884 2645 930 2677 ob
946 2643 980 2676 id
997 2653 1111 2678 autem
1126 2647 1218 2680 nulla
1232 2661 1299 2682 vox
1318 2655 1364 2695 τῷ
1383 2655 1469 2683 simis

1243 2720 1298 2764 18
