1978 3305
386 239 971 282 EPIGRAMMATUM
1010 240 1134 282 LIR.
1174 240 1259 282 IX.

1430 240 1520 294 [161

260 327 348 382 Qui
378 327 522 386 posuit
556 342 686 371 sacrae
717 325 861 370 nobile
887 328 1028 387 gentis
1053 343 1175 386 opus.

190 397 320 439 Nunc
347 396 410 439 bis
430 397 560 456 quina
591 397 697 439 mihi
718 397 772 439 da
792 397 930 448 basia,
956 396 1032 440 fiat
1051 406 1100 439 ut
1124 396 1229 440 illud
1306 453 1309 455 ‚

260 467 458 517 Nomen,
490 466 543 510 ab
567 466 755 525 Odrysio
778 466 895 525 quod
920 468 1040 510 Deus
1066 467 1171 510 orbe
1195 466 1303 510 tulit.

120 615 216 643 nav,
237 615 285 636 VS.
313 607 345 642 ά.
362 604 552 643 —Decies‚
573 603 657 648 quia
676 603 711 635 in
732 615 794 635 suo

119 655 262 688 nomine
283 654 404 689 decem
421 656 537 689 literas
558 656 663 688 hahet
680 655 794 687 Domi-

120 710 243 747 tianus,
274 709 334 753 qui
353 709 478 741 Flaviae
502 708 595 753 genti
622 707 791 752 templum

118 759 265 800 dicavit,
291 760 362 794 vid.
385 761 493 806 epigr.
514 773 544 793 11
566 772 684 805 supra.

171 815 205 846 6.
223 812 350 853 Nobile,
373 822 435 846 etc.
456 813 645 857 Templum
667 811 792 845 Flaviae

118 865 246 909 gentis,
279 864 323 898 de
343 878 414 911 quo
439 878 544 911 supra
567 866 676 911 epigr.
704 877 791 898 xxn·

119 925 152 949 et
171 930 270 950 xxxv.

171 983 204 1013 7.
228 971 260 1003 F
259 974 305 1003 fat
324 979 359 1003 ut
378 971 460 1003 illud
473 984 593 1004 nomen.
611 970 793 1004 Germani-

855 615 932 641 cus,
952 602 1004 634 vel
1027 602 1263 636 Sarmaticus:
1283 603 1379 649 quod
1402 617 1528 637 nomen

854 667 873 687 a
901 654 1088 687 Germania
1119 663 1153 688 et
1183 654 1351 689 Sarmatia
1388 658 1531 692 subacta

853 707 1002 751 sumpsit
1026 707 1259 741 Domitianus.

908 760 942 792 8:
954 759 1103 806 Odi-rsio.
1114 761 1165 793 De
1173 760 1341 805 Othrysio
1349 762 1403 794 vel
1415 761 1530 808 Odry-

853 813 904 844 sio
917 812 1003 845 orbe
1016 839 1024 852 ‚
1041 825 1101 845 seu
1115 813 1386 858 Septemtrione‚
1398 814 1527 848 dictum

850 865 912 897 lib.
931 865 1022 905 Vll,
1046 865 1155 910 epigr.
1174 879 1262 901 Vin,
1280 879 1329 899 vs.
1356 879 1372 898 2
1388 891 1398 907 ‚
1416 875 1451 900 et
1467 868 1528 901 lib.

852 918 898 957 V,
915 918 1024 963 epigr.
1051 931 1099 958 xi,
1119 931 1167 951 vs.
1186 931 1204 962 7
1217 944 1226 959 ‚
1251 919 1285 951 in
1303 919 1432 964 quilius
1450 919 1528 953 vide

852 978 960 1003 nota&

709 1101 917 1191 XCV.

590 1258 654 1285 DE
695 1257 1069 1285 HIPPOCRATE.

185 1383 454 1425 SANTONICA
481 1381 696 1425 medicata
720 1381 839 1424 dedit
863 1381 969 1424 mihi
996 1380 1154 1441 pocula
1177 1383 1322 1443 virga3

256 1453 319 1494 Os
346 1449 555 1495 hominis!
586 1451 773 1495 mulsum
800 1468 869 1495 me
896 1461 1022 1512 rogat
1049 1453 1349 1513 Hippocrates.

183 1523 291 1565 Tam
317 1521 513 1583 stupidus
543 1539 766 1583 uunquam
793 1538 872 1566 nec
904 1531 974 1577 tu,
1000 1531 1131 1582 puto,
1161 1522 1354 1577 Glauce,
1381 1524 1499 1568 fuisti
1516 1561 1527 1577 ,

255 1591 445 1636 Chalcea
467 1592 648 1636 donanti
671 1593 864 1653 Chrysea
890 1593 963 1653 qui
989 1592 1181 1637 dederas.

186 1662 326 1706 Dulce
355 1662 506 1723 aliquis
534 1680 693 1707 munus
720 1679 800 1723 pro
826 1679 1007 1706 munere
1032 1664 1171 1723 poscit
1194 1664 1370 1708 amaro?

255 1735 473 1793 Accipiat,
498 1733 571 1777 sed
596 1735 629 1777 si
656 1743 778 1794 potat
801 1735 843 1776 in
866 1732 1104 1778 helleboro.

170 1883 183 1903 1
193 1897 200 1903 .
213 1871 389 1904 Sardonica
401 1872 541 1905 Thumi.
553 1880 587 1904 et
597 1873 787 1905 Vaticanus

113 1923 234 1957 codex.
257 1945 308 1950 —
326 1924 510 1957 Santonica.
531 1925 606 1958 Hoc
628 1933 698 1965 est,
721 1925 785 1957 im-

112 1977 193 2009 buta
216 1977 410 2017 absinthio,
428 1976 473 2010 de
494 1989 567 2023 quo
586 1978 634 2010 sic
652 1978 786 2010 Plinius

112 2029 173 2062 lih.
192 2029 300 2062 XVII
312 2055 321 2070 ‚
337 2041 412 2075 cap.
434 2043 454 2074 7
471 2042 478 2063 :
497 2047 510 2060 n
529 2030 708 2063 Absinthii
727 2043 786 2076 ge-

112 2094 195 2115 uera
227 2090 308 2115 sunt
334 2082 449 2127 plura.
471 2082 697 2116 Santonicum
726 2096 785 2128 ap-

112 2135 262 2179 pellatur
292 2148 310 2168 a
338 2135 457 2169 Galliae
484 2135 643 2176 civitate,
667 2137 787 2169 Ponti-

113 2199 191 2220 cum
203 2199 220 2220 a
228 2187 340 2220 Ponto
350 2187 412 2220 ubi
422 2200 546 2233 pecora
554 2188 787 2234 pinguescunt

113 2240 207 2272 illo.»
226 2241 364 2285 Legunt
385 2240 460 2281 alii,
475 2241 600 2274 Sardoa
616 2255 627 2274 .·
650 2242 686 2274 in
705 2242 786 2275 Sar-

113 2291 209 2324 dinia
250 2305 377 2337 nempe
411 2294 526 2326 multae
562 2302 641 2327 sunt
671 2295 787 2328 herba:

115 2357 237 2378 :imarae
259 2353 293 2378 et
310 2354 498 2379 venenatae.

171 2410 201 2429 2.
227 2397 273 2430 Os
299 2399 451 2435 hominis,
473 2407 535 2432 etc.
557 2398 649 2432 Vide
671 2399 786 2444 impu-

111 2450 266 2483 dentiam
281 2450 445 2484 hominis.
459 2473 510 2477 —
520 2452 669 2484 Mulsum.
686 2453 786 2485 Potio

113 2511 163 2537 ost
181 2515 222 2536 ex
241 2504 323 2536 vino
343 2513 376 2537 et
396 2505 496 2542 melle
518 2505 686 2538 confecta.

169 2555 201 2587 3.
213 2555 346 2590 Glauce.
358 2557 429 2597 Qui
442 2569 566 2602 nempe
581 2569 681 2591 aurea
695 2570 785 2590 arma

847 1872 968 1905 ferreis
996 1873 1209 1917 permutavit
1235 1885 1314 1905 cum
1340 1874 1520 1909 Diomede.

847 1923 1051 1957 Videndum
1073 1924 1114 1957 ad
1135 1925 1280 1958 Homeri
1293 1926 1391 1960 Iliad.
1408 1929 1436 1960 F,
1454 1941 1461 1961 ε
1477 1923 1521 1968 ‹T'›;

847 1979 922 2023 πρὸς
942 1975 1102 2012 helam-rna
1117 1975 1283 2020 Διομήδεα
1292 1982 1397 2023 τεύχε’
1409 1981 1521 2026 ἅμειὲε

845 2031 977 2075 Χρύσεα.
998 2031 1166 2074 χαλκείων.

915 2087 949 2122 4.
985 2083 1137 2117 Clzalcea.
1153 2109 1182 2116 ..
1209 2083 1361 2130 CJHJSFH-
1391 2086 1520 2121 Grmcae

845 2148 947 2168 voces
971 2148 1048 2181 quae
1073 2149 1169 2175 cerea,
1196 2149 1290 2169 aurea
1311 2137 1517 2182 significant.

901 2191 934 2222 (3.
957 2191 1107 2233 Accipiat
1130 2189 1187 2221 secl
1205 2191 1253 2228 si,
1283 2198 1346 2223 etc.
1376 2192 1456 2226 Ant.
1484 2195 1520 2226 de

848 2242 937 2288 [ἴου]
953 2241 1050 2274 malit
1072 2242 1242 2286 Accipiat;
1264 2243 1320 2274 secl
1334 2246 1378 2275 sic
1400 2257 1412 2275 .·
1433 2256 1520 2289 potet

847 2296 878 2325 in
894 2294 1058 2326 helleboro.
1077 2294 1130 2327 Sic
1141 2321 1148 2333 ,
1168 2294 1203 2327 id
1222 2304 1272 2328 est
1289 2305 1302 2320 ‘‹
1318 2295 1385 2329 hoc
1399 2307 1516 2342 pacto..

846 2346 909 2379 hac
922 2346 1140 2379 conditione.
1152 2346 1430 2391 ›»-—Sedsipolut.
1447 2352 1518 2386 Hoc

847 2407 914 2439 est,
934 2411 973 2432 ea
991 2399 1064 2443 lege
1086 2399 1235 2432 mulsum
1254 2399 1363 2441 dabo,
1380 2411 1416 2436 ut
1432 2404 1517 2439 illud

847 2460 942 2496 potet
968 2452 1068 2484 simul
1094 2463 1173 2484 cum
1203 2453 1400 2496 helleboro,
1425 2459 1517 2503 qnod

847 2505 1017 2538 insaniam
1045 2513 1186 2551 purgat,
1209 2505 1276 2539 hoc
1307 2515 1377 2547 est,
1409 2510 1435 2542 si
1471 2512 1518 2544 fa-

848 2565 960 2591 teatur
975 2570 1010 2590 ee
1027 2569 1188 2590 insanire.
