1978 3305
487 239 579 287 569.

863 239 924 281 Μ.
949 238 1091 280 VAL.
1130 237 1514 281 MARTIALIS

654 329 846 372 Piscator
873 325 982 369 ferat
1009 341 1231 385 aequorum
1257 325 1440 385 rapinas.

654 399 695 441 Si
723 398 854 440 mittit
875 412 950 440 sua
972 396 1175 456 quisque,
1200 395 1304 455 quid
1327 405 1500 455 poetam

655 468 892 511 Missurum
915 466 1012 519 tibi,
1036 467 1272 521 Restitute,
1294 464 1467 509 credis?

541 609 596 640 18.
622 606 777 650 Rapinam
800 604 874 637 MS.
897 604 1082 637 Pulmanu.
1102 624 1153 629 ——

486 660 664 705 AEquorum
683 660 822 703 rapinas.
846 657 922 690 Hoc
949 665 999 690 est
1019 655 1153 702 pisces,

483 712 542 757 qui
557 710 671 757 praeda
690 719 771 744 sunt
788 718 887 756 rapta
903 721 944 742 ex
960 721 1110 754 aequore.

542 778 598 808 19.
621 764 711 809 Quid
726 774 870 809 poetam,
894 771 960 795 etc.
991 761 1155 796 Carmina

481 830 610 864 nempe
623 817 738 850 mittet
751 817 867 849 Poeta.
877 813 1155 848 -Crediderim

482 871 631 904 libenter
658 882 722 915 ego
754 868 915 902 incidisse
940 867 1091 900 Martiali
1120 867 1156 900 in

482 931 635 956 mentem
658 923 778 956 locum
815 921 953 955 Horatii
978 918 1062 960 (lib.
1090 920 1156 961 IV,

481 976 540 1009 od.
568 974 660 1016 VIII)
685 977 786 1020 cujus
812 974 871 1007 hic
891 985 1000 1019 pauca
1018 980 1156 1006 tantum

483 1029 700 1074 subjunxisse
731 1027 810 1061 satis
835 1026 925 1059 erit:
955 1027 1155 1058 «Donarem

1211 611 1346 648 pateras
1364 612 1529 650 grataque
1545 603 1752 638 commodus
1764 630 1773 645 ,
1795 605 1885 639 Cen-

1212 656 1346 696 sorine,
1371 657 1457 690 meis
1478 669 1543 690 aera
1562 655 1756 698 sodalibus;
1771 658 1886 691 Dona-

1212 721 1286 742 rem
1299 708 1623 754 tripodas....divite
1638 722 1692 742 me
1705 711 1886 744 scilicet....

1215 762 1368 795 carmina
1390 775 1574 808 possumus
1607 764 1746 796 Donare
1759 789 1767 804 ‚
1788 772 1850 797 etc.
1870 781 1883 792 1·

1217 814 1285 848 Sed
1305 823 1364 848 aut
1387 815 1501 848 noluit
1526 823 1594 848 tam
1620 816 1760 861 longam
1784 817 1889 849 unius

1216 867 1397 901 sententiae
1413 868 1596 914 περίφρασιν
1613 869 1667 901 vel
1683 869 1887 914 παράφρασιν

1216 919 1305 954 Nost
1311 932 1348 954 er
1357 921 1482 954 iterare
1491 947 1500 962 ‚
1507 930 1563 954 aut
1575 921 1708 955 acutius
1719 922 1889 955 facturum

1217 985 1252 1006 se
1281 972 1431 1007 credidit
1447 999 1457 1014 ‚
1481 974 1508 1006 si
1535 987 1611 1019 quae
1640 975 1713 1007 fuse
1742 974 1890 1020 Lyricus

1217 1025 1400 1070 explicuit,
1412 1026 1531 1071 paucis
1548 1027 1622 1073 ipse
1636 1027 1808 1060 innueret.
1822 1027 1887 1060 En.

979 1171 1396 1228 LXXXVIII.

1009 1329 1033 1355 A
1051 1328 1077 1355 1)
1116 1327 1363 1356 coTTAM.

552 1462 722 1500 OMNES
748 1453 1019 1516 pe1*<eque1'is
1044 1462 1304 1514 praetorum,
1336 1454 1489 1506 Cotta,
1513 1452 1709 1505 locellos,

624 1526 794 1586 Accipis
821 1534 864 1568 et
888 1540 1008 1568 ceras
1030 1541 1037 1566 :
1060 1523 1279 1568 officiosus
1309 1523 1443 1567 homo
1465 1540 1521 1567 cs.

544 1681 571 1701 1.
601 1667 717 1700 Omnes
726 1667 930 1711 persequeris.
948 1663 1155 1709 Ambiguus,

485 1722 538 1754 vel
558 1719 674 1766 potius
691 1718 844 1752 difficilis
860 1729 978 1759 sensus
992 1728 1098 1762 quem
1111 1716 1159 1749 sic

485 1774 590 1819 vulgo
602 1779 757 1806 statuunt
769 1783 776 1804 ε
788 1771 897 1804 Velut
912 1770 1088 1803 officiosus
1101 1782 1160 1803 co·

487 1826 620 1860 mitaris
639 1832 805 1871 praetores
817 1849 826 1864 ‚
845 1833 879 1857 et
903 1823 1003 1869 cupis
1028 1830 1159 1867 gestare

486 1880 627 1914 locellos
640 1905 648 1920 ‚
670 1890 730 1911 seu
749 1889 971 1917 crumenam,
987 1884 1048 1909 aut
1069 1888 1160 1908 mar-

488 1933 625 1978 supium
639 1957 646 1969 ‚
667 1932 701 1963 in
716 1930 842 1975 quibus
858 1929 946 1961 forte
963 1928 1101 1961 nomina
1120 1929 1160 1961 li-

1220 1663 1403 1709 tigantium
1418 1672 1534 1702 erant,
1554 1671 1594 1696 ut
1612 1675 1650 1696 ea
1665 1663 1894 1705 subduceret,

1219 1716 1322 1749 simul
1344 1724 1378 1749 et
1395 1728 1489 1749 ceras
1508 1729 1568 1750 seu
1587 1717 1720 1750 tabulas
1736 1730 1894 1751 corrum-

1220 1778 1340 1815 peret,
1363 1777 1548 1815 corruptus
1565 1769 1639 1815 ipse
1657 1771 1816 1816 pecunia.

1278 1836 1309 1856 2.
1334 1824 1463 1867 Accipis
1483 1831 1513 1855 et
1532 1836 1627 1856 cet-as.
1648 1824 1699 1856 Ut
1711 1824 1842 1857 scilicet
1859 1825 1896 1856 il-

1221 1876 1269 1908 las
1290 1876 1397 1916 feras,
1420 1885 1453 1909 et
1479 1888 1694 1921 corrumpas.
1715 1875 1800 1910 Vid.
1823 1886 1894 1909 not.

1223 1941 1299 1973 sup.
1312 1951 1364 1955 —
1381 1927 1562 1973 Officiosus.
1588 1929 1704 1962 Ironia
1721 1938 1781 1963 est.

1001 2070 1381 2126 LXXXIX.

1485 2205 1500 2222 an

871 2226 934 2253 DE
974 2223 1181 2254 STATUA
1219 2225 1461 2253 JUNONIS.

554 2357 675 2399 JUNo
698 2351 842 2401 labor-2
872 2348 1112 2410 Polycletc‚
1135 2359 1257 2401 tuus,
1281 2359 1323 2392 et
1345 2349 1484 2411 gloria
1507 2350 1606 2395 felix
1621 2387 1632 2404 ‚

625 2423 840 2468 Phidiacae
865 2430 1076 2482 cuperent
1101 2436 1229 2480 quam
1259 2421 1465 2464 meruisse
1491 2438 1664 2473 manus,

538 2561 550 2573 ⁶
568 2562 701 2596 Laudat
725 2569 875 2594 statuam
895 2558 1048 2592 Junonis
1065 2570 1082 2590 a
1100 2558 1163 2590 Po-

483 2618 610 2664 lycleto
632 2616 725 2649 claro
744 2614 877 2647 artifice
898 2612 1037 2645 factam.

544 2686 570 2703 1.
595 2668 768 2714 Po(y*clete.
791 2666 861 2706 Qui
886 2664 1071 2699 statuarius
1093 2664 1161 2697 fuit

1224 2558 1389 2599 celebris,
1417 2557 1461 2592 de
1485 2571 1554 2604 quo
1579 2560 1638 2593 lib.
1663 2560 1766 2600 V111,
1787 2562 1896 2607 epigr.

1225 2623 1272 2644 u.
1290 2612 1341 2643 Dc
1353 2611 1478 2645 Phidia
1493 2612 1626 2646 dictum
1643 2613 1702 2647 lib.
1723 2614 1793 2653 III,
1807 2615 1897 2660 epig.

1226 2676 1327 2704 xxxv,
1347 2673 1382 2697 et
1401 2665 1462 2697 lib.
1486 2665 1558 2705 Vl,
1579 2666 1690 2711 epigr.
1711 2678 1791 2700 xm.
