1978 3305
481 234 572 279 186

858 237 1509 283 M.VAL.·MART1AL15

1018 368 1340 426 LXXXV.

769 523 821 551 ιΝ
862 523 1092 554 MORTEM
1132 526 1259 556 Ruri
1297 508 1587 556 mamona*

544 647 722 692 Enirus
747 657 813 693 est
835 659 981 694 sextus
1005 651 1097 695 sine
1122 660 1165 695 te
1189 652 1318 706 mihi,
1339 651 1455 696 Rufe
1479 653 1664 696 Camoni
1679 688 1690 705 ‚

612 718 706 761 Nec
730 727 773 762 te
795 718 1003 765 lectorem
1026 731 1194 782 sperat,
1218 723 1379 776 amice,
1400 721 1520 766 liber.

545 788 683 848 Impia
708 790 1024 852 Cappadocum
1057 790 1206 848 tellus,
1230 802 1274 836 et
1303 794 1481 837 numine
1507 791 1615 837 laevo

615 859 721 903 Visa
745 860 845 915 tibi,
870 862 1036 906 cineres
1060 862 1203 906 reddit
1232 872 1275 907 et
1300 878 1395 907 ossa
1422 864 1548 924 patri.

542 928 692 973 Funde
714 939 790 974 tuo
810 930 1044 993 lacrymas,
1064 932 1218 977 orbata
1243 934 1437 977 Bononia
1452 969 1464 989 ‚
1489 933 1628 986 Rufo;

610 1001 668 1043 Et
695 1012 869 1046 resonet
895 1011 988 1046 tota
1015 1002 1217 1064 planctus
1243 1005 1287 1047 in
1312 1003 1496 1048 AEmilia.

543 1067 664 1114 Heu!
689 1070 827 1132 qualis
850 1074 1009 1134 pietas,
1033 1071 1141 1118 heu!
1165 1090 1295 1135 quam
1318 1074 1463 1119 brevis
1486 1074 1647 1119 occidit
1671 1071 1792 1119 aetas!

610 1141 791 1186 Viderat
813 1143 969 1204 Alphei
1000 1145 1177 1205 praemia
1200 1145 1392 1206 quinque
1421 1145 1566 1189 modo.

527 1274 540 1287 ’
556 1279 632 1312 Flet
648 1289 775 1314 mortem
792 1281 882 1327 Ruffi
899 1283 1024 1317 lemma
1042 1292 1093 1317 est
1111 1284 1148 1317 in

474 1329 553 1365 edd.
588 1340 671 1366 vett.
695 1355 746 1360 —-
774 1335 931 1369 Plurima
959 1344 1041 1370 sunt
1071 1337 1147 1382 epi-

473 1394 660 1429 grammata
674 1385 717 1420 ad
731 1387 866 1421 Rufum
879 1414 889 1430 ‚
901 1397 1021 1422 natum
1038 1402 1150 1423 annos

474 1437 630 1483 quinque
650 1452 755 1485 supra
774 1441 916 1486 viginti,
929 1442 989 1488 qui
1008 1442 1044 1476 in
1059 1442 1147 1488 Cap-

473 1489 619 1535 padocia
641 1491 733 1526 diem
753 1494 854 1528 obiit.

533 1556 564 1577 1.
589 1544 718 1579 Seditur
749 1559 786 1579 en
809 1556 914 1581 sextus
942 1547 1046 1582 codd.
1068 1549 1147 1582 Vat.

475 1603 509 1629 et
527 1596 681 1632 Florent.
702 1600 826 1633 Editur
843 1614 880 1633 en
897 1609 1003 1634 sextus
1021 1601 1056 1634 in
1074 1602 1149 1648 qui-

474 1649 639 1692 busdam3
656 1652 779 1685 Editur
794 1667 831 1687 eu
848 1648 862 1698 (
878 1654 933 1687 vel
950 1652 1030 1695 lzeu)
1044 1663 1149 1688 sextus

475 1700 510 1734 in
527 1703 620 1737 aliis:
633 1708 699 1737 sine
713 1714 742 1738 te
755 1710 798 1740 mi
808 1707 905 1751 Russe
917 1710 1062 1741 camoenis
1071 1707 1147 1742 Ald.

474 1755 576 1790 Junt.
601 1757 715 1792 Colin.
739 1767 773 1793 et
803 1760 942 1806 Gryph·
969 1761 1045 1794 mihi
1066 1762 1149 1794 Ruse

477 1807 613 1843 Camoni
631 1811 837 1846 Beverlandi
857 1814 935 1847 MS.
955 1835 1008 1840 —
1028 1814 1148 1847 Editus

475 1869 530 1894 est.
555 1862 615 1896 Est
642 1863 756 1899 editus
784 1878 802 1898 a
829 1879 886 1900 me
916 1875 1032 1900 sextus
1059 1867 1148 1901 liber

476 1914 649 1950 Camoenis
660 1943 670 1959 ‚
686 1917 795 1952 Musis
806 1945 815 1960 ,
831 1919 869 1953 id
884 1928 935 1953 est
948 1946 957 1961 ‚
970 1919 1058 1953 liber
1073 1932 1148 1954 car-

475 1967 622 2002 minum.
649 1971 737 2012 Quae
762 1972 855 2006 enim
883 1973 1038 2007 carmine
1065 1974 1149 2007 scri-

472 2019 606 2055 buntur
626 2048 634 2063 ,
662 2023 773 2058 Musis
799 2026 992 2059 carminum
1032 2027 1148 2071 praesi-

473 2071 576 2108 dibus
607 2074 774 2111 eduntur.
800 2079 857 2113 Sic
882 2079 977 2113 hunc
1008 2092 1146 2113 versum

473 2127 620 2173 explicat
633 2129 799 2165 Raderus.
813 2132 906 2166 Cum
928 2133 986 2167 alii
1002 2133 1149 2178 legimus

474 2180 557 2223 Rufe
576 2182 731 2225 Camoni,
749 2186 850 2231 cujus
869 2186 1010 2220 familiae
1027 2185 1149 2219 memi-

475 2232 527 2267 nit
543 2233 605 2269 lib.
626 2236 677 2271 IX
690 2262 699 2278 ,
714 2238 825 2284 epigr.
844 2252 945 2281 Lxxv,
967 2247 1002 2273 et
1017 2252 1148 2273 Lxxvn.

531 2299 564 2322 2.
584 2288 653 2322 Nec
675 2298 715 2324 te.
735 2291 827 2332 Quia
850 2292 1024 2327 interiisti.

530 2339 564 2374 3.
587 2343 719 2376 Lumine
738 2345 827 2378 loevo.
851 2345 1004 2380 Codices
1024 2345 1148 2386 Junii,

476 2392 682 2439 Pulmanni,
708 2406 743 2431 et
771 2398 992 2433 Beverlandi.
1013 2420 1063 2426 —
1083 2399 1147 2432 Im-

470 2447 525 2489 pia
538 2471 548 2486 ‚
568 2457 635 2483 etc.
660 2450 807 2496 Propter
829 2452 965 2498 ingenia
983 2464 1042 2486 sua
1061 2452 1147 2486 mala

477 2509 508 2533 et
542 2503 690 2537 servilia.
712 2504 797 2544 Vel,
822 2515 969 2551 propter
1000 2514 1146 2539 mortem

477 2562 571 2587 tuam
589 2567 606 2588 a
624 2557 809 2601 pestilitate
826 2560 899 2603 ejus
915 2559 1014 2592 aeris.
1030 2581 1079 2585 —
1102 2559 1147 2591 E!

477 2611 600 2640 'tumim
620 2609 709 2642 lawa.
738 2611 803 2643 Aut
826 2612 1004 2657 religionis
1029 2612 1147 2645 incon-

475 2661 595 2694 stantia
616 2662 672 2695 hic
694 2663 863 2700 notanda:
884 2675 939 2698 ,ιιιῐ
964 2665 1145 2709 legendum

1208 1284 1322 1317 lumine
1335 1285 1414 1317 laevo
1426 1312 1433 1325 ‚
1453 1292 1491 1318 ut
1505 1285 1540 1318 in
1553 1284 1574 1316 J
1578 1283 1651 1317 unii
1665 1283 1786 1318 codice
1800 1284 1888 1318 scri·

1209 1345 1320 1382 ptum.
1336 1337 1386 1370 Ut
1399 1336 1488 1383 pede
1498 1337 1642 1371 sinistro
1652 1336 1718 1370 iter
1729 1335 1864 1382 ingredi
1874 1363 1882 1377 ,

1208 1390 1257 1423 sic
1276 1389 1408 1424 lumine
1429 1390 1516 1424 laevo
1532 1389 1617 1436 quid
1638 1389 1816 1436 adspicere
1830 1389 1882 1422 in-

1208 1443 1370 1477 faustum.
1392 1444 1529 1476 Numine
1551 1444 1627 1477 loevo
1650 1452 1766 1477 tamen
1784 1442 1882 1476 dixe-

1209 1504 1292 1530 runt
1313 1495 1455 1542 quidam
1480 1496 1514 1529 in
1536 1496 1770 1530 sinisteritate.
1792 1496 1880 1529 Nam

1208 1549 1317 1583 malos
1338 1548 1508 1594 quosdam
1531 1549 1652 1595 genios
1677 1548 1882 1583 hominibus

1208 1602 1432 1636 infortunatis
1463 1600 1678 1636 adhaerentes
1710 1601 1881 1635 existima-

1208 1656 1292 1689 bant
1307 1681 1316 1697 ,
1352 1663 1386 1688 et
1419 1654 1574 1698 adfixos,
1607 1654 1720 1689 donec
1754 1666 1813 1688 eos
1843 1655 1880 1688 in

1207 1708 1318 1742 imum
1344 1708 1441 1742 exitii
1469 1708 1675 1742 barathrum
1704 1706 1883 1741 deturbas-

1207 1769 1295 1796 sent.
1311 1761 1448 1795 Her-ald.
1459 1761 1658 1795 —Numine
1673 1761 1763 1794 loew.
1777 1761 1882 1794 Aver-

1207 1823 1304 1849 sante
1323 1816 1412 1848 Deo.
1431 1813 1553 1848 Sidere
1571 1827 1642 1848 non
1662 1814 1788 1848 fausto.

1262 1873 1294 1909 4.
1322 1868 1403 1900 Visa
1428 1867 1487 1901 tiln'
1507 1869 1623 1900 cineres
1646 1867 1727 1900 sedit
1747 1866 1880 1900 Beverl.

1207 1920 1283 1955 MS.
1297 1921 1440 1954 redditur·
1452 1933 1524 1954 ossa
1533 1922 1636 1966 patris
1652 1920 1688 1953 in
1698 1919 1881 1953 Vaticano.

1209 1973 1297 2008 Cod.
1317 1973 1505 2007 Pulmanni
1524 1973 1628 2006 reddit
1644 1982 1675 2006 et
1686 1985 1756 2005 ossa
1768 1975 1880 2018 patris.

1263 2028 1297 2062 5.
1331 2027 1488 2060 Bononia.
1524 2027 1632 2060 Itauae
1664 2026 1748 2059 urbs
1778 2033 1861 2059 nota
1874 2051 1882 2064 ,

1210 2080 1320 2126 patria
1342 2080 1423 2113 Rufi
1438 2105 1448 2121 ,
1466 2078 1573 2113 hodie
1592 2079 1755 2123 Bologna.

1263 2136 1297 2166 6.
1315 2133 1466 2166 AEmilia.
1486 2133 1538 2166 De
1554 2132 1608 2165 via
1628 2131 1788 2172 AEmilia,
1805 2142 1882 2176 quae

1209 2186 1402 2219 Bononiam
1419 2184 1539 2226 ducit,
1560 2196 1767 2230 percurrens
1786 2184 1881 2217 Lon-

1209 2237 1411 2285 gobardiam
1429 2239 1478 2272 cis
1495 2237 1650 2280 Padum,
1669 2236 1803 2271 dictum
1816 2236 1879 2270 lib.

1208 2292 1261 2325 111
1274 2318 1282 2332 ,
1301 2292 1411 2338 epigr.
1433 2303 1481 2325 xv.

1263 2347 1297 2379 8.
1322 2343 1437 2380 codd.
1454 2344 1560 2378 Palat.
1574 2344 1654 2377 Vat.
1675 2351 1709 2377 et
1728 2342 1881 2376 Florent.

1203 2401 1336 2444 praemia
1353 2406 1470 2445 quanta
1482 2411 1495 2437 ,·
1508 2396 1587 2432 cod.
1600 2397 1740 2431 Thuan.
1749 2398 1882 2441 proemiu

1207 2455 1327 2497 quintu.
1337 2449 1545 2485 Beverlandi
1555 2450 1631 2484 MS.
1644 2451 1776 2495 praemia
1791 2461 1883 2494 quar*

1208 2514 1261 2544 !‹1,·
1283 2514 1316 2538 et
1334 2505 1383 2538 sic
1403 2505 1485 2550 legit
1506 2504 1690 2538 Gruterus.
1709 2523 1760 2529 -—
1780 2502 1878 2534 Vide-

1209 2567 1257 2590 rat
1280 2559 1406 2602 Alphei.
1433 2557 1537 2591 Poeta
1566 2554 1729 2601 intelligit
1755 2554 1880 2599 Olym-

1209 2612 1283 2657 pica
1304 2611 1510 2651 certamina,
1532 2621 1609 2654 quae
1633 2607 1675 2642 ad
1705 2607 1879 2652 Alpheum

1208 2678 1344 2697 amnem
1364 2691 1370 2702 ,
1406 2665 1503 2706 (unius
1538 2663 1612 2695 sons
1649 2662 1682 2694 in
1717 2658 1871 2695 Arcadia.
