1978 3305
379 227 965 271 EPIGRAMMATUM
1003 226 1127 269 LIB.
1166 226 1252 268 IX.

615 546 682 573 AD
720 524 1020 573 FLACCUM.*

325 677 401 719 Sic
425 677 469 718 in
496 676 691 734 gramine
721 674 856 717 floreo
879 673 1074 723 reclinis„

326 745 426 801 Qua
450 745 767 804 gemmantibus
793 744 894 788 hinc
920 753 962 786 et
988 743 1088 786 inde
1114 744 1214 786 rivis

327 815 475 858 Curva
505 813 695 858 calculus
723 815 935 858 excitatur
963 813 1103 861 unda.

323 884 520 928 Exclusis
543 884 696 946 procul
718 884 920 928 omnibus
944 883 1154 937 molestis,

324 954 564 999 Perfundas
587 955 767 1016 glaciem
794 956 949 998 triente
975 955 1121 1014 nigro,

322 1027 526 1069 Frontem
554 1025 751 1069 sutilibus
776 1025 907 1068 ruber
929 1025 1124 1079 coronis3

327 1096 396 1139 Sic
423 1098 497 1138 uni
520 1096 594 1140 tibi
620 1097 673 1140 sit
694 1112 801 1157 puer
822 1095 1032 1146 cinaedus‚

325 1167 381 1208 Et
405 1168 643 1210 castissima
671 1167 839 1227 pruriat
868 1165 1039 1226 puella;

324 1236 538 1280 Infamem
566 1238 699 1280 nimio
726 1236 869 1280 calore
894 1237 1073 1296 Cypron

327 1306 568 1361 Observes,
593 1324 750 1350 moneo
776 1323 1018 1367 precorque
1033 1342 1044 1358 ,
1067 1306 1242 1354 Flacce.

325 1378 490 1420 Messes
520 1391 620 1420 area
651 1394 785 1437 quum
814 1386 924 1420 teret
949 1385 1198 1436 crepanteS,

325 1448 380 1489 Et
406 1446 511 1490 fulvi
531 1447 637 1506 juba
660 1449 806 1490 saeviet
831 1447 1002 1489 Leonis.

1457 223 1481 268 01

171 1573 185 1585 ¹
209 1574 369 1607 Flaccum
391 1576 541 1608 amicum
564 1583 683 1608 monet
697 1600 706 1615 ‚
729 1576 790 1621 qui

118 1628 153 1659 iu
174 1628 294 1672 Cypro
315 1625 480 1672 degebat,
502 1636 540 1661 ut
562 1640 626 1672 per
647 1627 790 1661 ardores

118 1679 252 1713 aestivos
279 1688 418 1713 tueatur
438 1680 693 1721 valetudinem,
721 1693 791 1726 quo

117 1733 228 1765 salvus
244 1741 278 1766 et
295 1733 482 1766 incolumis
496 1733 605 1778 possit
620 1732 735 1766 redire
754 1735 788 1766 in

119 1785 264 1818 Urbem.
284 1786 401 1819 Rader.

175 1852 205 1872 1.
225 1838 359 1871 Florida
380 1838 606 1872 Pulinannus.

174 1904 206 1923 2.
225 1890 299 1935 Qua
309 1892 548 1936 gemmantibus,
565 1900 630 1925 etc.
647 1891 701 1925 Ad
714 1893 791 1925 lene

119 1956 276 1977 murmur
293 1943 432 1990 limpidi
452 1945 518 1977 rivi
536 1944 673 1990 lapillos
693 1946 791 1990 lapsu

117 1997 272 2030 molliter
292 1998 484 2031 excitantis.

174 2050 206 2083 5.
229 2050 430 2093 perfundas,
457 2059 522 2083 etc.
547 2050 657 2096 Supra
680 2051 789 2095 epigr.

116 2114 305 2153 xx1115vs.
327 2104 346 2137 8
361 2129 371 2144 ‚
390 2111 425 2136 et
438 2103 549 2144 lib.V‚
567 2104 675 2149 epigr.
693 2115 789 2143 miv,

119 2167 168 2188 vs.
186 2166 214 2187 1.
227 2156 356 2188 Videbis
374 2159 404 2189 in
419 2156 568 2189 calicibus
585 2164 709 2201 repente
721 2170 793 2201 per-

112 2209 196 2249 fiaesis
210 2209 357 2242 nivalium
377 2210 514 2242 maculas
529 2210 678 2251 etsrusta
696 2209 791 2242 nebu-

121 2261 244 2299 larium,
262 2269 326 2294 etc.
347 2260 512 2295 Sidonius
530 2263 646 2307 Apoll.
665 2263 724 2296 lib.
739 2263 791 2303 II,

119 2313 495 2358 epist.11.—-Pe1fundis
512 2316 693 2348 Rulmann.
713 2314 791 2348 cod.

120 2366 186 2399 Alii
201 2391 209 2406 ‚
221 2366 412 2407 Pertundas,
427 2366 465 2399 id
483 2376 533 2400 est
544 2394 553 2408 ‚
569 2368 717 2413 frangas.
730 2369 794 2400 Re-

119 2428 174 2452 cte
194 2433 200 2451 :
222 2418 344 2453 eodem
369 2420 441 2453 scil.
470 2419 575 2452 modo
596 2433 666 2465 quo
687 2428 793 2465 guttae

119 2485 194 2506 saxa
204 2471 433 2517 pertundunt.
443 2472 630 2506 Sciendum
642 2473 795 2518 aliquan-

120 2524 166 2558 do
181 2524 401 2558 delicatiores
415 2525 498 2558 vino
513 2525 794 2570 superaddidisse

120 2578 234 2611 nivem
249 2591 259 2619 ;
278 2577 322 2612 de
340 2591 411 2623 quo
428 2591 527 2612 more
544 2591 647 2624 supra
667 2579 728 2611 lib.
747 2579 791 2619 V,

119 2631 225 2676 epigr.
238 2644 333 2672 wa3
342 2631 529 2676 aliquando
541 2644 623 2665 vero
634 2632 792 2676 implesse

848 1575 990 1608 calicem
1008 1575 1105 1615 nive,
1127 1586 1271 1620 eamque
1293 1574 1377 1606 vino
1399 1574 1525 1606 sensim

848 1628 1030 1674 superfuso
1040 1628 1180 1662 solvisse
1189 1653 1199 1668 ‚
1211 1639 1317 1672 quem
1326 1639 1458 1660 morem
1469 1626 1524 1658 liic

850 1681 946 1726 tangi
964 1689 1051 1726 puto
1066 1692 1073 1713 :
1095 1680 1272 1725 fiebatque
1290 1680 1357 1712 hoc
1374 1692 1414 1712 ex
1433 1679 1503 1712 alto
1518 1705 1526 1717 ‚

849 1746 888 1766 ac
911 1734 1089 1772 stillatim,
1117 1732 1203 1766 adeo
1231 1741 1270 1765 ut
1290 1732 1406 1778 primo
1428 1733 1524 1777 quasi

849 1795 1029 1819 caveretur
1051 1787 1108 1819 nix
1131 1786 1308 1831 glaciesve.
1327 1806 1378 1810 —
1401 1786 1526 1817 Trienle

850 1842 952 1883 nigro.
965 1839 1158 1873 continens
1167 1839 1336 1884 poculum
1344 1838 1449 1870 sumit
1459 1851 1524 1883 pro

848 1893 931 1925 vino
950 1892 1332 1936 contenta—Nigrum
1350 1899 1466 1924 autem
1483 1890 1526 1923 de

849 1957 947 1978 mero
971 1957 1062 1990 saepe
1089 1944 1159 1978 dici
1183 1946 1254 1989 jam
1282 1943 1448 1977 vidimus.
1474 1945 1525 1976 Ita

850 1999 923 2043 ipse
943 2015 956 2027 α
968 2011 1164 2031 marmorea
1181 1997 1332 2030 fundens
1346 1998 1446 2042 nigra
1462 1996 1525 2029 Fa-

850 2050 945 2083 lerna
966 2063 1071 2084 manu
1088 2063 1124 2090 »ς
1145 2059 1179 2083 et
1196 2050 1334 2096 passim.
1353 2051 1419 2082 En.

904 2107 938 2137 b'.
978 2104 1125 2137 Frontem
1155 2103 1255 2136 ruber.
1293 2103 1525 2135 Hellenismus

849 2166 921 2190 est:
940 2158 1048 2202 epigr.
1068 2157 1194 2197 citato,
1208 2164 1281 2189 not.
1303 2158 1336 2197 5,
1354 2173 1367 2185 «ι
1385 2156 1528 2187 Lassen-

851 2218 977 2255 turque
997 2210 1084 2243 rosis
1103 2219 1261 2254 tempora
1277 2209 1448 2241 sutilibus.
1467 2226 1480 2236 -ι

905 2275 937 2305 9.
956 2262 1096 2307 Cvprcm.
1115 2263 1193 2307 Ipse
1208 2274 1320 2306 nuper
1338 2261 1400 2293 lib.
1418 2261 1526 2300 VIII,

850 2315 958 2359 epigr.
989 2327 1055 2347 XLV
1076 2327 1083 2347 :
1108 2332 1120 2344 «ι
1149 2315 1268 2355 Quum
1296 2322 1350 2354 te,
1382 2314 1524 2353 Plance,

852 2368 942 2400 mihi
953 2366 1077 2401 reddet
1091 2367 1277 2412 Cythereia
1298 2367 1446 2412 Cypros.
1464 2384 1475 2395 »ι

910 2433 923 2453 1
937 2433 966 2453 1.
989 2420 1103 2453 Messes
1123 2428 1290 2465 crepantes,
1311 2420 1398 2461 Quae
1420 2418 1525 2452 aridae

851 2481 885 2505 et
907 2474 1015 2505 siccae.

910 2538 968 2558 12.
996 2526 1098 2558 Fulvo
1134 2526 1358 2559 Pulmannus.
1389 2526 1523 2558 Fercem

846 2579 923 2621 suba
951 2579 1174 2612 Pirclieiuieri
1204 2579 1275 2611 MS.
1300 2600 1351 2604 -—
1375 2579 1422 2611 Et
1440 2580 1526 2621 fids-l

850 2631 933 2672 μιΙίι.
958 2632 1077 2665 Mense
1102 2631 1230 2665 scilicet
1253 2633 1408 2676 Augusto
1423 2657 1431 2671 ‚
1455 2644 1523 2676 quo
