1978 3305
379 217 590 260 EPIGR
610 214 969 259 AMMATUM
1008 214 1131 256 Llss.
1170 214 1253 255 XI.

1420 214 1516 258 (305

321 306 377 348 Et
404 303 589 347 caudam
623 303 761 363 cybii,
787 302 1026 362 brevesque
1051 316 1233 353 maenasz,

320 375 434 419 Hinc
465 373 662 418 cellarius
694 374 915 434 experitur
943 381 1082 425 artes,

321 446 386 489 Ut
415 444 576 488 condat
606 444 727 487 vario
758 443 879 486 vafer
911 456 1065 503 sapore

318 517 369 558 In
400 523 508 558 rutae
533 513 683 557 folium
709 511 981 574 Capellianae.

315 585 385 629 Sic
409 584 560 645 implet
584 584 785 645 gabatas,
812 581 1175 644 paropsidasque‚

318 656 375 698 Et
404 653 520 698 leves
550 653 762 707 scutulas,
790 668 1005 712 cavasque
1030 651 1186 694 lances.

318 727 411 767 Hoc
442 723 605 767 lautum
635 733 782 784 putat,
807 723 891 766 hoc
918 731 1043 782 putat
1066 730 1322 774 venustum,

315 795 463 837 Unum
492 810 654 854 ponere
681 792 854 836 ferculis
880 802 944 836 tot
971 808 1122 836 assem.

161 926 217 962 14.
241 920 345 968 cybii.
367 922 476 956 Piscis
495 934 615 968 genus.
638 923 689 955 De
710 935 780 968 quo

102 973 183 1007 vide
198 974 309 1016 lib.V‚
324 976 430 1021 epigr.
449 987 587 1008 Lxxvln
599 1002 607 1015 ‚
624 988 672 1008 vs.
693 976 780 1008 5.—

104 1027 237 1059 Moenas.
253 1026 441 1061 Pisciculos
453 1054 462 1068 ‚
477 1027 520 1061 de
534 1028 661 1073 quibus
672 1027 779 1061 Athe.-

101 1092 198 1113 naeus
220 1080 281 1113 lib.
293 1081 384 1114 VIII
398 1105 408 1121 ‚
430 1093 506 1126 cap.
538 1082 580 1113 18
596 1104 606 1120 ‚
631 1088 665 1113 et
688 1080 779 1113 Plin.

104 1133 263 1173 XXXII,
276 1145 353 1179 cap.
377 1146 389 1166 1
401 1135 442 1174 8,
463 1134 540 1179 Bip.
559 1133 631 1166 Hos
647 1133 778 1166 vocita-

100 1196 178 1218 mus
193 1186 332 1220 ancliois.

160 1250 172 1270 ι
183 1239 215 1271 5.
234 1239 321 1271 Hinc
339 1238 497 1272 cellarius.
512 1239 660 1273 Promus
673 1266 682 1280 ,
698 1252 778 1284 pro-

100 1290 421 1325 muscondus.Vide
430 1291 641 1325 Beroaldum
654 1292 689 1325 in
701 1292 777 1324 Ser-

99 1343 208 1376 vium.

157 1408 169 1429 1
179 1398 212 1430 6.
223 1396 265 1429 Ut
276 1397 384 1430 credat
393 1397 496 1431 Grut.
509 1410 551 1430 ex
560 1398 668 1431 Palat.
680 1397 773 1442 legit.

156 1461 169 1482 1
180 1461 212 1493 7.
234 1449 318 1482 Ruta
361 1450 551 1495 Capelliana
586 1449 641 1482 ed.
675 1451 775 1483 Bar-b.

98 1501 180 1533 Rure
212 1501 400 1547 Capelliana
426 1501 506 1536 Ald.
533 1504 632 1536 Junt.
661 1503 775 1537 Colin.

99 1553 192 1586 Ruta»
228 1555 415 1600 Capelliana
452 1555 507 1589 od.
549 1556 627 1588 Par.
670 1560 774 1600 1617.

846 922 890 954 Ut
903 922 1033 954 condiat
1043 935 1078 954 v.
1089 934 1123 954 v.
1135 934 1160 954 s.
1175 922 1294 954 Inrutoe
1301 921 1385 964 solio
1401 922 1516 967 Capel-

841 975 955 1008 licmus.
974 974 1042 1007 Sic.
1060 975 1111 1006 De
1127 974 1219 1019 Rooy
1230 973 1298 1018 legi
1311 974 1396 1007 vult.
1412 996 1461 1001 —
1478 977 1514 1008 In

841 1036 920 1060 rutae
927 1028 1057 1070 folium.
1068 1028 1098 1060 Ι.
1110 1039 1138 1059 ε.
1151 1026 1259 1059 instar
1272 1027 1346 1060 folii
1356 1035 1443 1060 rutae
1454 1028 1515 1061 Ca-

841 1080 1018 1126 pellianae‚
1037 1079 1084 1113 sic
1102 1078 1336 1112 denominatae
1357 1080 1410 1113 vel
1426 1093 1444 1113 a
1458 1093 1513 1114 ca-

843 1133 1007 1178 pillorum
1025 1131 1274 1173 multitudine,
1293 1132 1348 1165 vel
1370 1145 1387 1165 a
1402 1135 1515 1178 capris

838 1185 1067 1231 sylvestribus
1093 1197 1170 1230 quae
1195 1185 1288 1218 illam
1310 1184 1513 1231 depascunt.

896 1252 907 1272 1
919 1240 952 1272 8.
975 1238 1225 1283 Pal-apsidesque
1248 1238 1354 1271 Palat.
1372 1261 1424 1265 ——-
1441 1239 1512 1273 Ga-

839 1292 945 1329 batas,
980 1291 1240 1336 paropsidasque.
1271 1291 1403 1324 Lances
1433 1302 1513 1325 sunt.

837 1345 924 1377 varii
943 1345 1090 1389 generis,

893 1410 909 1429 2
918 1410 952 1430 o.
962 1398 1006 1430 H.
1020 1397 1041 1430 l.
1053 1405 1148 1429 vocae
1157 1396 1212 1430 ed.
1225 1405 1308 1430 vett.
1320 1404 1353 1429 et
1363 1396 1510 1431 Far-nab.

839 1450 937 1495 Legit
948 1450 1120 1484 Gruterus
1126 1457 1239 1494 putat:
1250 1462 1291 1483 ex
1302 1462 1371 1495 quo
1384 1451 1508 1484 caeteri.

893 1516 909 1534 2
922 1515 935 1535 1
945 1530 951 1535 .
979 1503 1080 1535 Unum
1103 1516 1199 1535 assem
1224 1516 1349 1548 ponere.
1377 1503 1508 1537 Totum

838 1555 1036 1588 convivium
1053 1567 1125 1588 asse
1145 1568 1361 1600 comparare.

657 1691 950 1745 XXXII.

589 1840 643 1867 IN
684 1819 1016 1867 Nsssronizm.*

165 1960 262 2002 NEC
296 1967 419 2018 toga,
453 1974 533 2001 nec
566 1957 688 2002 focus
720 1966 807 2010 est,
836 1973 916 2000 nec
943 1952 1070 2001 tritus
1096 1959 1248 2003 cimice
1273 1958 1431 2013 lectus,

236 2028 327 2071 Nec
356 2028 432 2072 tibi
465 2028 518 2071 ‹le
545 2027 690 2071 bibula
723 2037 837 2073 sarta
865 2027 1024 2089 palude
1049 2037 1190 2088 tege53

147 2155 162 2170 ⁴
179 2159 301 2195 Codex
316 2162 454 2195 Thuan.
476 2174 542 2207 pro
561 2163 616 2198 In,
637 2169 677 2195 ut
695 2162 769 2207 ple·

95 2225 265 2259 rumque,
286 2214 390 2248 habet
410 2215 479 2248 Ad.

154 2278 185 2300 1.
209 2266 278 2300 Nec
303 2275 400 2311 toga,
425 2280 480 2299 nec
496 2269 591 2310 focus
621 2275 676 2301 est.
700 2268 769 2300 De-

93 2319 215 2353 scribit
236 2319 303 2353 hoc
327 2319 576 2365 epigrammate
601 2319 770 2353 Martialis

95 2372 288 2417 insignem,
315 2385 387 2406 non
415 2380 677 2418 paupertatem,
708 2371 769 2405 sed

93 2433 283 2458 extremam
311 2425 465 2471 inopiam
496 2437 535 2459 ac
560 2425 767 2459 mendicita-

95 2485 188 2519 tem3
213 2490 277 2511 nec
302 2476 428 2511 dubito
453 2478 539 2524 quin
563 2478 767 2523 Aristopha-

95 2542 175 2564 nem
192 2530 323 2564 imitari
341 2532 490 2564 voluerit
508 2531 543 2564 in
561 2531 664 2565 Pluto
681 2543 689 2564 :
706 2530 768 2564 ubi

96 2584 206 2617 πενίαν
233 2596 250 2616 a
275 2585 425 2628 πτωχείᾳ
449 2584 625 2629 eleganter
647 2582 768 2617 distin-

93 2637 178 2681 guit.
201 2637 334 2669 Herald.
355 2656 406 2662 —
422 2637 489 2670 Nec
504 2646 589 2682 toga.
610 2636 678 2669 Sed
691 2637 767 2669 vilis

830 2161 989 2210 aliquistp
996 2173 1116 2194 annus.
1128 2155 1202 2194 Ave'
1211 2161 1342 2206 ἱματίου
1352 2163 1408 2208 μὲν
1424 2164 1504 2207 ἔχειν

829 2213 944 2259 ῥάκος,
966 2221 1003 2246 ut
1032 2213 1079 2246 ait
1105 2213 1377 2258 Aristophanes;
1401 2224 1435 2249 et
1456 2217 1504 2249 sic

831 2266 1002 2306 Catullus,
1016 2265 1126 2311 epigr.
1143 2279 1198 2307 xx,
1209 2266 1302 2307 Furi,
1320 2271 1394 2314 quoi
1408 2282 1504 2315 neque

829 2332 932 2351 servus
950 2327 996 2350 est
1009 2346 1017 2358 ,
1040 2331 1136 2364 neque
1157 2332 1232 2352 arca
1246 2346 1254 2358 ‚
1277 2328 1344 2354 etc.
1367 2321 1447 2355 vide
1470 2331 1504 2356 et

830 2372 997 2404 Nostrum
1010 2371 1088 2412 ,lib.
1101 2371 1135 2412 1,
1145 2372 1254 2417 epigr.
1269 2385 1371 2407 xcur.
1381 2375 1501 2408 —Nec

829 2427 920 2457 tritus
950 2426 1055 2457 cimice
1089 2425 1195 2458 lectus.
1229 2426 1335 2471 Atqui
1370 2427 1499 2461 lectum

827 2475 998 2523 ejusmodi
1020 2476 1183 2511 mendico
1204 2490 1275 2511 non
1297 2489 1401 2525 negat
1422 2481 1501 2513 Ari-

826 2530 1013 2576 stophanes
1039 2542 1047 2562 :
1072 2530 1143 2563 ἀντὶ
1165 2528 1203 2564 δὲ
1224 2532 1328 2570 κλίνης
1354 2531 1501 2566 angnia&

828 2584 934 2625 χοίναιν
955 2584 1067 2627 κῡρέων
1085 2584 1221 2628 μεστὴν.

886 2651 917 2670 2.
939 2636 1004 2668 Nec
1026 2636 1083 2667 tibi
1100 2636 1138 2668 de
1157 2636 1262 2669 bibula
1281 2646 1368 2669 sa:·la
1384 2639 1501 2682 palude
