<?xml version="1.0" encoding="UTF-8"?>
<!DOCTYPE html PUBLIC "-//W3C//DTD XHTML 1.0 Transitional//EN"
    "http://www.w3.org/TR/xhtml1/DTD/xhtml1-transitional.dtd">
<html xmlns="http://www.w3.org/1999/xhtml" xml:lang="en" lang="en">
 <head>
  <title>
</title>
<meta http-equiv="Content-Type" content="text/html;charset=utf-8" />
  <meta name='ocr-system' content='tesseract 3.04.00' />
  <meta name='ocr-capabilities' content='ocr_page ocr_carea ocr_par ocr_line ocrx_word'/>
</head>
<body>
  <div class='ocr_page' id='page_1' title='image "./epigrammata02martuoft/epigrammata02martuoft_0530.png"; bbox 0 0 1978 3305; ppageno 0'>
   <div class='ocr_carea' id='block_1_1' title="bbox 485 258 1061 305">
    <p class='ocr_par' dir='ltr' id='par_1_1' title="bbox 485 258 1061 305">
     <span class='ocr_line' id='line_1_1' title="bbox 485 258 1061 305; baseline -0.007 0"><span class='ocrx_word' id='word_1_1' title='bbox 485 258 581 305; x_wconf 81' lang='grc'>516</span> <span class='ocrx_word' id='word_1_2' title='bbox 830 260 889 301; x_wconf 88' lang='grc' dir='ltr'>Μ.</span> <span class='ocrx_word' id='word_1_3' title='bbox 921 259 1061 303; x_wconf 92' lang='lat' dir='ltr'>VAL.</span> 
     </span>
    </p>
   </div>
   <div class='ocr_carea' id='block_1_2' title="bbox 1116 257 1504 302">
    <p class='ocr_par' dir='ltr' id='par_1_2' title="bbox 1116 257 1504 302">
     <span class='ocr_line' id='line_1_2' title="bbox 1116 257 1504 302; baseline 0.003 -1"><span class='ocrx_word' id='word_1_4' title='bbox 1116 257 1504 302; x_wconf 89' lang='lat' dir='ltr'><strong>MARTIALIS</strong></span> 
     </span>
    </p>
   </div>
   <div class='ocr_carea' id='block_1_3' title="bbox 1068 407 1299 467">
    <p class='ocr_par' dir='ltr' id='par_1_3' title="bbox 1068 407 1299 467">
     <span class='ocr_line' id='line_1_3' title="bbox 1068 407 1299 467; baseline 0.013 -4"><span class='ocrx_word' id='word_1_5' title='bbox 1068 407 1299 467; x_wconf 85' lang='lat' dir='ltr'><strong>XLIII.</strong></span> 
     </span>
    </p>
   </div>
   <div class='ocr_carea' id='block_1_4' title="bbox 934 545 1437 595">
    <p class='ocr_par' dir='ltr' id='par_1_4' title="bbox 934 545 1437 595">
     <span class='ocr_line' id='line_1_4' title="bbox 934 545 1437 595; baseline -0.004 0"><span class='ocrx_word' id='word_1_6' title='bbox 934 566 1001 595; x_wconf 85' lang='lat' dir='ltr'>AD</span> <span class='ocrx_word' id='word_1_7' title='bbox 1038 545 1437 595; x_wconf 66' lang='lat' dir='ltr'>PHILEROTEM.*</span> 
     </span>
    </p>
   </div>
   <div class='ocr_carea' id='block_1_5' title="bbox 545 670 1812 804">
    <p class='ocr_par' dir='ltr' id='par_1_5' title="bbox 545 670 1812 804">
     <span class='ocr_line' id='line_1_5' title="bbox 545 670 1812 733; baseline 0 -16"><span class='ocrx_word' id='word_1_8' title='bbox 545 675 759 717; x_wconf 76' lang='lat' dir='ltr'><strong>SEPTIMA</strong></span> <span class='ocrx_word' id='word_1_9' title='bbox 784 673 897 733; x_wconf 79' lang='lat' dir='ltr'>jam,</span> <span class='ocrx_word' id='word_1_10' title='bbox 921 670 1141 726; x_wconf 88' lang='lat' dir='ltr'>Phileros,</span> <span class='ocrx_word' id='word_1_11' title='bbox 1164 671 1242 716; x_wconf 85' lang='lat' dir='ltr'>tibi</span> <span class='ocrx_word' id='word_1_12' title='bbox 1268 671 1473 716; x_wconf 89' lang='lat' dir='ltr'>conditur</span> <span class='ocrx_word' id='word_1_13' title='bbox 1493 688 1604 716; x_wconf 87' lang='lat' dir='ltr'>uxor</span> <span class='ocrx_word' id='word_1_14' title='bbox 1625 673 1670 715; x_wconf 90' lang='lat' dir='ltr'>in</span> <span class='ocrx_word' id='word_1_15' title='bbox 1694 688 1812 733; x_wconf 83' lang='lat' dir='ltr'>agro.</span> 
     </span>
     <span class='ocr_line' id='line_1_6' title="bbox 612 741 1686 804; baseline -0.001 -18"><span class='ocrx_word' id='word_1_16' title='bbox 612 742 712 787; x_wconf 90' lang='lat' dir='ltr'>Plus</span> <span class='ocrx_word' id='word_1_17' title='bbox 738 742 867 797; x_wconf 86' lang='lat' dir='ltr'>nulli,</span> <span class='ocrx_word' id='word_1_18' title='bbox 887 741 1107 797; x_wconf 86' lang='lat' dir='ltr'>Phileros,</span> <span class='ocrx_word' id='word_1_19' title='bbox 1128 758 1257 804; x_wconf 87' lang='lat' dir='ltr'>quam</span> <span class='ocrx_word' id='word_1_20' title='bbox 1280 743 1381 797; x_wconf 84' lang='lat' dir='ltr'>tibi,</span> <span class='ocrx_word' id='word_1_21' title='bbox 1406 742 1549 787; x_wconf 81' lang='lat' dir='ltr'><strong>reddit</strong></span> <span class='ocrx_word' id='word_1_22' title='bbox 1571 758 1686 803; x_wconf 87' lang='lat' dir='ltr'>ager.</span> 
     </span>
    </p>
   </div>
   <div class='ocr_carea' id='block_1_6' title="bbox 543 857 1618 996">
    <p class='ocr_par' dir='ltr' id='par_1_6' title="bbox 543 857 1618 996">
     <span class='ocr_line' id='line_1_7' title="bbox 543 857 1618 926; baseline 0 -18"><span class='ocrx_word' id='word_1_23' title='bbox 543 857 714 926; x_wconf 58' lang='lat' dir='ltr'>Effldym</span> <span class='ocrx_word' id='word_1_24' title='bbox 730 899 741 919; x_wconf 85' lang='lat'><strong>‚</strong></span> <span class='ocrx_word' id='word_1_25' title='bbox 765 863 796 907; x_wconf 85' lang='grc' dir='ltr'><em>ὦ</em></span> <span class='ocrx_word' id='word_1_26' title='bbox 814 864 1012 924; x_wconf 81' lang='grc' dir='ltr'>Φίλερως,</span> <span class='ocrx_word' id='word_1_27' title='bbox 1034 865 1164 908; x_wconf 79' lang='grc' dir='ltr'>κεῖταί</span> <span class='ocrx_word' id='word_1_28' title='bbox 1182 882 1245 907; x_wconf 83' lang='grc' dir='ltr'>σοι</span> <span class='ocrx_word' id='word_1_29' title='bbox 1264 863 1415 915; x_wconf 80' lang='grc' dir='ltr'>ἄκοιτις</span> <span class='ocrx_word' id='word_1_30' title='bbox 1436 866 1474 907; x_wconf 83' lang='grc' dir='ltr'>ἐν</span> <span class='ocrx_word' id='word_1_31' title='bbox 1496 865 1618 926; x_wconf 79' lang='grc' dir='ltr'>ἀγρῷ.</span> 
     </span>
     <span class='ocr_line' id='line_1_8' title="bbox 613 930 1617 996; baseline -0.001 -17"><span class='ocrx_word' id='word_1_32' title='bbox 613 930 774 984; x_wconf 76' lang='grc' dir='ltr'>Μηδενὶ</span> <span class='ocrx_word' id='word_1_33' title='bbox 794 942 909 996; x_wconf 81' lang='grc' dir='ltr'>γοῦν,</span> <span class='ocrx_word' id='word_1_34' title='bbox 929 935 1125 995; x_wconf 83' lang='grc' dir='ltr'>Φίλερως,</span> <span class='ocrx_word' id='word_1_35' title='bbox 1149 935 1312 995; x_wconf 76' lang='grc' dir='ltr'>εὐφόρως</span> <span class='ocrx_word' id='word_1_36' title='bbox 1332 937 1383 985; x_wconf 87' lang='grc' dir='ltr'>ὥς</span> <span class='ocrx_word' id='word_1_37' title='bbox 1402 951 1465 977; x_wconf 83' lang='grc' dir='ltr'>σοι</span> <span class='ocrx_word' id='word_1_38' title='bbox 1485 935 1617 996; x_wconf 79' lang='grc' dir='ltr'>ἀγρός.</span> 
     </span>
    </p>
   </div>
   <div class='ocr_carea' id='block_1_7' title="bbox 469 1053 1150 1365">
    <p class='ocr_par' dir='ltr' id='par_1_7' title="bbox 471 1053 1150 1209">
     <span class='ocr_line' id='line_1_9' title="bbox 525 1053 1150 1091; baseline -0.005 0"><span class='ocrx_word' id='word_1_39' title='bbox 525 1053 538 1067; x_wconf 70' lang='grc'><strong>”</strong></span> <span class='ocrx_word' id='word_1_40' title='bbox 566 1057 740 1091; x_wconf 75' lang='lat' dir='ltr'>Veneficii</span> <span class='ocrx_word' id='word_1_41' title='bbox 775 1065 911 1091; x_wconf 86' lang='lat' dir='ltr'>accusat</span> <span class='ocrx_word' id='word_1_42' title='bbox 935 1056 1150 1089; x_wconf 84' lang='lat' dir='ltr'>Philerotem</span> 
     </span>
     <span class='ocr_line' id='line_1_10' title="bbox 471 1108 1149 1156; baseline -0.006 -11"><span class='ocrx_word' id='word_1_43' title='bbox 471 1111 526 1145; x_wconf 87' lang='lat' dir='ltr'>cui</span> <span class='ocrx_word' id='word_1_44' title='bbox 541 1113 613 1156; x_wconf 82' lang='lat' dir='ltr'>jam</span> <span class='ocrx_word' id='word_1_45' title='bbox 634 1110 787 1144; x_wconf 81' lang='lat' dir='ltr'>conditae</span> <span class='ocrx_word' id='word_1_46' title='bbox 808 1117 942 1155; x_wconf 87' lang='lat' dir='ltr'>septem</span> <span class='ocrx_word' id='word_1_47' title='bbox 965 1120 1094 1142; x_wconf 85' lang='lat' dir='ltr'>uxores</span> <span class='ocrx_word' id='word_1_48' title='bbox 1112 1108 1149 1140; x_wconf 90' lang='lat' dir='ltr'>in</span> 
     </span>
     <span class='ocr_line' id='line_1_11' title="bbox 472 1164 594 1209; baseline -0.008 -12"><span class='ocrx_word' id='word_1_49' title='bbox 472 1164 594 1209; x_wconf 79' lang='lat' dir='ltr'>agello,</span> 
     </span>
    </p>

    <p class='ocr_par' dir='ltr' id='par_1_8' title="bbox 469 1216 1150 1365">
     <span class='ocr_line' id='line_1_12' title="bbox 528 1216 1148 1262; baseline -0.005 -13"><span class='ocrx_word' id='word_1_50' title='bbox 528 1229 559 1250; x_wconf 87' lang='lat'>1.</span> <span class='ocrx_word' id='word_1_51' title='bbox 574 1216 725 1262; x_wconf 78' lang='lat' dir='ltr'>Septima.</span> <span class='ocrx_word' id='word_1_52' title='bbox 744 1217 773 1247; x_wconf 91' lang='lat' dir='ltr'>A</span> <span class='ocrx_word' id='word_1_53' title='bbox 795 1224 829 1248; x_wconf 88' lang='lat' dir='ltr'>te</span> <span class='ocrx_word' id='word_1_54' title='bbox 857 1226 985 1259; x_wconf 88' lang='lat' dir='ltr'>nempe</span> <span class='ocrx_word' id='word_1_55' title='bbox 1011 1225 1148 1247; x_wconf 90' lang='lat' dir='ltr'>veneno</span> 
     </span>
     <span class='ocr_line' id='line_1_13' title="bbox 469 1266 1150 1313; baseline -0.006 -11"><span class='ocrx_word' id='word_1_56' title='bbox 469 1270 622 1309; x_wconf 85' lang='lat' dir='ltr'>sublata,</span> <span class='ocrx_word' id='word_1_57' title='bbox 636 1277 674 1302; x_wconf 91' lang='lat' dir='ltr'>ut</span> <span class='ocrx_word' id='word_1_58' title='bbox 695 1268 890 1313; x_wconf 86' lang='lat' dir='ltr'>intelligere</span> <span class='ocrx_word' id='word_1_59' title='bbox 910 1266 1051 1300; x_wconf 88' lang='lat' dir='ltr'>videtur</span> <span class='ocrx_word' id='word_1_60' title='bbox 1065 1266 1150 1299; x_wconf 91' lang='lat' dir='ltr'>Poe-</span> 
     </span>
     <span class='ocr_line' id='line_1_14' title="bbox 473 1320 1150 1365; baseline -0.004 -11"><span class='ocrx_word' id='word_1_61' title='bbox 473 1330 516 1355; x_wconf 86' lang='lat' dir='ltr'>ta.</span> <span class='ocrx_word' id='word_1_62' title='bbox 539 1320 630 1354; x_wconf 85' lang='lat' dir='ltr'>Vide</span> <span class='ocrx_word' id='word_1_63' title='bbox 646 1322 707 1354; x_wconf 90' lang='lat' dir='ltr'>lib.</span> <span class='ocrx_word' id='word_1_64' title='bbox 724 1322 774 1354; x_wconf 90' lang='lat' dir='ltr'>IX</span> <span class='ocrx_word' id='word_1_65' title='bbox 786 1347 795 1361; x_wconf 92' lang='lat'>,</span> <span class='ocrx_word' id='word_1_66' title='bbox 819 1320 928 1365; x_wconf 82' lang='lat' dir='ltr'>epigr.</span> <span class='ocrx_word' id='word_1_67' title='bbox 952 1331 1026 1353; x_wconf 68' lang='lat' dir='ltr'>xvt.</span> <span class='ocrx_word' id='word_1_68' title='bbox 1045 1340 1098 1345; x_wconf 86' lang='lat'>—-</span> <span class='ocrx_word' id='word_1_69' title='bbox 1110 1320 1150 1353; x_wconf 82' lang='lat' dir='ltr'>ln</span> 
     </span>
    </p>
   </div>
   <div class='ocr_carea' id='block_1_8' title="bbox 1208 1055 1890 1353">
    <p class='ocr_par' dir='ltr' id='par_1_9' title="bbox 1208 1055 1888 1195">
     <span class='ocr_line' id='line_1_15' title="bbox 1209 1055 1888 1101; baseline 0 -13"><span class='ocrx_word' id='word_1_70' title='bbox 1209 1068 1299 1101; x_wconf 78' lang='lat' dir='ltr'>agro.</span> <span class='ocrx_word' id='word_1_71' title='bbox 1325 1055 1500 1100; x_wconf 80' lang='lat' dir='ltr'>Sepulcris</span> <span class='ocrx_word' id='word_1_72' title='bbox 1522 1055 1719 1089; x_wconf 83' lang='lat' dir='ltr'>consecrari</span> <span class='ocrx_word' id='word_1_73' title='bbox 1740 1055 1888 1101; x_wconf 88' lang='lat' dir='ltr'>agellum</span> 
     </span>
     <span class='ocr_line' id='line_1_16' title="bbox 1208 1107 1887 1154; baseline 0 -13"><span class='ocrx_word' id='word_1_74' title='bbox 1208 1108 1316 1141; x_wconf 87' lang='lat' dir='ltr'>moris</span> <span class='ocrx_word' id='word_1_75' title='bbox 1333 1107 1401 1141; x_wconf 88' lang='lat' dir='ltr'>fuit</span> <span class='ocrx_word' id='word_1_76' title='bbox 1415 1133 1426 1149; x_wconf 88' lang='lat'>‚</span> <span class='ocrx_word' id='word_1_77' title='bbox 1439 1116 1479 1141; x_wconf 92' lang='lat' dir='ltr'>ut</span> <span class='ocrx_word' id='word_1_78' title='bbox 1495 1107 1631 1142; x_wconf 91' lang='lat' dir='ltr'>dictum</span> <span class='ocrx_word' id='word_1_79' title='bbox 1645 1109 1708 1142; x_wconf 86' lang='lat' dir='ltr'>lib.</span> <span class='ocrx_word' id='word_1_80' title='bbox 1725 1109 1742 1140; x_wconf 94' lang='lat' dir='ltr'><strong>I</strong></span> <span class='ocrx_word' id='word_1_81' title='bbox 1758 1135 1768 1152; x_wconf 87' lang='lat'>‚</span> <span class='ocrx_word' id='word_1_82' title='bbox 1779 1108 1887 1154; x_wconf 84' lang='lat' dir='ltr'>epigr.</span> 
     </span>
     <span class='ocr_line' id='line_1_17' title="bbox 1209 1168 1455 1195; baseline 0.004 -2"><span class='ocrx_word' id='word_1_83' title='bbox 1209 1173 1275 1195; x_wconf 83' lang='lat' dir='ltr'>cxv</span> <span class='ocrx_word' id='word_1_84' title='bbox 1291 1168 1327 1194; x_wconf 87' lang='lat' dir='ltr'>et</span> <span class='ocrx_word' id='word_1_85' title='bbox 1344 1173 1455 1194; x_wconf 80' lang='lat' dir='ltr'>cxvn.</span> 
     </span>
    </p>

    <p class='ocr_par' dir='ltr' id='par_1_10' title="bbox 1209 1214 1890 1353">
     <span class='ocr_line' id='line_1_18' title="bbox 1264 1214 1890 1259; baseline 0.002 -13"><span class='ocrx_word' id='word_1_86' title='bbox 1264 1226 1280 1246; x_wconf 87' lang='lat'>2</span> <span class='ocrx_word' id='word_1_87' title='bbox 1288 1240 1296 1247; x_wconf 89' lang='lat'>.</span> <span class='ocrx_word' id='word_1_88' title='bbox 1310 1214 1430 1247; x_wconf 83' lang='lat' dir='ltr'><em>Reddit</em></span> <span class='ocrx_word' id='word_1_89' title='bbox 1439 1226 1527 1259; x_wconf 73' lang='lat' dir='ltr'>ager.</span> <span class='ocrx_word' id='word_1_90' title='bbox 1543 1215 1651 1247; x_wconf 90' lang='lat' dir='ltr'>Dotes</span> <span class='ocrx_word' id='word_1_91' title='bbox 1661 1225 1790 1258; x_wconf 86' lang='lat' dir='ltr'>nempe</span> <span class='ocrx_word' id='word_1_92' title='bbox 1799 1225 1890 1246; x_wconf 90' lang='lat' dir='ltr'>mor·</span> 
     </span>
     <span class='ocr_line' id='line_1_19' title="bbox 1209 1266 1889 1312; baseline -0.003 -12"><span class='ocrx_word' id='word_1_93' title='bbox 1209 1275 1348 1300; x_wconf 84' lang='lat' dir='ltr'>tuarum</span> <span class='ocrx_word' id='word_1_94' title='bbox 1371 1279 1523 1300; x_wconf 85' lang='lat' dir='ltr'>uxorum</span> <span class='ocrx_word' id='word_1_95' title='bbox 1537 1293 1546 1308; x_wconf 90' lang='lat'>‚</span> <span class='ocrx_word' id='word_1_96' title='bbox 1562 1267 1623 1312; x_wconf 88' lang='lat' dir='ltr'>qui</span> <span class='ocrx_word' id='word_1_97' title='bbox 1643 1275 1723 1300; x_wconf 90' lang='lat' dir='ltr'>sunt</span> <span class='ocrx_word' id='word_1_98' title='bbox 1747 1266 1889 1312; x_wconf 87' lang='lat' dir='ltr'>amplis-</span> 
     </span>
     <span class='ocr_line' id='line_1_20' title="bbox 1209 1319 1455 1353; baseline 0.004 -2"><span class='ocrx_word' id='word_1_99' title='bbox 1209 1319 1289 1352; x_wconf 87' lang='lat' dir='ltr'>simi</span> <span class='ocrx_word' id='word_1_100' title='bbox 1308 1319 1455 1353; x_wconf 79' lang='lat' dir='ltr'>fructus.</span> 
     </span>
    </p>
   </div>
   <div class='ocr_carea' id='block_1_9' title="bbox 1068 1399 1289 1458">
    <p class='ocr_par' dir='ltr' id='par_1_11' title="bbox 1068 1399 1289 1458">
     <span class='ocr_line' id='line_1_21' title="bbox 1068 1399 1289 1458; baseline 0.014 -2"><span class='ocrx_word' id='word_1_101' title='bbox 1068 1399 1289 1458; x_wconf 86' lang='lat' dir='ltr'><strong>XLIV.</strong></span> 
     </span>
    </p>
   </div>
   <div class='ocr_carea' id='block_1_10' title="bbox 955 1555 1415 1592">
    <p class='ocr_par' dir='ltr' id='par_1_12' title="bbox 955 1555 1415 1592">
     <span class='ocr_line' id='line_1_22' title="bbox 955 1555 1415 1592; baseline -0.002 -8"><span class='ocrx_word' id='word_1_102' title='bbox 955 1557 1023 1584; x_wconf 83' lang='grc' dir='ltr'>ΑΙ)</span> <span class='ocrx_word' id='word_1_103' title='bbox 1061 1556 1103 1592; x_wconf 89' lang='lat' dir='ltr'>Q.</span> <span class='ocrx_word' id='word_1_104' title='bbox 1144 1555 1415 1584; x_wconf 81' lang='lat' dir='ltr'>OVIDIUM.</span> 
     </span>
    </p>
   </div>
   <div class='ocr_carea' id='block_1_11' title="bbox 545 1666 1666 1869">
    <p class='ocr_par' dir='ltr' id='par_1_13' title="bbox 545 1666 1666 1869">
     <span class='ocr_line' id='line_1_23' title="bbox 545 1666 1613 1726; baseline -0.001 -14"><span class='ocrx_word' id='word_1_105' title='bbox 545 1670 732 1726; x_wconf 81' lang='lat' dir='ltr'><strong>QUINTE</strong></span> <span class='ocrx_word' id='word_1_106' title='bbox 755 1666 1017 1712; x_wconf 80' lang='lat' dir='ltr'>Caledonios</span> <span class='ocrx_word' id='word_1_107' title='bbox 1039 1666 1171 1710; x_wconf 86' lang='lat' dir='ltr'>Ovidi</span> <span class='ocrx_word' id='word_1_108' title='bbox 1193 1667 1336 1711; x_wconf 87' lang='lat' dir='ltr'>visure</span> <span class='ocrx_word' id='word_1_109' title='bbox 1360 1667 1613 1721; x_wconf 83' lang='lat' dir='ltr'>Britannos,</span> 
     </span>
     <span class='ocr_line' id='line_1_24' title="bbox 619 1738 1666 1799; baseline -0.001 -17"><span class='ocrx_word' id='word_1_110' title='bbox 619 1741 674 1783; x_wconf 80' lang='lat' dir='ltr'>Et</span> <span class='ocrx_word' id='word_1_111' title='bbox 698 1738 881 1782; x_wconf 83' lang='lat' dir='ltr'>viridem</span> <span class='ocrx_word' id='word_1_112' title='bbox 904 1738 1077 1799; x_wconf 87' lang='lat' dir='ltr'>Tethyn</span> <span class='ocrx_word' id='word_1_113' title='bbox 1094 1772 1105 1792; x_wconf 83' lang='lat'>,</span> <span class='ocrx_word' id='word_1_114' title='bbox 1131 1740 1446 1798; x_wconf 83' lang='lat' dir='ltr'>Oceanumque</span> <span class='ocrx_word' id='word_1_115' title='bbox 1473 1747 1666 1798; x_wconf 79' lang='lat' dir='ltr'>patrem3</span> 
     </span>
     <span class='ocr_line' id='line_1_25' title="bbox 547 1807 1645 1869; baseline -0.002 -16"><span class='ocrx_word' id='word_1_116' title='bbox 547 1811 665 1869; x_wconf 85' lang='lat' dir='ltr'>Ergo</span> <span class='ocrx_word' id='word_1_117' title='bbox 692 1809 847 1852; x_wconf 82' lang='lat' dir='ltr'>Numae</span> <span class='ocrx_word' id='word_1_118' title='bbox 873 1807 1027 1863; x_wconf 89' lang='lat' dir='ltr'>colles,</span> <span class='ocrx_word' id='word_1_119' title='bbox 1054 1818 1096 1852; x_wconf 90' lang='lat' dir='ltr'>et</span> <span class='ocrx_word' id='word_1_120' title='bbox 1122 1808 1398 1852; x_wconf 85' lang='lat' dir='ltr'>Nomentana</span> <span class='ocrx_word' id='word_1_121' title='bbox 1429 1807 1645 1869; x_wconf 82' lang='lat' dir='ltr'>relinques</span> 
     </span>
    </p>
   </div>
   <div class='ocr_carea' id='block_1_12' title="bbox 481 1942 1160 2727">
    <p class='ocr_par' dir='ltr' id='par_1_14' title="bbox 481 1942 1160 2727">
     <span class='ocr_line' id='line_1_26' title="bbox 535 1942 1157 1988; baseline -0.005 -11"><span class='ocrx_word' id='word_1_122' title='bbox 535 1956 563 1977; x_wconf 89' lang='lat'>1.</span> <span class='ocrx_word' id='word_1_123' title='bbox 584 1944 712 1988; x_wconf 80' lang='lat' dir='ltr'>Quinte.</span> <span class='ocrx_word' id='word_1_124' title='bbox 735 1942 954 1976; x_wconf 84' lang='lat' dir='ltr'>Clarissimus</span> <span class='ocrx_word' id='word_1_125' title='bbox 968 1942 1023 1975; x_wconf 77' lang='lat' dir='ltr'>vir</span> <span class='ocrx_word' id='word_1_126' title='bbox 1039 1949 1073 1975; x_wconf 88' lang='lat' dir='ltr'>et</span> <span class='ocrx_word' id='word_1_127' title='bbox 1087 1954 1157 1975; x_wconf 87' lang='lat' dir='ltr'>ma-</span> 
     </span>
     <span class='ocr_line' id='line_1_27' title="bbox 481 1994 1155 2043; baseline -0.004 -13"><span class='ocrx_word' id='word_1_128' title='bbox 481 1997 537 2043; x_wconf 85' lang='lat' dir='ltr'>gni</span> <span class='ocrx_word' id='word_1_129' title='bbox 556 1995 751 2037; x_wconf 86' lang='lat' dir='ltr'>faciendus,</span> <span class='ocrx_word' id='word_1_130' title='bbox 767 1994 811 2028; x_wconf 88' lang='lat' dir='ltr'>de</span> <span class='ocrx_word' id='word_1_131' title='bbox 830 2007 899 2040; x_wconf 91' lang='lat' dir='ltr'>quo</span> <span class='ocrx_word' id='word_1_132' title='bbox 914 1994 1074 2028; x_wconf 87' lang='lat' dir='ltr'>meminit</span> <span class='ocrx_word' id='word_1_133' title='bbox 1085 1996 1155 2039; x_wconf 89' lang='lat' dir='ltr'>jam</span> 
     </span>
     <span class='ocr_line' id='line_1_28' title="bbox 483 2049 1157 2093; baseline -0.006 -9"><span class='ocrx_word' id='word_1_134' title='bbox 483 2049 650 2083; x_wconf 79' lang='lat' dir='ltr'>Martialis</span> <span class='ocrx_word' id='word_1_135' title='bbox 664 2049 726 2082; x_wconf 86' lang='lat' dir='ltr'>lib.</span> <span class='ocrx_word' id='word_1_136' title='bbox 743 2049 759 2081; x_wconf 90' lang='grc' dir='ltr'>Ι</span> <span class='ocrx_word' id='word_1_137' title='bbox 772 2073 781 2089; x_wconf 93' lang='grc'>,</span> <span class='ocrx_word' id='word_1_138' title='bbox 797 2049 998 2093; x_wconf 82' lang='lat' dir='ltr'>epigramm.</span> <span class='ocrx_word' id='word_1_139' title='bbox 1023 2059 1080 2080; x_wconf 82' lang='lat' dir='ltr'>cvl</span> <span class='ocrx_word' id='word_1_140' title='bbox 1096 2073 1105 2088; x_wconf 92' lang='lat'>,</span> <span class='ocrx_word' id='word_1_141' title='bbox 1122 2055 1157 2080; x_wconf 81' lang='lat' dir='ltr'>et</span> 
     </span>
     <span class='ocr_line' id='line_1_29' title="bbox 481 2100 1156 2147; baseline -0.006 -11"><span class='ocrx_word' id='word_1_142' title='bbox 481 2102 562 2136; x_wconf 89' lang='lat' dir='ltr'>dein</span> <span class='ocrx_word' id='word_1_143' title='bbox 585 2101 721 2135; x_wconf 89' lang='lat' dir='ltr'>lib.VII</span> <span class='ocrx_word' id='word_1_144' title='bbox 733 2123 743 2138; x_wconf 81' lang='lat'>‚</span> <span class='ocrx_word' id='word_1_145' title='bbox 761 2101 964 2147; x_wconf 85' lang='lat' dir='ltr'>epigramm.</span> <span class='ocrx_word' id='word_1_146' title='bbox 980 2112 1079 2141; x_wconf 76' lang='lat' dir='ltr'>xmv,</span> <span class='ocrx_word' id='word_1_147' title='bbox 1097 2100 1156 2146; x_wconf 89' lang='lat' dir='ltr'>qui</span> 
     </span>
     <span class='ocr_line' id='line_1_30' title="bbox 483 2152 1157 2191; baseline -0.007 -1"><span class='ocrx_word' id='word_1_148' title='bbox 483 2155 679 2191; x_wconf 83' lang='lat' dir='ltr'>Caesonium</span> <span class='ocrx_word' id='word_1_149' title='bbox 699 2166 717 2187; x_wconf 88' lang='lat' dir='ltr'>a</span> <span class='ocrx_word' id='word_1_150' title='bbox 739 2154 878 2187; x_wconf 80' lang='lat' dir='ltr'>Nerone</span> <span class='ocrx_word' id='word_1_151' title='bbox 897 2152 1101 2187; x_wconf 84' lang='lat' dir='ltr'>damnatum</span> <span class='ocrx_word' id='word_1_152' title='bbox 1122 2153 1157 2185; x_wconf 87' lang='lat' dir='ltr'>in</span> 
     </span>
     <span class='ocr_line' id='line_1_31' title="bbox 485 2206 1159 2251; baseline -0.004 -10"><span class='ocrx_word' id='word_1_153' title='bbox 485 2208 644 2241; x_wconf 85' lang='lat' dir='ltr'>exsilium</span> <span class='ocrx_word' id='word_1_154' title='bbox 658 2207 854 2247; x_wconf 85' lang='lat' dir='ltr'>comitatus,</span> <span class='ocrx_word' id='word_1_155' title='bbox 869 2206 948 2240; x_wconf 83' lang='lat' dir='ltr'>vitae</span> <span class='ocrx_word' id='word_1_156' title='bbox 962 2206 1159 2251; x_wconf 86' lang='lat' dir='ltr'>anteposuit</span> 
     </span>
     <span class='ocr_line' id='line_1_32' title="bbox 485 2259 1158 2304; baseline -0.004 -10"><span class='ocrx_word' id='word_1_157' title='bbox 485 2260 685 2294; x_wconf 84' lang='lat' dir='ltr'>amicitiam.</span> <span class='ocrx_word' id='word_1_158' title='bbox 705 2260 811 2293; x_wconf 83' lang='lat' dir='ltr'>Juxta</span> <span class='ocrx_word' id='word_1_159' title='bbox 830 2259 1047 2292; x_wconf 85' lang='lat' dir='ltr'>Nomentum</span> <span class='ocrx_word' id='word_1_160' title='bbox 1070 2270 1158 2304; x_wconf 69' lang='lat' dir='ltr'>prae-</span> 
     </span>
     <span class='ocr_line' id='line_1_33' title="bbox 486 2310 1157 2351; baseline -0.006 -4"><span class='ocrx_word' id='word_1_161' title='bbox 486 2313 543 2347; x_wconf 81' lang='lat' dir='ltr'>dia</span> <span class='ocrx_word' id='word_1_162' title='bbox 562 2313 696 2347; x_wconf 87' lang='lat' dir='ltr'>habuit.</span> <span class='ocrx_word' id='word_1_163' title='bbox 717 2312 782 2346; x_wconf 84' lang='lat' dir='ltr'>Hie</span> <span class='ocrx_word' id='word_1_164' title='bbox 800 2312 970 2346; x_wconf 77' lang='lat' dir='ltr'>Martialis</span> <span class='ocrx_word' id='word_1_165' title='bbox 987 2324 1067 2345; x_wconf 90' lang='lat' dir='ltr'>eum</span> <span class='ocrx_word' id='word_1_166' title='bbox 1088 2310 1157 2351; x_wconf 87' lang='lat' dir='ltr'>ait,</span> 
     </span>
     <span class='ocr_line' id='line_1_34' title="bbox 488 2364 1158 2410; baseline -0.004 -10"><span class='ocrx_word' id='word_1_167' title='bbox 488 2366 587 2400; x_wconf 90' lang='lat' dir='ltr'>amici</span> <span class='ocrx_word' id='word_1_168' title='bbox 611 2378 711 2399; x_wconf 85' lang='lat' dir='ltr'>causa</span> <span class='ocrx_word' id='word_1_169' title='bbox 731 2366 927 2410; x_wconf 82' lang='lat' dir='ltr'>profectum</span> <span class='ocrx_word' id='word_1_170' title='bbox 958 2365 992 2397; x_wconf 87' lang='lat' dir='ltr'>in</span> <span class='ocrx_word' id='word_1_171' title='bbox 1020 2364 1158 2397; x_wconf 84' lang='lat' dir='ltr'>Britan-</span> 
     </span>
     <span class='ocr_line' id='line_1_35' title="bbox 488 2417 1159 2463; baseline -0.003 -11"><span class='ocrx_word' id='word_1_172' title='bbox 488 2419 580 2452; x_wconf 84' lang='lat' dir='ltr'>niam</span> <span class='ocrx_word' id='word_1_173' title='bbox 594 2444 603 2459; x_wconf 91' lang='lat'>,</span> <span class='ocrx_word' id='word_1_174' title='bbox 618 2427 651 2452; x_wconf 85' lang='lat' dir='ltr'>et</span> <span class='ocrx_word' id='word_1_175' title='bbox 670 2427 772 2451; x_wconf 70' lang='lat' dir='ltr'>vovet</span> <span class='ocrx_word' id='word_1_176' title='bbox 793 2418 842 2451; x_wconf 90' lang='lat' dir='ltr'>illi</span> <span class='ocrx_word' id='word_1_177' title='bbox 863 2417 1035 2457; x_wconf 83' lang='lat' dir='ltr'>reditum,</span> <span class='ocrx_word' id='word_1_178' title='bbox 1061 2417 1159 2463; x_wconf 88' lang='lat' dir='ltr'>quie-</span> 
     </span>
     <span class='ocr_line' id='line_1_36' title="bbox 488 2469 1159 2516; baseline -0.004 -12"><span class='ocrx_word' id='word_1_179' title='bbox 488 2480 628 2516; x_wconf 88' lang='lat' dir='ltr'>tamque</span> <span class='ocrx_word' id='word_1_180' title='bbox 638 2469 778 2504; x_wconf 73' lang='lat' dir='ltr'>tandem</span> <span class='ocrx_word' id='word_1_181' title='bbox 789 2471 907 2504; x_wconf 83' lang='lat' dir='ltr'>vitam.</span> <span class='ocrx_word' id='word_1_182' title='bbox 916 2470 1159 2503; x_wconf 69' lang='lat' dir='ltr'>—Caledonios</span> 
     </span>
     <span class='ocr_line' id='line_1_37' title="bbox 491 2523 1160 2568; baseline 0 -13"><span class='ocrx_word' id='word_1_183' title='bbox 491 2523 1160 2568; x_wconf 79' lang='lat' dir='ltr'>Britannos.Caledoniam,quaeparsfnit</span> 
     </span>
     <span class='ocr_line' id='line_1_38' title="bbox 488 2576 1158 2622; baseline -0.001 -13"><span class='ocrx_word' id='word_1_184' title='bbox 488 2576 641 2621; x_wconf 77' lang='lat' dir='ltr'>imperii,</span> <span class='ocrx_word' id='word_1_185' title='bbox 660 2577 686 2609; x_wconf 87' lang='lat' dir='ltr'>si</span> <span class='ocrx_word' id='word_1_186' title='bbox 708 2589 786 2622; x_wconf 87' lang='lat' dir='ltr'>pars</span> <span class='ocrx_word' id='word_1_187' title='bbox 804 2577 889 2617; x_wconf 82' lang='lat' dir='ltr'>fuit,</span> <span class='ocrx_word' id='word_1_188' title='bbox 908 2576 1158 2615; x_wconf 74' lang='lat' dir='ltr'>remotissima;</span> 
     </span>
     <span class='ocr_line' id='line_1_39' title="bbox 485 2628 1158 2676; baseline 0.001 -15"><span class='ocrx_word' id='word_1_189' title='bbox 485 2637 518 2661; x_wconf 85' lang='lat' dir='ltr'>et</span> <span class='ocrx_word' id='word_1_190' title='bbox 553 2637 695 2676; x_wconf 77' lang='lat' dir='ltr'>vocatur</span> <span class='ocrx_word' id='word_1_191' title='bbox 728 2628 908 2662; x_wconf 84' lang='lat' dir='ltr'>hodiernis</span> <span class='ocrx_word' id='word_1_192' title='bbox 943 2629 1158 2674; x_wconf 82' lang='lat' dir='ltr'>temporibus</span> 
     </span>
     <span class='ocr_line' id='line_1_40' title="bbox 483 2680 1154 2727; baseline 0.001 -14"><span class='ocrx_word' id='word_1_193' title='bbox 483 2680 613 2719; x_wconf 68' lang='lat' dir='ltr'>scotia.</span> <span class='ocrx_word' id='word_1_194' title='bbox 629 2681 841 2715; x_wconf 56' lang='lat' dir='ltr'>l⁴.&#39;1·oss‹·.Vi‹l.</span> <span class='ocrx_word' id='word_1_195' title='bbox 857 2684 877 2715; x_wconf 93' lang='lat' dir='ltr'>l.</span> <span class='ocrx_word' id='word_1_196' title='bbox 895 2682 1007 2727; x_wconf 81' lang='lat' dir='ltr'>Spect.</span> <span class='ocrx_word' id='word_1_197' title='bbox 1020 2695 1072 2726; x_wconf 76' lang='lat' dir='ltr'>ep.</span> <span class='ocrx_word' id='word_1_198' title='bbox 1089 2694 1154 2715; x_wconf 78' lang='lat' dir='ltr'>vu.</span> 
     </span>
    </p>
   </div>
   <div class='ocr_carea' id='block_1_13' title="bbox 1216 1939 1892 2714">
    <p class='ocr_par' dir='ltr' id='par_1_15' title="bbox 1216 1939 1892 2662">
     <span class='ocr_line' id='line_1_41' title="bbox 1273 1939 1889 1987; baseline 0 -13"><span class='ocrx_word' id='word_1_199' title='bbox 1273 1955 1304 1974; x_wconf 83' lang='lat'>2.</span> <span class='ocrx_word' id='word_1_200' title='bbox 1323 1942 1371 1974; x_wconf 84' lang='lat' dir='ltr'>Et</span> <span class='ocrx_word' id='word_1_201' title='bbox 1389 1941 1521 1974; x_wconf 72' lang='lat' dir='ltr'>‘viridem</span> <span class='ocrx_word' id='word_1_202' title='bbox 1549 1941 1682 1987; x_wconf 73' lang='lat' dir='ltr'>Tethyn.</span> <span class='ocrx_word' id='word_1_203' title='bbox 1697 1941 1785 1983; x_wconf 78' lang='lat' dir='ltr'>Quae</span> <span class='ocrx_word' id='word_1_204' title='bbox 1796 1939 1889 1986; x_wconf 86' lang='lat' dir='ltr'>apud</span> 
     </span>
     <span class='ocr_line' id='line_1_42' title="bbox 1216 1993 1889 2040; baseline -0.001 -13"><span class='ocrx_word' id='word_1_205' title='bbox 1216 1994 1377 2040; x_wconf 79' lang='lat' dir='ltr'>antiquos</span> <span class='ocrx_word' id='word_1_206' title='bbox 1397 2003 1431 2027; x_wconf 88' lang='lat' dir='ltr'>et</span> <span class='ocrx_word' id='word_1_207' title='bbox 1448 2003 1568 2040; x_wconf 86' lang='lat' dir='ltr'>poetas</span> <span class='ocrx_word' id='word_1_208' title='bbox 1583 1995 1620 2027; x_wconf 90' lang='lat' dir='ltr'>in</span> <span class='ocrx_word' id='word_1_209' title='bbox 1639 1993 1762 2040; x_wconf 88' lang='lat' dir='ltr'>primis</span> <span class='ocrx_word' id='word_1_210' title='bbox 1778 2006 1889 2027; x_wconf 59' lang='lat' dir='ltr'>sume»</span> 
     </span>
     <span class='ocr_line' id='line_1_43' title="bbox 1216 2041 1891 2093; baseline -0.001 -13"><span class='ocrx_word' id='word_1_211' title='bbox 1216 2048 1322 2080; x_wconf 85' lang='lat' dir='ltr'>batur</span> <span class='ocrx_word' id='word_1_212' title='bbox 1348 2060 1415 2092; x_wconf 92' lang='lat' dir='ltr'>pro</span> <span class='ocrx_word' id='word_1_213' title='bbox 1446 2048 1522 2093; x_wconf 90' lang='lat' dir='ltr'>ipso</span> <span class='ocrx_word' id='word_1_214' title='bbox 1549 2047 1635 2082; x_wconf 82' lang='lat' dir='ltr'>mari</span> <span class='ocrx_word' id='word_1_215' title='bbox 1665 2041 1726 2091; x_wconf 85' lang='lat' dir='ltr'>(ut</span> <span class='ocrx_word' id='word_1_216' title='bbox 1752 2046 1891 2091; x_wconf 87' lang='lat' dir='ltr'>Jupiter</span> 
     </span>
     <span class='ocr_line' id='line_1_44' title="bbox 1216 2098 1891 2145; baseline 0 -13"><span class='ocrx_word' id='word_1_217' title='bbox 1216 2112 1281 2145; x_wconf 87' lang='lat' dir='ltr'>pro</span> <span class='ocrx_word' id='word_1_218' title='bbox 1303 2112 1380 2133; x_wconf 88' lang='lat' dir='ltr'>aere</span> <span class='ocrx_word' id='word_1_219' title='bbox 1404 2098 1589 2145; x_wconf 85' lang='lat' dir='ltr'>splendido</span> <span class='ocrx_word' id='word_1_220' title='bbox 1623 2107 1657 2132; x_wconf 89' lang='lat' dir='ltr'>et</span> <span class='ocrx_word' id='word_1_221' title='bbox 1685 2111 1832 2139; x_wconf 70' lang='grc' dir='ltr'>εει-οπο,</span> <span class='ocrx_word' id='word_1_222' title='bbox 1852 2108 1891 2132; x_wconf 89' lang='lat' dir='ltr'>ut</span> 
     </span>
     <span class='ocr_line' id='line_1_45' title="bbox 1218 2153 1889 2198; baseline 0.001 -14"><span class='ocrx_word' id='word_1_223' title='bbox 1218 2153 1376 2185; x_wconf 77' lang='lat' dir='ltr'>Minerva</span> <span class='ocrx_word' id='word_1_224' title='bbox 1395 2165 1460 2198; x_wconf 89' lang='lat' dir='ltr'>pro</span> <span class='ocrx_word' id='word_1_225' title='bbox 1477 2153 1563 2186; x_wconf 87' lang='lat' dir='ltr'>aeris</span> <span class='ocrx_word' id='word_1_226' title='bbox 1581 2160 1679 2198; x_wconf 89' lang='lat' dir='ltr'>parte</span> <span class='ocrx_word' id='word_1_227' title='bbox 1702 2164 1835 2185; x_wconf 87' lang='lat' dir='ltr'>summa</span> <span class='ocrx_word' id='word_1_228' title='bbox 1858 2161 1889 2185; x_wconf 84' lang='lat' dir='ltr'>et</span> 
     </span>
     <span class='ocr_line' id='line_1_46' title="bbox 1218 2204 1892 2251; baseline 0.001 -14"><span class='ocrx_word' id='word_1_229' title='bbox 1218 2204 1515 2250; x_wconf 85' lang='lat' dir='ltr'>splendidissima,</span> <span class='ocrx_word' id='word_1_230' title='bbox 1539 2213 1578 2238; x_wconf 91' lang='lat' dir='ltr'>ut</span> <span class='ocrx_word' id='word_1_231' title='bbox 1601 2206 1698 2239; x_wconf 89' lang='lat' dir='ltr'>Juno</span> <span class='ocrx_word' id='word_1_232' title='bbox 1717 2217 1782 2251; x_wconf 91' lang='lat' dir='ltr'>pro</span> <span class='ocrx_word' id='word_1_233' title='bbox 1804 2204 1892 2238; x_wconf 81' lang='lat' dir='ltr'>infe-</span> 
     </span>
     <span class='ocr_line' id='line_1_47' title="bbox 1218 2255 1892 2304; baseline 0 -14"><span class='ocrx_word' id='word_1_234' title='bbox 1218 2258 1312 2291; x_wconf 88' lang='lat' dir='ltr'>riore</span> <span class='ocrx_word' id='word_1_235' title='bbox 1345 2266 1378 2291; x_wconf 86' lang='lat' dir='ltr'>et</span> <span class='ocrx_word' id='word_1_236' title='bbox 1407 2258 1586 2292; x_wconf 86' lang='lat' dir='ltr'>crassiore.</span> <span class='ocrx_word' id='word_1_237' title='bbox 1614 2255 1711 2295; x_wconf 82' lang='lat' dir='ltr'>En.)</span> <span class='ocrx_word' id='word_1_238' title='bbox 1735 2257 1892 2304; x_wconf 69' lang='lat' dir='ltr'>Tethyos</span> 
     </span>
     <span class='ocr_line' id='line_1_48' title="bbox 1219 2310 1891 2345; baseline 0.001 -3"><span class='ocrx_word' id='word_1_239' title='bbox 1219 2323 1301 2343; x_wconf 80' lang='lat' dir='ltr'>vero</span> <span class='ocrx_word' id='word_1_240' title='bbox 1318 2311 1481 2344; x_wconf 87' lang='lat' dir='ltr'>maritum</span> <span class='ocrx_word' id='word_1_241' title='bbox 1505 2311 1683 2345; x_wconf 84' lang='lat' dir='ltr'>Oceanum</span> <span class='ocrx_word' id='word_1_242' title='bbox 1703 2310 1891 2344; x_wconf 83' lang='lat' dir='ltr'>fluviorum</span> 
     </span>
     <span class='ocr_line' id='line_1_49' title="bbox 1220 2363 1891 2409; baseline 0 -13"><span class='ocrx_word' id='word_1_243' title='bbox 1220 2363 1440 2409; x_wconf 88' lang='lat' dir='ltr'>fontiumque</span> <span class='ocrx_word' id='word_1_244' title='bbox 1461 2371 1596 2409; x_wconf 87' lang='lat' dir='ltr'>patrem</span> <span class='ocrx_word' id='word_1_245' title='bbox 1615 2364 1750 2409; x_wconf 82' lang='lat' dir='ltr'>fingunt</span> <span class='ocrx_word' id='word_1_246' title='bbox 1769 2371 1891 2409; x_wconf 78' lang='lat' dir='ltr'>poetae.</span> 
     </span>
     <span class='ocr_line' id='line_1_50' title="bbox 1220 2416 1892 2450; baseline 0 -2"><span class='ocrx_word' id='word_1_247' title='bbox 1220 2437 1270 2442; x_wconf 90' lang='lat'>——</span> <span class='ocrx_word' id='word_1_248' title='bbox 1291 2417 1444 2450; x_wconf 76' lang='lat' dir='ltr'>l&#39;iriclem.</span> <span class='ocrx_word' id='word_1_249' title='bbox 1473 2417 1560 2450; x_wconf 91' lang='lat' dir='ltr'>Nam</span> <span class='ocrx_word' id='word_1_250' title='bbox 1590 2416 1758 2450; x_wconf 82' lang='lat' dir='ltr'>caeruleus</span> <span class='ocrx_word' id='word_1_251' title='bbox 1789 2416 1892 2449; x_wconf 78' lang='lat' dir='ltr'>maris</span> 
     </span>
     <span class='ocr_line' id='line_1_51' title="bbox 1219 2468 1891 2504; baseline -0.003 -2"><span class='ocrx_word' id='word_1_252' title='bbox 1219 2470 1327 2504; x_wconf 78' lang='lat' dir='ltr'>color.</span> <span class='ocrx_word' id='word_1_253' title='bbox 1347 2478 1380 2503; x_wconf 79' lang='lat' dir='ltr'>et</span> <span class='ocrx_word' id='word_1_254' title='bbox 1409 2470 1480 2503; x_wconf 84' lang='lat' dir='ltr'>fere</span> <span class='ocrx_word' id='word_1_255' title='bbox 1499 2468 1631 2503; x_wconf 72' lang='lat' dir='ltr'>viridis.</span> <span class='ocrx_word' id='word_1_256' title='bbox 1655 2469 1698 2502; x_wconf 80' lang='lat' dir='ltr'>Et</span> <span class='ocrx_word' id='word_1_257' title='bbox 1721 2468 1769 2502; x_wconf 87' lang='lat' dir='ltr'>sic</span> <span class='ocrx_word' id='word_1_258' title='bbox 1793 2477 1891 2502; x_wconf 79' lang='lat' dir='ltr'>vocat</span> 
     </span>
     <span class='ocr_line' id='line_1_52' title="bbox 1220 2521 1892 2562; baseline -0.001 -8"><span class='ocrx_word' id='word_1_259' title='bbox 1220 2521 1404 2562; x_wconf 85' lang='lat' dir='ltr'>Horatius,</span> <span class='ocrx_word' id='word_1_260' title='bbox 1419 2521 1576 2555; x_wconf 88' lang='lat' dir='ltr'>Odarum</span> <span class='ocrx_word' id='word_1_261' title='bbox 1595 2523 1656 2555; x_wconf 92' lang='lat' dir='ltr'>lib.</span> <span class='ocrx_word' id='word_1_262' title='bbox 1674 2522 1872 2561; x_wconf 77' lang='lat' dir='ltr'>111‚xxvm</span> <span class='ocrx_word' id='word_1_263' title='bbox 1884 2547 1892 2559; x_wconf 80' lang='lat'>,</span> 
     </span>
     <span class='ocr_line' id='line_1_53' title="bbox 1226 2573 1891 2620; baseline -0.003 -13"><span class='ocrx_word' id='word_1_264' title='bbox 1226 2587 1287 2615; x_wconf 90' lang='grc' dir='ltr'>ιο;</span> <span class='ocrx_word' id='word_1_265' title='bbox 1309 2593 1321 2605; x_wconf 71' lang='grc' dir='ltr'>α</span> <span class='ocrx_word' id='word_1_266' title='bbox 1339 2576 1539 2620; x_wconf 72' lang='lat' dir='ltr'>Neptunum</span> <span class='ocrx_word' id='word_1_267' title='bbox 1551 2601 1559 2610; x_wconf 85' lang='grc'>,</span> <span class='ocrx_word' id='word_1_268' title='bbox 1573 2584 1605 2608; x_wconf 85' lang='lat' dir='ltr'>et</span> <span class='ocrx_word' id='word_1_269' title='bbox 1623 2573 1751 2607; x_wconf 80' lang='lat' dir='ltr'>virides</span> <span class='ocrx_word' id='word_1_270' title='bbox 1771 2574 1891 2606; x_wconf 75' lang='lat' dir='ltr'>Nerei-</span> 
     </span>
     <span class='ocr_line' id='line_1_54' title="bbox 1219 2626 1561 2662; baseline 0.003 -2"><span class='ocrx_word' id='word_1_271' title='bbox 1219 2626 1302 2661; x_wconf 82' lang='lat' dir='ltr'>‹lum</span> <span class='ocrx_word' id='word_1_272' title='bbox 1322 2641 1447 2662; x_wconf 75' lang='lat' dir='ltr'>conius.</span> <span class='ocrx_word' id='word_1_273' title='bbox 1466 2647 1478 2657; x_wconf 74' lang='lat'>»-</span> <span class='ocrx_word' id='word_1_274' title='bbox 1497 2629 1561 2661; x_wconf 82' lang='lat' dir='ltr'>En.</span> 
     </span>
    </p>

    <p class='ocr_par' dir='ltr' id='par_1_16' title="bbox 1274 2669 1890 2714">
     <span class='ocr_line' id='line_1_55' title="bbox 1274 2669 1890 2714; baseline -0.003 -1"><span class='ocrx_word' id='word_1_275' title='bbox 1274 2682 1305 2713; x_wconf 80' lang='lat'>3.</span> <span class='ocrx_word' id='word_1_276' title='bbox 1330 2669 1441 2714; x_wconf 67' lang='lat' dir='ltr'>Nuntii·</span> <span class='ocrx_word' id='word_1_277' title='bbox 1469 2681 1571 2713; x_wconf 66' lang='lat' dir='ltr'>colles.</span> <span class='ocrx_word' id='word_1_278' title='bbox 1599 2680 1807 2714; x_wconf 76' lang='lat' dir='ltr'>Sabinorum</span> <span class='ocrx_word' id='word_1_279' title='bbox 1838 2692 1890 2712; x_wconf 78' lang='lat' dir='ltr'>re·</span> 
     </span>
    </p>
   </div>
  </div>
 </body>
</html>
