1978 3305
357 246 939 290 EPIGRAMMATUM
977 245 1098 287 LIB.
1137 245 1223 287 IX.

1400 242 1498 304 399

241 332 504 377 Refibulavit
529 333 748 395 turgidum
775 333 894 377 faber
918 347 1072 392 penem
1089 367 1100 386 ‚

242 405 364 447 Nutu
394 413 596 447 vocatum
624 403 744 448 ducis
760 439 771 456 ‚
796 413 839 447 et
863 402 996 464 pudet
1020 401 1124 454 fari,

242 475 509 529 Catoniana,
533 473 734 527 Chreste,
759 473 874 533 quod
900 473 1004 517 facis
1028 471 1186 532 lingua.

156 622 192 642 12
202 637 209 643 .
229 609 417 655 Refibulavit
432 612 600 656 turgidum.
614 611 773 644 Fibulam

103 662 207 695 solvit
229 671 262 696 et
286 664 435 696 sustulit.
458 664 536 697 Lib.
553 664 643 704 VII,
663 663 772 708 epigr.

105 727 238 748 Lxxxu.

162 767 216 800 13.
235 768 340 800 Pudet
351 769 432 810 fari.
455 767 561 800 Jubet
582 779 637 800 me
658 766 777 811 pudor

104 827 215 853 tacere
243 819 329 865 quid
357 828 433 865 agat
460 820 578 864 lingua
603 828 683 856 tua,
710 832 774 864 qua

833 619 866 643 te
892 609 1065 654 profiteris
1093 610 1236 642 tertium
1264 610 1420 643 moribus
1436 609 1501 642 Ca-

833 662 1094 695 tonem.-—-Vel
1113 674 1180 706 qua
1200 661 1287 694 nihil
1302 674 1421 707 crepas
1436 663 1499 695 nisi

836 715 968 748 Catone
988 712 1105 758 digna.

893 770 950 805 14.
974 766 1068 799 Facis
1095 767 1214 809 lingua.
1241 767 1290 799 Ut
1310 774 1343 799 et
1366 767 1424 800 lib.
1452 767 1503 808 ΙΙ,

835 819 942 864 epigr.
963 830 1071 852 Lxxn.

681 965 928 1027 XXIX.

488 1116 851 1145 FPITAPHIUM
891 1093 1139 1143 LAT1N1.*

172 1237 337 1278 DULCE
359 1234 490 1278 decus
514 1250 678 1286 scenae,
705 1233 905 1277 ludorum
931 1233 1070 1286 fama,
1097 1234 1276 1277 Latinus

242 1303 320 1348 Ille
345 1320 427 1365 ego
454 1320 573 1359 sum,
601 1303 798 1365 plausus,
824 1302 1070 1364 deliciaeque
1094 1312 1178 1347 tuae
1206 1322 1213 1345 2

171 1375 259 1431 Qui
290 1384 579 1436 spectatorem
606 1374 727 1435 potui
753 1374 902 1418 fecisse
928 1375 1139 1417 Catonem
1156 1408 1167 1426 ‚

243 1444 420 1490 Solvere
448 1446 523 1505 qui
552 1445 708 1489 Curios
736 1444 1040 1504 Fabriciosque
1068 1459 1233 1504 graves.

171 1515 253 1558 Sed
280 1514 386 1559 nihil
414 1531 437 1558 a
470 1525 619 1559 nostro
646 1516 829 1575 sumpsit
856 1530 951 1557 mea
977 1515 1065 1558 vita
1094 1514 1285 1567 theatro,

173 1657 324 1704 Σκηνῆς
352 1654 519 1715 ἀγλαΐη,
548 1656 717 1713 Θυμέλης
745 1657 855 1706 κλέος
880 1650 980 1709 ἡδὺ,
1005 1659 1177 1705 Λατῖνος

245 1727 382 1774 Κεῖνος
408 1727 512 1786 ἐγὼ,
537 1727 603 1776 σὸς
635 1727 752 1785 ἔρως,
780 1722 898 1779 ξεῖνε,
928 1727 995 1776 σός
1022 1725 1101 1784 εἰμι
1132 1733 1293 1785 κρότος·

174 1784 230 1845 ὥς
257 1813 302 1838 τε
328 1795 505 1838 Κάτωνα
528 1797 651 1856 μέγαν
677 1801 800 1839 ποιεῖν
826 1796 973 1856 ἴσχυσα
998 1795 1159 1855 θεωρὸν,

243 1867 410 1925 Κούριον
432 1865 473 1915 ὃς
499 1860 673 1925 διαχεῖν,
696 1863 910 1925 Φαέρίκιόν
937 1868 973 1909 τ’
996 1864 1162 1927 σ’ίγελων.

174 1937 275 1977 Ο’)’τ’
298 1938 389 1994 ἐμὸς
414 1938 608 1996 ἡμετέρου
639 1936 721 1989 βίος
745 1931 858 1979 οὐδὲν
882 1937 1034 1995 ἀπηῦρε
1060 1936 1247 1996 θεάτρου,

154 2081 169 2094 ’
185 2085 348 2118 Latinum
370 2093 442 2117 arte
462 2085 600 2118 mimica
620 2086 775 2118 nobilem

104 2146 137 2170 et
150 2137 378 2171 immortalem
398 2136 518 2171 laudat
531 2150 549 2170 a
567 2150 710 2171 morum
727 2138 778 2171 in-

104 2191 263 2224 nocentia
277 2215 287 2230 ‚
304 2198 337 2224 et
363 2190 434 2223 vita
458 2191 582 2235 procul
601 2203 620 2224 a
641 2191 775 2224 scenica

105 2242 243 2276 licentia
257 2241 503 2276 distante.Vid.
512 2243 574 2276 lib.
582 2244 611 2285 Ι,
623 2244 733 2289 epigr.
742 2256 776 2278 v.

162 2307 193 2328 1.
209 2295 311 2328 Dulce
325 2295 427 2328 decus.
449 2295 471 2327 J
473 2307 527 2327 am
549 2297 585 2328 τὸ
606 2297 705 2329 dulcis
720 2305 778 2330 aut

105 2348 193 2380 dulce
211 2347 306 2381 hisce
315 2347 560 2388 verbis‚decus,
576 2349 695 2393 gloria,
711 2349 778 2382 fre-

105 2409 254 2445 quenter
271 2400 369 2445 jungi
388 2407 547 2433 notatum
568 2408 629 2433 est.
653 2401 774 2434 Horat.

106 2453 166 2485 lib.
184 2453 220 2493 Ι,
244 2451 302 2485 od.
322 2465 354 2493 1,
372 2463 424 2485 vs.
451 2464 469 2484 2
485 2477 495 2493 ,
515 2459 549 2485 et
573 2453 693 2487 Nostri
713 2453 774 2486 lib.

107 2506 197 2539 VIII
211 2530 222 2545 ‚
242 2505 354 2550 epigr.
370 2504 505 2538 ultimo.
524 2505 592 2537 En.

162 2558 352 2592 2.Plausus.
371 2557 426 2591 Sic
441 2557 502 2591 lib.
519 2557 569 2599 X,
582 2557 672 2603 epig.
688 2570 758 2591 L111
770 2584 778 2598 ‚

107 2610 151 2644 de
177 2611 329 2655 Scorpo;
354 2628 367 2639 «
383 2610 545 2655 plausus,
569 2612 699 2651 Roma,
727 2611 778 2643 tui

110 2662 313 2707 deliciaeque
326 2664 446 2696 breves
459 2680 489 2696 n.

892 2087 925 2119 3.
950 2087 1072 2118 Fecisse
1090 2086 1253 2120 Catonem.
1269 2086 1398 2118 Virum
1413 2098 1507 2118 nem-

836 2151 880 2184 pe
897 2139 1056 2171 omnium
1074 2138 1312 2184 gravissimum
1324 2163 1333 2178 ‚
1351 2150 1411 2171 seu
1425 2138 1504 2171 Uti-

837 2203 973 2224 censem
1004 2191 1174 2236 intelligas
1189 2216 1199 2231 ‚
1227 2203 1286 2224 seu
1315 2202 1504 2223 censorem.

837 2245 1030 2277 Recurrere
1047 2253 1096 2277 est
1113 2243 1156 2277 ad
1171 2244 1230 2276 lib.
1243 2244 1277 2284 Ι,
1297 2243 1459 2288 epigram.
1477 2255 1502 2275 1.

891 2300 926 2336 4.
941 2296 1067 2330 Solvere
1080 2300 1142 2342 qui.
1160 2296 1236 2329 Hoc
1250 2296 1433 2337 est‚risum
1450 2307 1505 2328 ex-

836 2348 942 2382 citare
956 2349 1072 2382 Curiis
1085 2357 1118 2381 et
1131 2348 1298 2382 Fabriciis
1309 2348 1392 2381 viris
1409 2360 1504 2382 seve-

835 2401 882 2433 ris
892 2427 900 2439 ,
915 2400 958 2434 de
968 2401 1095 2446 quibus
1104 2401 1241 2442 Livius,
1252 2408 1286 2434 et
1294 2401 1421 2447 passim
1433 2401 1502 2434 alii.

892 2454 924 2486 5.
943 2453 1008 2487 Sed
1023 2453 1104 2486 nihil
1113 2467 1132 2485 a
1143 2466 1234 2486 verso
1248 2454 1283 2486 in
1294 2455 1374 2488 Vat.
1387 2467 1396 2496 ;
1409 2452 1505 2487 unde

836 2507 970 2539 Beverl.
989 2506 1053 2551 legi
1076 2506 1200 2550 jussit:
1219 2506 1286 2540 Sed
1304 2507 1386 2540 nillil
1406 2520 1425 2539 a
1449 2519 1504 2538 ve·

837 2566 910 2592 stro.
950 2559 1111 2592 Nostram
1148 2559 1224 2592 lect.
1258 2559 1388 2593 habent
1424 2558 1503 2592 edd.

837 2619 921 2644 vett.
942 2633 991 2638 —-
1010 2611 1076 2645 Sed
1097 2612 1186 2645 nihil.
1214 2612 1289 2646 Hoc
1310 2621 1379 2653 est,
1408 2621 1504 2658 gestu

837 2663 979 2709 quidem
1008 2665 1153 2698 lascivus
1180 2665 1228 2698 fui
1243 2691 1252 2707 ,
1283 2674 1316 2699 at
1352 2665 1506 2699 moribus
