1978 3305
342 238 929 283 EPIGRAMMATUM
967 241 1091 283 LIB.
1131 242 1216 283 IX.

1385 243 1483 302 400

223 323 322 367 Non
347 340 429 385 ego
458 325 576 385 quod
606 327 772 386 poscis,
804 342 871 370 res
902 336 1031 388 negat
1062 328 1155 388 ipsa
1185 328 1273 371 tibi.

151 396 296 438 Caesar
325 394 457 438 habet
486 405 634 439 noster
663 395 820 440 similes
849 397 926 440 tibi
958 396 1075 441 mille
1106 398 1350 455 ministros,

219 466 445 526 Tantaque
469 465 658 510 sidereos
687 467 760 510 vix
790 468 906 528 capit
934 467 1031 510 aula
1060 484 1216 512 mares.

150 535 207 576 At
231 534 309 577 tibi
338 535 373 578 si
401 534 568 579 dederit
595 535 742 580 vultus
772 553 898 580 coma
930 547 1054 582 tonsa
1084 537 1251 592 viriles,

221 604 331 661 Quis
355 605 488 661 mihi,
510 607 583 666 qui
607 616 758 650 nectar
786 609 987 662 misceat,
1012 607 1121 651 alter
1146 608 1256 651 erit?

219 726 398 770 Φίλτατε
423 734 515 780 παῖ,
543 728 618 779 τὰς
643 728 735 783 σὰς,
766 732 864 773 αὐτὸ
896 724 941 784 δὲ
969 734 1160 790 πρᾶγμα,
1191 732 1320 781 λιτάς.

151 796 378 856 Νηρίθμους
404 797 651 857 θεράποντας
679 801 760 859 ἔχει
789 801 851 842 σοὶ
876 802 1033 860 Καῖσαρ
1063 800 1243 858 ὁμοίους,

218 867 302 909 Καὶ
332 868 450 911 τόσον
475 871 519 911 οὐ
550 864 653 928 χάδε
681 865 786 930 δῶμ’
815 867 977 930 ἄῤῥενας
1005 870 1191 921 ἰσοθέους.

151 929 253 979 Ᾱλλ’
276 936 321 984 ἥν
349 939 386 980 ε’
412 933 540 998 ἄνδρα
568 940 671 1000 κόμη
696 948 791 1000 ποιῇ
822 940 1019 1000 τμηθεῖσα
1044 943 1210 995 τέλειον,

221 1007 291 1057 Τίς
322 1001 369 1050 δέ
394 1026 463 1068 μοι
492 1011 537 1052 ἐκ
564 1012 719 1053 τῡύτων
749 1012 909 1054 ἔσσεται
939 1011 1138 1070 οἰνοχόος;

83 1128 129 1160 his
142 1155 149 1168 ,
165 1133 222 1162 ait.
241 1129 363 1164 Codex
384 1132 571 1166 Pulmanni
593 1134 675 1179 legit
694 1135 753 1167 ita.

137 1184 170 1215 8.
190 1182 266 1215 Non
283 1196 364 1228 nego
381 1185 462 1230 legit
477 1187 588 1220 Janus
606 1188 756 1232 Rutger·

82 1234 163 1268 sius.
186 1236 247 1268 Res
266 1244 357 1268 vetat
378 1237 586 1273 Beverlandi
607 1240 681 1274 MS.
706 1261 755 1265 —

83 1287 145 1319 Res
167 1281 341 1330 (subaud.
360 1285 444 1333 sed)
466 1301 563 1336 negat
583 1295 649 1338 {vsa
676 1293 755 1331 tibc';

83 1338 118 1372 id
142 1349 210 1380 est,
228 1341 303 1386 ipsa
326 1344 506 1377 necessitas
524 1357 531 1377 :
552 1346 754 1379 Domitiano

83 1392 177 1426 enim
210 1406 282 1427 non
319 1394 447 1429 desunt
484 1397 541 1430 alii
575 1399 696 1443 pueri,
723 1406 756 1431 et

92 1445 233 1490 quidem
263 1447 388 1482 siderei
411 1463 472 1483 seu
495 1451 756 1492 formosissimi,

85 1507 120 1531 et
141 1498 236 1545 digni
257 1501 320 1547 qui
343 1502 379 1535 in
401 1504 524 1537 caelum
544 1505 756 1537 evehantur:

85 1560 119 1584 at
132 1565 213 1586 vero
225 1566 288 1599 ego
299 1580 308 1595 ‚
320 1553 432 1600 inquit
445 1557 462 1588 J
471 1556 598 1602 upiter,
611 1558 758 1590 alterum

814 1135 1018 1180 pincernam
1037 1147 1109 1167 non
1126 1134 1301 1167 inveniam
1313 1160 1323 1176 ,
1339 1134 1367 1167 si
1384 1134 1492 1167 tonsis

815 1187 946 1233 capillis
961 1187 1014 1220 vir
1028 1188 1138 1220 factus
1161 1187 1279 1220 fueris.

874 1253 929 1273 10.
944 1240 1009 1272 Vir
1022 1243 1119 1285 capit,
1136 1249 1199 1273 etc.
1217 1241 1353 1273 Tantus
1368 1252 1490 1272 eorum

815 1305 984 1326 numerus
1008 1301 1068 1326 est.

873 1358 930 1379 12.
957 1347 1023 1389 Qui
1046 1353 1152 1377 nectar
1175 1348 1311 1378 misceat.
1339 1345 1492 1390 Antiqua

816 1400 927 1443 φράσις
939 1423 948 1437 a
969 1406 1002 1431 et
1017 1411 1058 1431 ex
1076 1410 1174 1431 more
1189 1398 1343 1443 antiquo.
1360 1398 1494 1431 Miscere

816 1451 1020 1496 simpliciter
1027 1453 1124 1494 χέειν,
1135 1463 1224 1497 saepe
1235 1450 1331 1495 apud
1338 1451 1488 1484 Martial.

815 1504 898 1537 Juv.
911 1504 981 1538 Sat.
999 1517 1031 1545 v,
1044 1506 1064 1538 6
1075 1517 1087 1537 1
1097 1531 1104 1537 .
1122 1504 1264 1537 «Nescit
1273 1513 1324 1537 tot
1336 1504 1492 1537 millibus

818 1565 958 1603 emptus
979 1557 1194 1603 Pauperibus
1213 1559 1337 1589 miscere
1354 1569 1453 1603 puer.
1477 1574 1488 1585 »ι

605 1674 976 1730 XXXVIII.

627 1820 681 1847 IN
722 1820 963 1848 GALLAu.

158 1945 309 2001 QUUM
334 1945 390 1988 sis
415 1946 506 2004 ipsa
531 1944 672 1999 domi,
700 1944 927 2005 inediaque
958 1961 1114 1988 ornere
1143 1945 1362 1999 Saburra,

227 2016 352 2057 Fiant
380 2013 580 2058 absentes
610 2023 655 2058 et
683 2015 783 2071 tibi,
809 2014 960 2069 Galla,
992 2032 1154 2071 comae;

158 2085 252 2128 Nec
282 2084 433 2128 dentes
460 2083 609 2139 aliter⁷
640 2101 769 2146 quam
803 2087 972 2139 Serica,
1000 2095 1129 2130 nocte
1161 2101 1372 2146 reponas,

147 2231 177 2252 1.
200 2219 368 2264 Mediaque
388 2231 496 2251 ornere
515 2218 669 2252 Saburra.
685 2219 761 2251 Me·-

87 2271 318 2306 dicaminibus
338 2280 372 2304 et
387 2271 476 2305 fucis
496 2283 573 2316 quae
592 2279 763 2316 petuntur

89 2334 205 2370 empta
224 2336 265 2357 ex
279 2323 392 2357 media
415 2324 587 2363 Suburra,
605 2324 682 2357 vico
704 2337 761 2356 ro·

88 2390 194 2411 mano
213 2377 421 2422 percelebri.

146 2444 178 2463 2.
197 2430 350 2464 Absentes
365 2438 395 2462 et
410 2429 487 2468 tibi,
508 2437 574 2462 etc.
591 2429 739 2462 Fictitiae
752 2455 761 2469 ,

88 2484 278 2524 accersitae,
295 2481 483 2516 caliendra.

144 2539 178 2572 3.
194 2538 299 2581 Quam
311 2549 380 2569 sera
396 2543 484 2568 nocte
500 2535 687 2567 Pulmauni
705 2547 763 2567 co-

89 2594 167 2627 dex.
185 2613 236 2617 -
249 2590 317 2623 Nec
332 2590 437 2623 dentes
455 2589 559 2628 aliter,
579 2595 645 2621 etc.
662 2588 706 2620 Et
723 2599 763 2619 ex

90 2658 166 2679 osse
193 2644 245 2678 vel
270 2644 374 2676 ebore
395 2641 544 2675 factitios
564 2640 688 2674 dentes
709 2652 763 2672 re-

821 2231 930 2264 ponas
956 2227 1082 2259 noctu‚
1105 2218 1228 2251 eodem
1247 2226 1405 2262 tempore
1424 2231 1497 2264 quo

821 2280 932 2304 vestes
954 2272 1088 2304 sericas.
1105 2292 1155 2296 —
1174 2272 1278 2314 Quam
1298 2270 1418 2304 Serica.
1439 2272 1499 2305 Se-

821 2325 901 2357 ricae
927 2332 1038 2357 vestes
1063 2323 1232 2356 matronis
1259 2324 1440 2368 placuere,
1469 2333 1503 2358 et

822 2377 998 2422 praecipue
1015 2376 1182 2409 matronis
1197 2387 1215 2408 e
1226 2376 1374 2409 Veneris
1385 2389 1499 2423 grege.

823 2429 924 2463 Clare
943 2430 1087 2469 Seneca,
1098 2427 1141 2461 de
1153 2429 1337 2462 Beneficiis
1359 2441 1433 2475 cap.
1459 2444 1478 2474 9
1493 2443 1500 2464 ε

828 2499 841 2511 n
858 2481 974 2515 Video
1007 2481 1140 2515 Sericas
1166 2490 1298 2522 vestes,
1329 2483 1357 2515 si
1390 2492 1501 2517 vestes

824 2533 988 2568 vocandae
1003 2543 1102 2574 sunt,
1124 2535 1158 2567 iu
1176 2534 1302 2581 quibus
1321 2535 1410 2568 nihil
1429 2545 1498 2572 est.

824 2601 894 2632 quo
917 2586 1059 2620 defendi
1079 2596 1137 2620 aut
1155 2600 1300 2632 corpus,
1323 2597 1381 2621 aut
1405 2588 1505 2622 deni-

825 2653 893 2685 que
922 2640 1037 2686 pudor
1065 2641 1172 2685 possit
1190 2659 1204 2670 ιι
1221 2665 1231 2680 ,
1250 2649 1314 2674 etc.
1339 2642 1504 2675 Vestibus
