1978 3305
492 239 582 283 118

850 237 912 279 M.
940 237 1080 280 VAL.
1119 237 1512 279 MARTIALIS

619 325 697 368 Vis
725 334 768 368 te
794 339 1062 384 purpureum
1077 357 1088 377 ,
1111 324 1284 377 Marce,
1309 331 1482 383 sagatus
1507 321 1680 365 amem?

550 396 611 439 Ut
635 404 833 455 praestem
859 392 1071 454 Pyladen,
1101 392 1252 453 aliquis
1283 392 1390 435 mihi
1419 401 1593 452 praestet
1616 392 1832 435 Orestem.

619 467 715 508 Hoc
744 480 832 507 non
863 462 912 506 fit
939 462 1105 519 verbis,
1129 464 1279 506 Marce
1302 479 1310 505 :
1336 471 1386 505 ut
1413 462 1592 515 ameris,
1617 477 1726 505 ama.
1850 489 1881 503 ω

480 616 563 649 gum
580 601 754 636 Gallicum
771 600 946 634 crassioris
966 608 1039 633 erat
1053 599 1149 641 vi11i;

478 655 557 689 vide
571 655 631 688 lib.
648 655 713 695 IV,
731 653 842 699 epigr.
859 665 937 694 ΧΙΧ,
951 665 1003 686 vs.
1018 665 1049 686 1.
1066 652 1149 685 Pin-

476 709 616 754 guiores
650 706 746 740 enim
782 706 1033 751 crassioresque
1066 705 1150 738 olim

476 769 589 794 vestes
611 773 630 793 a
663 759 855 793 textoribus
881 758 1001 792 Gallis.
1021 759 1148 792 Juven.

476 822 538 847 sat.
557 825 593 846 1x
605 825 670 853 ‚vs.
694 813 737 845 28
755 823 762 845 :
778 812 949 857 «Pingues
959 809 1150 856 aliquando

475 867 628 900 lacernas
643 890 652 907 ,
682 865 901 898 munimenta
923 872 1010 908 togae
1025 888 1034 902 ,
1067 862 1150 896 duri

475 918 647 964 crassique
663 918 789 951 coloris
799 943 809 958 ‚
821 917 864 949 Et
873 917 961 950 male
971 927 1149 961 percussas

475 971 618 1005 textoris
638 970 778 1016 pectine
796 969 887 1003 Galli
903 969 1111 1013 Accipimus.
1130 985 1143 998 n

474 1025 544 1057 Has
563 1024 702 1067 παχείαις
720 1022 806 1056 dicit
823 1023 842 1055 J
847 1022 999 1055 uvenalis
1015 1023 1149 1066 pingues

476 1078 630 1110 lacernas.

531 1131 564 1164 8.
579 1129 719 1174 Sagatus
736 1140 843 1160 amem.
865 1126 978 1160 Dixit:
1000 1126 1056 1159 Me
1072 1128 1146 1170 pin-

1208 600 1280 643 guis
1290 598 1403 633 Gallia
1415 601 1521 632 vestit.
1532 598 1658 644 Sagum
1672 608 1787 632 autem
1802 598 1883 631 Gal-

1209 653 1315 685 licum
1335 659 1408 685 erat
1426 665 1435 694 ;
1455 652 1540 696 quin
1553 660 1587 685 et
1602 652 1716 696 ipsum
1729 662 1858 683 nornen
1873 676 1883 693 ,

1209 704 1236 737 si
1255 703 1431 738 credimus
1448 703 1584 738 Isidoro
1602 716 1610 737 :
1629 702 1688 738 sed
1706 711 1739 736 et
1761 703 1883 749 Hispa-

1211 757 1341 791 nicum.

1267 822 1320 843 10.
1342 810 1451 843 Marce
1464 837 1472 849 ,
1497 818 1530 842 ιιι
1550 812 1662 842 ameris
1675 836 1684 849 ‚
1706 821 1789 841 ama.
1808 809 1880 841 Ve-

1209 875 1286 895 rum
1318 871 1555 908 praeceptum,
1590 870 1624 895 et
1654 874 1673 895 e
1698 860 1879 906 sapientiae

1209 915 1379 948 fontibus.
1395 915 1524 948 Seneca
1540 915 1640 961 epist.
1661 927 1681 958 ¹.)
1696 925 1703 947 ε
1720 914 1876 946 Hecaton

1209 968 1280 1005 ait:
1302 983 1314 995 π
1334 968 1407 1012 Ego
1435 968 1498 1001 tibi
1522 967 1726 1000 monstrabo
1748 974 1879 999 amato-

1207 1020 1298 1052 rium
1313 1045 1322 1061 ,
1340 1021 1414 1053 siue
1430 1019 1684 1054 medicamento
1696 1045 1704 1060 ,
1715 1019 1788 1052 sine
1801 1019 1880 1051 hei·-

1207 1073 1270 1114 ba,
1291 1074 1363 1106 sine
1385 1073 1490 1105 uilius
1512 1072 1674 1107 veneficae
1700 1071 1879 1105 carmine:

1208 1124 1242 1158 Si
1262 1125 1313 1158 vis
1330 1125 1456 1167 amari,
1473 1138 1561 1159 ama.
1587 1144 1600 1156 »

1103 1262 1250 1317 XII.

1000 1418 1065 1445 DE
1105 1417 1357 1445 FABULLA.

608 1545 632 1587 J
639 1559 762 1587 tumr
787 1541 965 1603 capillos
993 1558 1085 1585 esse
1101 1577 1112 1597 ,
1136 1558 1246 1602 quos
1272 1542 1399 1597 emit,
1426 1559 1526 1586 suos

609 1611 787 1656 Fabulla
812 1629 820 1656 :
852 1612 1090 1673 numquid,
1116 1611 1288 1667 Paulle‚
1318 1612 1515 1673 pejerat?
1539 1630 1663 1675 nego.

525 1763 552 1784 1.
573 1751 679 1783 Jurat.
693 1749 802 1783 Ludit
818 1750 854 1783 in
871 1750 936 1784 hac
954 1762 1039 1783 voce
1054 1763 1135 1783 suos.

467 1805 588 1836 Meum
609 1804 703 1836 enim
722 1811 774 1837 est
792 1802 889 1848 quod
911 1803 997 1835 mihi
1016 1812 1139 1836 natura

467 1856 612 1897 tribuit,
630 1857 685 1890 vel
707 1855 802 1901 quod
822 1857 864 1889 ab
884 1856 950 1888 alio
967 1857 1046 1889 emi.
1059 1856 1136 1889 Lib.

467 1910 483 1941 I
494 1934 504 1950 ‚
521 1910 629 1955 epigr.
641 1922 726 1951 xxx3
738 1918 771 1942 et
782 1909 817 1941 II
826 1933 836 1948 ,
854 1920 912 1941 xx:
925 1909 1032 1942 “Nam
1043 1908 1138 1954 quod

467 1974 582 2004 emas,
600 1962 713 2007 possis
741 1961 857 1994 dicere
883 1963 961 2007 jure
986 1969 1098 1994 tuum.
1121 1979 1134 1991 »

465 2013 571 2048 Unde
601 2014 744 2048 Fabulla
775 2026 838 2048 nec
870 2013 1116 2060 jusjurandum
1130 2039 1139 2055 ,

464 2079 529 2102 nec
549 2067 656 2100 fidem
677 2067 889 2113 negligebat,
905 2067 987 2100 licet
1006 2067 1119 2101 crines
1131 2093 1140 2107 ‚

464 2133 536 2153 non
556 2120 693 2154 nativos
705 2146 714 2162 ,
733 2133 813 2154 suos
831 2133 903 2154 esse
917 2119 1059 2153 diceret.

522 2186 553 2206 a.
570 2172 637 2207 Ed.
660 2173 768 2219 antiq.
795 2173 928 2206 Ferrar.
947 2185 1003 2206 an.
1029 2177 1096 2217 147
1109 2186 1136 2211 1,

463 2224 544 2259 Ald.
560 2227 663 2259 Junt.
689 2226 803 2260 Colin.
824 2226 962 2272 Grypli.
981 2234 1046 2259 etc.
1073 2226 1139 2258 Fa-

464 2278 550 2310 bulla
565 2292 576 2312 .·
596 2279 750 2325 numquid
759 2306 766 2318 ,
791 2279 894 2312 Paule
907 2306 914 2318 ‚
930 2281 1077 2324 pejerat?
1096 2279 1135 2311 ln

463 2331 537 2364 aliis
553 2344 560 2364 ζ
580 2333 721 2365 Fabulla
733 2345 744 2365 .·
760 2332 910 2377 nmnqm'd
923 2334 1004 2377 ipsa,
1020 2332 1133 2369 Paule,

458 2385 606 2427 luserat?
624 2385 676 2417 vel
690 2411 698 2425 ‚
718 2385 855 2419 Fabulle
868 2399 879 2418 .·
898 2385 1049 2431 numquid
1060 2385 1115 2417 illa
1128 2413 1133 2421 ,

1198 1750 1318 1790 Paule,
1331 1751 1474 1795 pejerat?
1487 1751 1638 1785 Versum
1650 1777 1660 1793 ,
1680 1762 1716 1785 ut
1734 1754 1874 1787 exhibe-

1198 1811 1258 1836 tur
1281 1802 1364 1837 edit.
1391 1805 1566 1837 veteribus
1596 1805 1789 1840 claudicare
1805 1808 1874 1852 jam

1198 1854 1358 1889 viderant
1389 1856 1560 1890 Gruterus
1587 1858 1849 1904 Scriveriusque
1866 1887 1876 1901 ,

1199 1921 1352 1953 quorum
1381 1909 1459 1950 hic,
1496 1918 1660 1956 tanquam
1693 1913 1874 1957 spurium,

1199 1960 1385 1995 damnabat
1401 1962 1468 1996 hoc
1488 1963 1709 2008 epigramma.
1727 1964 1873 2011 Supple-

1198 2014 1257 2047 bat
1290 2023 1404 2047 tamen
1437 2028 1517 2060 nego
1550 2029 1569 2050 e
1604 2016 1743 2051 duobus
1774 2018 1870 2051 codi—

1199 2066 1310 2100 cibus.
1333 2067 1431 2100 «Nec
1463 2068 1685 2104 incommode
1718 2071 1871 2116 legeres:

1200 2120 1339 2152 Fabulla
1351 2133 1362 2153 .·
1383 2122 1532 2166 numquid
1543 2149 1550 2161 ,
1575 2123 1678 2155 Paule
1691 2150 1699 2163 ,
1720 2125 1841 2168 pejerat
1855 2130 1874 2156 :²

1200 2186 1290 2217 rogo.
1318 2172 1425 2213 Quod
1449 2175 1595 2208 verbum
1618 2176 1652 2208 in
1677 2176 1869 2210 istiusmodi

1201 2226 1472 2270 interrogatione
1492 2229 1760 2273 perfrequenter
1776 2229 1872 2263 addit

1199 2279 1384 2319 Nalm-ius3
1414 2287 1451 2312 ut
1476 2281 1586 2314 cuivis
1606 2282 1677 2315 haec
1698 2283 1868 2328 epigram-

1198 2340 1285 2364 mata
1317 2332 1467 2365 volventi
1501 2335 1631 2368 centies
1656 2345 1827 2369 occurret.
1846 2354 1858 2364 u

1198 2386 1278 2418 All(-
1298 2385 1336 2417 tle
1361 2386 1460 2430 lino-r.
