1978 3305
467 237 563 283 566

834 240 895 282 Μ.
922 238 1062 280 VAL.
1101 237 1494 281 MARTIALIS

603 327 810 384 Pictaque
840 324 1080 384 pampineis
1104 322 1261 366 videris
1286 338 1390 365 arva
1410 324 1546 383 jugis,

535 395 683 440 Perfer
714 395 918 437 Atestinae
940 393 1135 437 nondum
1167 392 1341 453 vulgata
1372 393 1541 437 Sabinae

607 466 841 519 Carmina,
867 479 1084 524 purpurea
1112 463 1186 507 sed
1216 463 1348 507 modo
1374 473 1469 507 suta
1496 473 1610 525 toga.

539 538 602 579 Ut
624 551 722 579 rosa
745 534 952 589 delectat,
978 535 1154 577 metitur
1175 550 1270 593 quae
1299 533 1455 594 pollice
1479 535 1620 594 primo
1636 570 1647 588 ,

609 608 678 650 Sic
699 621 811 648 nova
827 641 838 662 ,
863 621 943 648 nec
962 614 1108 647 mento
1129 603 1301 648 sordida
1324 604 1473 648 charta
1494 604 1629 664 juvat.

470 745 638 780 lius-vid.
653 757 793 790 quoque
808 745 884 778 Liv.
900 745 959 777 lib.
979 745 995 776 I
1008 768 1017 783 ‚
1040 759 1049 776 ι
1060 770 1068 785 ,
1087 744 1146 776 ubi

473 797 640 832 describit
652 797 832 844 quomodo
844 799 1003 830 Antenor
1020 796 1148 842 fugarit

474 851 622 898 populos
630 851 689 896 qui
699 851 771 884 illas
781 859 888 884 terras
897 850 1071 883 tenebant.
1085 850 1149 881 He-

475 905 615 937 licaonis.
630 904 700 944 Qui
718 904 782 937 fuit
801 903 894 936 filius
905 902 1089 935 Antenoris
1106 929 1113 943 ‚
1132 914 1149 934 a

475 969 545 1003 quo
564 956 746 990 conditum
767 956 832 989 fuit
851 955 1042 989 Patavium.

530 1010 562 1043 3.
582 1010 709 1052 Praefhr
726 1009 802 1042 MS.
821 1008 955 1041 Beverl.

533 1067 567 1103 4.
582 1062 619 1095 Si
633 1062 724 1095 modo
738 1063 803 1094 luta
817 1062 949 1094 Beverl.
968 1062 1062 1094 Culta
1075 1060 1149 1094 MS.

479 1115 663 1148 Pulmann.
685 1123 719 1148 et
736 1113 816 1148 edd.
833 1115 980 1147 Farnab.
1002 1122 1035 1148 et
1051 1114 1151 1147 Bm-b.

479 1191 531 1195 -—
545 1169 708 1213 Purpurea
728 1168 795 1204 sed.
815 1166 980 1201 etc.Vide
998 1167 1058 1200 lib.
1079 1167 1131 1199 ΠῘ
1144 1192 1152 1207 ,

481 1222 592 1266 epigr.
614 1233 666 1262 11,
694 1234 747 1262 10,
770 1221 829 1253 ubi
852 1221 981 1253 librum
1005 1219 1154 1265 alloqui-

481 1282 539 1307 tur
568 1275 700 1309 Poeta:
727 1274 797 1306 «Et
824 1282 857 1306 te
892 1285 1048 1319 purpura
1069 1272 1155 1306 deli-

1206 752 1277 777 cata
1290 744 1391 777 velet.
1403 761 1415 773 n
1423 744 1467 777 Et
1477 744 1538 777 lib.
1550 744 1600 776 XI
1612 769 1621 784 ‚
1631 744 1721 789 epig.
1737 755 1749 776 1
1761 769 1769 784 ‚
1781 756 1828 776 vs.
1846 758 1878 776 2.

1263 797 1295 830 5.
1316 796 1450 830 Metitur
1468 810 1548 843 quoe.
1568 797 1672 829 Tunc
1690 796 1782 829 enim
1798 796 1880 842 pul-

1207 849 1397 890 cherrima3
1415 849 1476 883 sed
1491 849 1588 883 brevi
1603 849 1765 882 manibus
1782 857 1883 882 attre-

1208 911 1297 935 ctata
1318 903 1507 936 marcescit.

1263 957 1296 988 6.
1323 956 1438 988 Merito
1454 967 1519 1001 pro
1538 963 1638 987 mento
1660 953 1737 988 cod.
1756 955 1882 988 Bever-

1209 1007 1328 1049 laudi,
1355 1009 1416 1054 qui
1437 1020 1500 1041 nos
1521 1006 1641 1053 dirigit
1660 1006 1703 1040 ad
1723 1007 1883 1041 Solinum

1210 1061 1350 1094 Salmas.
1367 1082 1418 1087 -—
1434 1061 1502 1094 Nec
1524 1069 1624 1093 mento
1645 1060 1784 1093 sordida.
1808 1059 1884 1092 Hoc

1213 1122 1278 1153 cst,
1306 1126 1384 1159 quae
1404 1113 1565 1147 nondum
1580 1113 1789 1147 hasiantium
1810 1113 1886 1145 bar-

1212 1168 1255 1200 ba
1272 1167 1359 1200 facta
1378 1175 1429 1200 est
1451 1165 1600 1200 sordida.
1617 1165 1701 1199 Vid.
1719 1165 1886 1211 supr.lib.

1213 1222 1230 1253 I
1244 1246 1252 1262 ‚
1278 1220 1385 1265 epigr.
1409 1232 1518 1261 mvn,
1540 1232 1588 1253 vs.
1609 1221 1676 1253 82«
1695 1219 1781 1261 Quae
1806 1218 1887 1252 trita

1216 1271 1308 1306 duro
1326 1286 1397 1307 non
1418 1273 1593 1307 inhorruit
1609 1281 1738 1306 mento.
1764 1290 1775 1300 u

1074 1414 1303 1469 XCIV.

837 1563 872 1590 M
887 1562 1165 1591 UNUSCULU
1180 1563 1216 1590 M
1256 1561 1540 1590 POMORUM.

557 1689 664 1731 NON
691 1703 787 1730 mea
807 1685 1021 1746 Massylus
1043 1696 1186 1729 servat
1206 1686 1401 1746 pomaria
1419 1701 1616 1745 serpeus,

630 1758 791 1818 Regius
816 1756 986 1801 Alcinoi
1012 1774 1092 1800 nec
1116 1756 1222 1800 mihi
1246 1757 1378 1800 servit
1401 1771 1528 1817 ager3

562 1828 646 1872 sed
672 1828 949 1872 Nomentana
972 1844 1149 1871 securus
1171 1828 1386 1888 germinat
1412 1826 1566 1870 hortus

631 1899 823 1955 Arbore,
848 1915 928 1942 nec
952 1898 1093 1942 furem
1124 1897 1329 1959 plumbea
1354 1896 1467 1941 mala
1490 1898 1655 1940 tinient.

563 1971 666 2013 Haec
690 1971 842 2030 igitur,
870 1969 1011 2012 media
1035 1985 1131 2030 quae
1156 1978 1256 2013 sunt
1282 1968 1387 2012 mihi
1412 1977 1514 2011 nata
1537 1967 1754 2021 Suburm,

632 2040 869 2096 Mittimus,
899 2040 1108 2083 Autumni
1139 2055 1263 2083 cerea
1293 2055 1422 2099 poma
1454 2040 1549 2082 mei.

554 2193 583 2213 1.
615 2181 689 2214 ivon
711 2181 786 2212 milti
807 2179 887 2213 cod.
916 2180 1100 2212 Pulmann.
1118 2200 1170 2205 —-

496 2234 570 2267 Νοη
593 2247 660 2266 mea
687 2233 857 2279 Blasqylm.
886 2234 938 2266 De
967 2234 1077 2266 aureis
1100 2232 1170 2265 He-

496 2285 674 2332 speridum
694 2286 806 2319 hortis
828 2286 863 2319 in
883 2286 1044 2331 Massylia
1064 2298 1081 2318 a
1099 2298 1170 2318 ser-

497 2348 601 2385 pente
634 2339 816 2372 cusloditis
848 2339 979 2384 egimus
1010 2339 1072 2372 lib.
1103 2339 1168 2372 IX..

496 2392 605 2437 epigr.
628 2405 698 2433 cn,
718 2400 751 2424 et
779 2393 840 2426 lib.
861 2393 926 2432 IV,
943 2393 1050 2438 epigr.
1078 2404 1171 2430 μιν,

499 2446 556 2478 ubi
568 2454 601 2478 et
614 2445 658 2478 ‹le
671 2446 781 2479 hortis
792 2445 949 2486 Alcinoi;
967 2453 1000 2478 et
1015 2445 1073 2478 lib.
1089 2445 1170 2484 VH„

497 2499 606 2544 epigr.
629 2511 716 2532 xul.

553 2554 585 2584 3.
607 2552 673 2584 Sed
698 2553 908 2584 Nomentana.
929 2552 1006 2583 Jain
1033 2550 1076 2584 de
1097 2551 1164 2584 No·

499 2612 664 2637 ment-'ino
681 2618 743 2638 suo
759 2604 891 2651 praedio
906 2605 974 2649 egit
985 2605 1092 2637 Poeta
1107 2604 1168 2636 lib.

500 2659 563 2697 Vl,
577 2659 683 2703 epigr.
695 2670 753 2691 xm
763 2670 803 2699 n,
815 2659 847 2691 in
863 2671 932 2703 quo
945 2670 1047 2703 poma
1061 2658 1170 2703 plum-

1231 2179 1312 2218 bea,
1330 2179 1397 2211 hoc
1413 2186 1483 2219 est,
1501 2178 1626 2211 viliaet
1641 2177 1786 2210 immitia
1799 2203 1808 2217 ‚
1831 2184 1904 2209 luta

1231 2239 1333 2265 erant
1350 2244 1367 2264 a
1387 2231 1534 2264 furibus.

1287 2285 1320 2318 5.
1337 2284 1436 2318 Modo
1454 2292 1529 2316 nata
1545 2283 1703 2316 Puliuan.
1721 2295 1803 2316 cum
1824 2280 1904 2315 edd.

1231 2337 1405 2371 Sclirevel.
1425 2337 1538 2370 Mam.
1561 2344 1594 2369 ct
1615 2336 1714 2369 Bar-l».
1731 2356 1782 2361 ——-
1798 2335 1906 2368 Media

1233 2392 1308 2424 milei
1329 2399 1406 2423 nata
1427 2390 1579 2423 Saburra.
1601 2389 1676 2422 Hoc
1698 2397 1768 2429 est,
1791 2396 1907 2433 empta

1234 2444 1542 2477 R0n1ae:5ubnrra
1562 2442 1695 2488 quippe
1717 2442 1815 2475 vicus
1836 2449 1907 2473 erat

1232 2498 1292 2530 ubi
1324 2510 1428 2543 poma
1451 2505 1485 2529 et
1514 2496 1628 2529 herba:
1654 2494 1905 2528 vendebantur.

1285 2554 1319 2583 (i.
1342 2551 1507 2583 Autamm’.
1532 2548 1572 2581 ld
1601 2557 1650 2581 est
1682 2557 1812 2581 matura
1837 2549 1907 2579 Au-

1232 2604 1342 2636 tumni
1363 2612 1543 2648 temporeg
1562 2602 1615 2635 vel
1633 2602 1747 2647 potius
1767 2603 1907 2632 autumni

1231 2659 1289 2690 mvi
1309 2656 1462 2690 dicerem
1475 2681 1484 2692 ,
1504 2656 1541 2687 de
1562 2668 1610 2686 mu
1635 2655 1760 2686 1·‹·'c0l!‹·.
