1978 3305
362 224 945 269 EPIGRAMMATUM
984 224 1107 265 LIB.
1132 224 1276 266 VIII.
1425 222 1521 268 305

186 314 382 359 Narrasti
407 311 537 367 nihil,
560 312 725 372 inquis,
747 321 791 355 et
815 327 838 354 a
875 320 917 354 te
946 309 1117 371 prodita
1145 326 1273 354 causa
1302 320 1362 353 est
1389 328 1395 352 ς

258 385 400 427 Tanto
429 382 527 444 plus
555 382 709 437 debes,
737 383 892 435 Sexte,
919 381 1036 441 quod
1062 380 1227 424 erubui.

174 519 209 553 3.
232 518 384 551 Nar-rasti
405 517 496 550 m‘lzil.
516 517 593 550 Hoc
615 525 686 556 est,
707 515 797 548 male

119 584 256 605 causam
271 570 474 616 egisti.—-A
487 577 515 602 te
523 569 664 615 prodita.
675 569 729 601 Ita
737 569 800 601 Be-

119 623 277 658 verlandi
298 623 372 657 MS.
389 630 429 657 'et
448 622 559 656 codex
577 621 768 655 Pulmanni
788 632 796 653 ;

121 677 156 710 111
175 676 255 710 edd.
271 684 354 710 vett.
365 675 492 721 perdita
505 687 600 708 causa
616 682 672 708 est.
683 673 801 706 Placet

121 730 220 775 prior
243 729 368 770 lectio;
385 740 500 774 neque
521 727 617 761 enim
636 725 800 773 praevari·

121 791 256 816 catores
278 790 411 815 tantum
427 793 566 814 causam
584 778 736 825 prodere
746 777 800 811 di-

124 844 266 875 cuntur,
283 833 344 868 sed
363 841 397 866 et
415 833 439 866 ii
456 833 516 878 qui
536 844 675 866 causam
697 843 801 876 agen-

857 514 935 548 dam
954 515 1147 561 suscipiunt
1159 540 1168 555 ,
1187 527 1289 560 quam
1308 528 1380 548 uon
1400 515 1532 548 intelli-

858 576 961 613 gunt.

914 624 947 660 4.
973 621 1077 652 Tanto
1091 620 1176 665 plus.
1198 620 1288 653 Nam
1308 621 1335 654 si
1354 620 1532 661 vicissem,

858 674 931 706 laus
954 672 1042 705 mihi
1068 672 1206 717 praemii
1231 673 1309 705 loco
1335 673 1476 713 fuisset,
1501 683 1535 706 at

860 726 898 759 in
919 725 1081 759 solatium
1101 725 1199 759 famae
1217 726 1349 759 amissae
1366 727 1536 771 majorem

860 776 1056 812 mercedem
1080 786 1244 823 praestare
1269 777 1372 812 debes
1394 791 1402 811 ;
1428 780 1535 812 faceta

860 843 1004 876 prorsus
1022 839 1073 863 est
1090 831 1165 863 haec
1184 831 1283 863 ratio.

709 988 947 1044 XVIII.

620 1156 690 1184 AD
729 1134 1051 1184 0111111101ῐῖι

197 1278 243 1321 51
268 1286 366 1332 tua,
389 1275 553 1327 Cirini,
579 1290 756 1334 promas
783 1274 1098 1334 epigrammata
1127 1273 1260 1335 vulgo
1277 1310 1288 1330 ‚

267 1344 352 1391 Vel
382 1361 556 1388 mecum
586 1345 748 1405 possis,
779 1343 849 1387 vel
870 1345 990 1404 prior
1021 1345 1113 1405 ipse
1143 1343 1258 1405 legi3

196 1416 282 1462 Sed
312 1415 390 1460 tibi
421 1424 568 1459 tantus
594 1415 706 1458 inest
730 1415 887 1458 veteris
914 1424 1136 1475 respectus
1162 1416 1315 1469 amici,

199 1526 354 1599 ὤφελες
382 1531 566 1580 ἐκδοῦναι
592 1536 667 1586 τοὶς
693 1553 789 1590 σου,
815 1537 1007 1596 Κυρῆνιε,
1037 1533 1222 1591 βίὲλους,

271 1611 361 1658 Πᾶς
393 1609 429 1650 σ’
454 1609 503 1649 ἵν’
535 1608 745 1668 ἀναγνοίη,
773 1608 841 1648 σύν

900 1608 909 1624 1
944 1608 953 1620 ⁵
1012 1608 1019 1619 x
1081 1607 1093 1619 -¹
1194 1608 1206 1623 t

872 1623 897 1648 τ
938 1623 1047 1666 ἐμοι,
1077 1626 1099 1655 ’ἢ
1127 1625 1343 1667 προτερον·

201 1674 319 1724 Ᾱλλοὶ
345 1696 407 1722 σοι
432 1678 598 1738 ἀρχαίου
625 1677 724 1720 τόση
757 1670 879 1726 αἰδώς
906 1678 968 1726 ἐςι
992 1677 1145 1736 φίλοιο,

184 1797 200 1812 '
220 1800 396 1837 Cirinium
421 1798 576 1832 amicum
603 1796 810 1842 alloquitur,

135 1853 376 1890 candidissimi
395 1851 505 1885 animi
521 1851 624 1884 simul
640 1858 673 1883 et
687 1849 812 1895 optimi

134 1908 265 1954 ingenii
285 1907 401 1940 virum
415 1930 425 1947 ,
444 1905 505 1950 qui
521 1916 631 1950 quum
644 1903 814 1948 epigram-

134 1970 226 1995 mata
249 1968 284 1994 et
309 1958 453 2005 quidem
475 1956 575 1990 valde
592 1957 686 1989 bona
713 1955 813 1988 facti-

136 2022 246 2056 taret,
257 2012 427 2047 renuebat
448 2011 506 2044 illa
523 2010 561 2043 in
574 2010 696 2054 vulgus
716 2008 814 2042 emit-

136 2076 210 2102 tere
222 2093 232 2110 ,
245 2079 290 2100 ne
303 2064 389 2112 quid
402 2091 411 2106 ‚
424 2063 587 2097 aemulum
600 2075 672 2096 sese
687 2063 815 2102 ferens,

136 2120 307 2154 Martialis
330 2116 496 2152 laudibus
525 2115 681 2155 tolleret3
711 2122 746 2147 et
772 2126 814 2147 eo

139 2173 284 2208 nomine
315 2170 434 2205 laudat
461 2167 557 2215 quod
583 2167 742 2201 amicitiae
768 2167 817 2200 ita

140 2226 257 2259 omnia
271 2231 477 2271 postponat,
490 2230 530 2255 ut
543 2234 615 2254 non
627 2233 711 2254 rura
725 2219 816 2254 dun·

140 2287 234 2313 taxat
246 2303 256 2320 ‚
267 2278 384 2318 villas,
399 2277 521 2309 hortos
534 2273 594 2308 det
610 2274 722 2307 libens
731 2299 739 2315 ,
756 2272 817 2306 sed

141 2330 238 2377 quod
264 2329 453 2376 pretiosius
482 2335 517 2360 et
543 2327 716 2373 optatius,
742 2327 816 2371 glo-

142 2385 247 2425 riam3
261 2379 558 2429 quandoquidem,
570 2387 607 2413 ut
620 2380 666 2413 ait
676 2379 818 2412 Tacitus

142 2437 377 2470 Historiarum
394 2435 456 2467 lib.
475 2433 542 2474 IV,
562 2433 628 2466 sub
647 2431 788 2464 initium
806 2457 815 2470 ,

144 2491 247 2523 etiam
260 2487 473 2534 sapientibus
488 2484 619 2531 cupido
633 2484 751 2530 gloriae
760 2497 820 2517 no-

144 2543 282 2577 vissima
302 2541 469 2575 exsuitur.

206 2609 235 2628 1.
264 2594 318 2628 Sic
342 2601 396 2626 tua
422 2593 458 2625 in
487 2589 567 2624 edd.
594 2598 679 2622 vett.
703 2589 742 2622 Si
768 2597 821 2621 tna

149 2647 253 2681 codd.
273 2646 374 2681 Bodl.
396 2646 511 2678 Oxou.
535 2651 568 2676 01
588 2642 742 2676 Gruteri.

222 2722 286 2762 II.

931 1811 963 1830 2.
995 1797 1038 1830 L't
1059 1810 1173 1831 mecum
1196 1798 1275 1833 edd.
1296 1809 1379 1834 vett.
1405 1803 1425 1834 J
1435 1803 1471 1835 ‘el
1487 1818 1549 1836 me-

872 1862 941 1881 cum
959 1850 996 1882 in
1018 1849 1120 1884 codd.
1147 1851 1309 1894 Gruteri,
1331 1853 1495 1889 Farnabii
1516 1866 1551 1891 et

872 1902 1013 1936 Thuan.
1025 1925 1078 1929 --
1101 1904 1165 1936 Vel
1176 1918 1304 1946 mecum,
1321 1915 1387 1941 etc.
1407 1909 1550 1944 Bonane

872 1955 946 1989 haec
974 1954 1073 1989 fide?
1098 1969 1139 1989 an
1172 1957 1339 1992 ironice?
1372 1961 1549 1996 sincerum

873 2021 954 2042 sane
976 2008 1115 2042 videtur
1134 2018 1168 2043 et
1182 2023 1222 2044 ex
1243 2012 1381 2054 animo,
1404 2024 1551 2060 propter

874 2062 1076 2107 exemplum
1094 2063 1246 2109 Virgilii.
1258 2066 1413 2099 ——Prlor
1430 2054 1493 2113 ips}³
1510 2070 1553 2101 le-

872 2117 919 2159 gi.
939 2115 1064 2160 Majori
1080 2115 1185 2149 laude
1202 2130 1304 2162 quam
1325 2131 1400 2163 ego.
1419 2142 1473 2147 —-
1488 2122 1554 2155 Vel

876 2162 941 2210 (ut)
957 2181 1084 2201 mecum.
1105 2169 1180 2202 Hoc
1197 2178 1265 2214 est,
1282 2171 1337 2204 vel
1360 2185 1458 2218 aeque
1477 2187 1551 2208 ma-

876 2233 983 2264 gnum
1005 2233 1133 2255 nomen
1164 2223 1199 2255 in
1225 2235 1266 2256 eo
1291 2236 1418 2268 genere
1448 2235 1553 2273 atque

876 2285 939 2318 ego
964 2283 1203 2319 consequutus
1223 2288 1299 2308 sum
1315 2301 1326 2318 ,
1361 2279 1416 2311 vel
1441 2282 1552 2326 majus

877 2327 979 2359 etiam
1006 2339 1235 2372 comparares.
1261 2329 1329 2362 Sed
1355 2339 1394 2363 tu
1420 2344 1476 2365 me
1503 2334 1554 2367 sic

878 2391 989 2419 amas,
1018 2387 1058 2411 ut
1089 2380 1152 2412 tibi
1181 2380 1248 2426 ipsi
1273 2381 1317 2415 sis
1335 2381 1491 2430 iniquus,
1513 2394 1554 2420 ut

877 2443 1014 2477 premas
1028 2439 1085 2464 tua
1095 2459 1103 2475 ,
1117 2440 1151 2466 et
1165 2433 1251 2466 mihi
1264 2434 1327 2467 soli
1341 2448 1416 2469 eam
1428 2438 1557 2473 famam

879 2484 1077 2529 relinquas;
1106 2485 1152 2518 ita
1175 2487 1285 2531 major
1301 2500 1375 2522 sum
1390 2517 1398 2529 ,
1419 2492 1499 2536 quia
1520 2501 1556 2525 te

881 2549 999 2582 parem
1015 2549 1086 2570 esse
1108 2538 1297 2583 ignoratur.

937 2589 971 2622 3.
995 2589 1060 2622 Sed
1078 2591 1134 2623 tibi
1157 2599 1274 2632 tantus,
1298 2601 1365 2627 etc.
1386 2596 1458 2629 Hac
1481 2611 1557 2630 mo-

886 2641 995 2675 destia
1024 2651 1056 2675 et
1081 2643 1231 2677 amicitia
1258 2645 1422 2682 inductus
1443 2650 1559 2695 Virgi-

1256 2733 1317 2761 20
