1978 3305
376 239 959 283 EPIGRAMMATUM
998 241 1123 283 LIB.
1162 242 1247 283 IX.

1419 239 1513 302 377

253 326 440 371 Decidat
465 336 608 371 tecum
631 343 716 387 qua
738 336 860 386 pater
882 327 971 387 ipse
994 328 1152 370 Deum.

184 399 281 441 Pro>
299 396 554 458 Capitolinis
583 397 686 458 quid
717 398 831 441 enim
858 397 937 440 tibi
962 396 1129 440 solvere
1155 397 1352 458 templis,

252 467 371 524 Quid
400 484 480 528 pro
506 469 700 528 Tarpeiae
731 467 896 510 frondis
927 467 1095 511 honore
1122 467 1294 528 potest?

185 538 304 595 Quid
334 554 415 598 pro
444 537 704 582 culminibus
729 538 910 597 geminis
940 547 1139 581 matrona
1163 539 1401 582 Tonantis?

254 607 428 651 Pallada
453 618 664 668 praetereo
691 625 699 650 :
732 624 800 650 res
828 608 915 667 agit
942 606 1011 650 illa
1040 617 1147 652 tuas.

187 678 304 735 Quid
331 678 485 738 loquar
509 677 712 732 Alciden,
738 677 1062 736 Phoebumque,
1091 679 1269 738 piosque
1296 681 1493 723 Laconas
1505 680 1522 722 Ξ)

256 748 414 791 Addita
439 747 542 807 quid
565 748 692 791 Latio
716 746 861 790 Flavia
887 746 1049 808 templa
1075 747 1205 808 polo?

185 820 448 878 Exspectes,
477 827 520 860 et
551 819 784 871 sustineas,
810 819 1029 877 Auguste,
1055 834 1230 862 necesse
1260 829 1349 874 θεῖς

255 889 370 932 Nam
400 887 477 931 tibi
504 887 618 948 quod
649 887 815 944 solvat,
841 904 929 931 non
959 887 1090 931 habet
1122 904 1223 933 arca
1250 890 1382 933 Jovis.

118 1026 219 1060 uncia
249 1039 330 1071 pars
357 1035 408 1060 est
445 1025 654 1060 duodecima
685 1027 787 1065 assis,

118 1080 179 1125 qui
206 1092 271 1125 pro
298 1079 434 1124 integro
462 1078 583 1112 debito
609 1080 790 1125 accipitur.

121 1131 316 1165 Conturbare
336 1132 507 1178 siguificat
522 1131 702 1178 dissipare.
713 1133 791 1165 Far-

118 1185 242 1219 nabius
255 1185 506 1230 interpretatur
525 1188 559 1219 τὸ
575 1186 789 1224 conturbabit,

119 1237 218 1272 cedet
236 1238 332 1279 for0;
347 1237 435 1271 Bud.
455 1239 577 1271 caelum
597 1247 709 1272 totum
728 1238 791 1271 tibi

119 1289 304 1336 decoquet.

173 1356 207 1388 7.
233 1343 440 1388 Capitolinis,
461 1352 528 1377 etc.
547 1343 590 1377 Id
609 1353 677 1384 est,
696 1343 792 1389 quod

119 1396 332 1441 Capitolium
368 1396 531 1430 incendio
570 1398 793 1443 absumptum

119 1449 318 1490 restituisti,
331 1457 365 1482 et
377 1462 505 1483 novam
519 1449 626 1483 aedem
643 1450 680 1483 in
690 1450 794 1496 Capi-

120 1501 208 1535 tolio
227 1501 418 1535 excitavisti
435 1502 516 1535 Jovi
536 1502 691 1544 custodi,
707 1502 794 1549 quid

121 1554 187 1588 tibi
203 1555 310 1600 pretii
328 1555 461 1588 solvere
482 1555 530 1588 ilii
551 1555 706 1602 queant?
724 1556 795 1589 Cae-

122 1616 235 1641 terum
259 1606 303 1641 de
328 1607 504 1653 Capitolio
527 1609 713 1650 restituto,
738 1607 794 1641 adi

121 1661 263 1694 Sueton.
281 1661 410 1694 Domit.
432 1673 507 1706 cap.
531 1662 550 1695 5
563 1687 572 1703 ,
593 1670 627 1695 et
645 1662 794 1707 Eutrop.

121 1713 184 1746 lib.
200 1714 283 1746 VII.

175 1767 210 1799 8.
236 1766 326 1810 (laid
345 1779 406 1811 pro
436 1768 592 1811 Tarpeias.
615 1765 708 1800 Vide
733 1767 793 1800 lib.

122 1820 188 1859 lv,
209 1819 320 1864 epigr.
345 1831 417 1852 1.1v.
440 1820 482 1852 In
504 1820 675 1852 honorem
698 1821 795 1853 Jovis

124 1871 312 1917 Capitolini
332 1871 434 1905 ludos
452 1872 605 1906 instituit
625 1873 795 1906 Domitia-

122 1937 207 1966 nus,
233 1925 269 1957 in
296 1925 423 1970 quibus
447 1925 572 1958 laureae
600 1934 634 1958 et
657 1938 796 1959 coronae

123 1990 264 2022 quernae
281 1977 466 2011 dabantur.
481 1978 535 2012 Cf.
553 1977 741 2012 Suetonius
759 1979 795 2012 iu

125 2030 324 2063 Domitiano
340 2029 426 2064 ibid.

178 2097 212 2127 9.
240 2083 331 2126 Quid
350 2096 410 2128 pro
437 2083 633 2117 culminibus.
663 2085 715 2117 Ex
743 2085 796 2117 his

125 2136 238 2169 vorbis
248 2136 410 2181 colligere
421 2144 470 2169 est
479 2136 614 2169 Junoni
627 2135 699 2170 duo
712 2146 797 2170 tem-

124 2188 180 2233 pla
198 2201 413 2222 consecrasse
430 2188 680 2222 Domitianum.

186 2253 240 2274 10.
260 2241 398 2273 Pallada
417 2250 582 2286 praetereo.
608 2242 674 2276 Cui
697 2242 798 2276 Chal·

126 2293 238 2326 cioecae
268 2294 438 2339 templum
461 2294 599 2328 erexisti
619 2292 795 2334 (Cassiod.

126 2346 186 2379 lib.
204 2346 272 2383 VI,
298 2358 373 2391 cap.
401 2359 412 2379 1
427 2359 440 2380 1
458 2341 495 2389 J,
512 2347 568 2379 cui
589 2356 738 2380 statuam
761 2349 797 2380 in

126 2398 288 2431 cubiculo
298 2399 505 2432 consecrasti
517 2408 551 2432 et
561 2400 798 2445 quinquatria.

126 2451 222 2493 Quin
238 2459 271 2484 et
286 2450 432 2484 Palladis
447 2451 539 2484 filius
556 2451 625 2484 dici
640 2453 797 2486 volebat:

127 2506 225 2549 cujus
246 2516 340 2537 sacra
364 2503 444 2537 ideo
464 2504 718 2549 religiosissime
741 2518 800 2539 co-

127 2557 205 2591 luit.
222 2579 273 2584 ——
288 2558 349 2590 Res
370 2560 441 2601 agit
464 2557 521 2589 illa
543 2565 622 2590 tuas.
644 2558 704 2590 Illa
723 2570 742 2590 a
768 2567 800 2591 te

130 2618 213 2650 stat;
235 2622 287 2643 res
309 2618 407 2649 tuaS,
429 2610 579 2643 rationes
601 2619 634 2643 et
657 2611 799 2644 consilia

131 2661 305 2707 disponit3
320 2662 384 2696 tibi
401 2663 570 2696 familiare
588 2676 716 2697 numen
736 2673 802 2705 est,

851 1027 959 1059 immo
989 1035 1111 1060 mater.
1134 1028 1252 1069 Quum
1282 1029 1376 1061 enim
1404 1029 1526 1061 Domi-

851 1080 964 1113 tianus
985 1079 1174 1114 audivisset
1191 1093 1231 1113 ex
1252 1081 1313 1114 lib.
1330 1081 1526 1127 Sibyllinis,

851 1133 926 1166 fore
935 1158 944 1173 ‚
959 1140 998 1165 ut
1011 1134 1108 1178 virgo
1119 1142 1257 1178 pareret
1267 1142 1438 1167 aeternum
1455 1136 1525 1167 Im-

851 1193 1047 1231 peratorem
1067 1211 1076 1226 ‚
1103 1186 1191 1219 nihil
1229 1187 1381 1231 amplius
1415 1187 1527 1220 voluit

854 1251 958 1283 quam
982 1251 1017 1270 se
1039 1251 1110 1272 esse
1125 1239 1238 1272 filium
1255 1249 1436 1285 perpetuae
1457 1240 1527 1273 vir-

853 1291 945 1336 ginis
963 1291 1096 1325 Dianae.

910 1356 922 1376 1
937 1357 967 1377 1.
987 1344 1077 1387 Quid
1094 1345 1204 1390 loquar
1220 1345 1368 1379 Alciden.
1382 1345 1525 1378 Herculi

853 1397 1022 1442 templum
1038 1399 1164 1431 erexit:
1179 1407 1211 1431 et
1230 1407 1267 1431 ut
1282 1398 1402 1431 Phoebi
1416 1399 1506 1432 forte
1518 1425 1526 1439 ,

853 1450 900 1483 sic
912 1450 1064 1483 Castoris
1081 1459 1114 1483 et
1127 1451 1278 1484 Pollucis
1292 1451 1461 1496 templum
1476 1451 1528 1484 in-

853 1502 977 1536 cendio
1005 1504 1227 1548 absumptum
1249 1504 1413 1537 restituit.
1440 1504 1525 1538 Sue·

853 1557 972 1589 tonius
988 1556 1024 1588 in
1039 1557 1253 1598 Domitiano,
1270 1570 1345 1602 cap.
1360 1558 1378 1590 5
1395 1569 1402 1590 ζ
1419 1557 1526 1590 «Plu-

853 1609 939 1641 rima
972 1617 1005 1642 et
1033 1609 1242 1654 amplissima
1271 1609 1436 1642 incendio
1467 1611 1526 1643 ab·

853 1669 989 1706 sumpta
1016 1663 1167 1695 restituit
1183 1680 1215 1703 »,
1232 1663 1359 1707 templa
1387 1675 1524 1708 nempe.

855 1715 1007 1748 Laconas
1027 1718 1099 1760 pios
1128 1714 1217 1748 dixit
1234 1741 1243 1755 ‚
1270 1714 1365 1760 quod
1404 1716 1527 1749 Castor

854 1776 888 1801 et
905 1767 1031 1800 Pollux
1047 1768 1200 1801 Lacaenae
1217 1767 1320 1801 Ledae
1342 1768 1404 1801 filii
1423 1769 1526 1801 alter-

854 1821 964 1853 natim
984 1820 1203 1854 vivantNid.
1220 1833 1296 1866 quae
1315 1822 1349 1854 in
1369 1822 1470 1866 epist.
1484 1821 1527 1855 ad

854 1874 943 1918 Imp.
968 1873 1028 1906 lib.
1048 1874 1155 1915 VIII,
1171 1873 1214 1906 de
1231 1886 1318 1907 voce
1343 1875 1408 1907 hac
1426 1877 1526 1918 pietas

854 1934 972 1958 notata
991 1935 1082 1959 sunt.
1102 1948 1156 1952 ——
1175 1927 1324 1960 Juntina
1343 1936 1460 1960 nostra
1491 1928 1526 1960 in

855 1979 1011 2024 margine
1027 1979 1169 2012 exhibet
1189 1992 1196 2012 :
1216 1980 1352 2026 duosque
1374 1981 1526 2012 Laconas.

912 2043 966 2064 12.
986 2032 1110 2064 Addita
1133 2033 1229 2078 quid,
1258 2041 1322 2066 etc.
1340 2033 1525 2077 Templum

855 2084 981 2117 Flaviae
996 2085 1107 2129 gentis
1119 2110 1128 2125 ‚
1147 2084 1244 2130 quod
1261 2087 1381 2118 caelum
1400 2086 1527 2119 vertice

855 2137 975 2182 tangit.
1006 2138 1097 2170 Alibi
1117 2148 1125 2170 ἰ
1157 2139 1243 2170 Dum
1272 2138 1361 2170 videt
1388 2140 1528 2182 Augusti

855 2190 971 2223 Flavia
991 2190 1103 2234 templa
1114 2191 1193 2235 poli.
1213 2191 1244 2223 T
1247 2203 1303 2223 um
1323 2199 1362 2223 ut
1379 2191 1532 2224 Torren-

856 2242 924 2275 tius
958 2243 1052 2283 vult,
1086 2244 1212 2275 Latium
1236 2243 1343 2287 polam
1379 2244 1529 2289 appellat

856 2308 930 2328 eam
955 2295 1063 2328 veluti
1085 2295 1155 2340 poli
1182 2304 1338 2339 partem,
1361 2296 1417 2328 cui
1434 2298 1527 2330 Lati-

856 2360 983 2380 norum
1013 2349 1320 2393 Romanorumque
1344 2348 1401 2381 Dii
1434 2358 1528 2382 tran-

857 2400 977 2445 scripti
993 2400 1129 2432 fuerant
1139 2426 1147 2441 ,
1157 2412 1284 2445 eosque
1299 2401 1392 2434 inter
1403 2403 1531 2447 Vespa-

858 2454 988 2486 sianus.
1009 2454 1060 2485 De
1075 2465 1143 2498 quo
1159 2465 1280 2498 supra,
1298 2454 1404 2499 epigr.
1426 2467 1477 2496 11;
1496 2465 1529 2488 et

860 2506 949 2539 infra
968 2505 1076 2550 epigr.
1093 2518 1196 2545 xxxv,
1218 2514 1251 2539 et
1267 2507 1328 2539 lib.
1346 2509 1396 2548 X,
1419 2508 1526 2555 epigr.

861 2571 908 2591 Li.
922 2558 1043 2590 —Alii
1054 2558 1172 2603 legunt
1187 2585 1196 2599 ,
1214 2559 1308 2592 Latio
1316 2561 1392 2603 foro
1403 2566 1421 2593 :³
1431 2561 1530 2606 quod

858 2613 954 2656 juxta
980 2611 1095 2644 forum
1116 2619 1329 2646 exstructum
1349 2623 1434 2648 esset
1453 2615 1529 2648 Fla-

862 2664 924 2697 viae
941 2664 1052 2708 gentis
1071 2664 1253 2709 templum.
