1978 3305
379 230 971 274 EPIGRAMMATUM
1009 230 1135 273 LIB.
1175 231 1266 272 XI.
1422 228 1515 292 587

250 317 434 362 Succina
463 317 660 378 virginea
687 317 805 378 quod
829 317 1020 378 regelata
1048 332 1180 360 manu
1196 352 1208 372 ‚

183 388 409 448 Amphora
439 387 556 448 quod
585 388 723 449 nigri,
745 388 821 433 sed
845 387 974 449 longe
998 386 1159 443 fracta,
1182 385 1376 444 Falerni,

253 458 387 516 Quod
414 459 487 519 qui
518 458 710 502 Sicanias
737 458 901 503 detinet
928 458 1083 502 hortus
1111 473 1238 518 apes,

184 529 318 587 Quod
340 530 489 573 Cosmi
511 528 710 573 redolent
739 529 978 583 alabastra,
1001 527 1174 588 focique
1199 530 1396 572 Deorum
1410 564 1421 583 ,

256 599 390 657 Quod
416 599 548 643 modo
576 598 782 644 divitibus
806 599 926 660 lapsa
951 614 1114 644 corona
1139 599 1298 653 comis;

186 669 366 731 Singula
390 669 494 730 quid
515 668 683 713 dicam?
701 686 790 714 non
815 678 917 713 sunt
941 670 1064 723 sati53
1084 669 1230 713 omnia
1255 669 1390 713 misce
1410 685 1416 711 :

254 742 351 784 Hoc
378 739 574 800 fragrant
600 740 724 801 pueri
752 740 878 784 basia⁴
894 755 1022 783 mane
1044 739 1141 782 mei.

187 810 306 854 Scire
329 811 453 870 cupis
477 809 666 854 nomen?
683 809 743 854 nil
765 819 925 872 praeter
947 809 1068 854 basia
1092 808 1258 863 dicam3

255 882 279 923 J
282 881 417 924 urasti

171 1021 205 1053 6.
236 1017 392 1063 Relegata
420 1016 500 1051 Ald.
531 1018 636 1052 Junt.
673 1018 791 1053 Colin.

118 1072 192 1104 aliae
210 1069 293 1105 edd.
316 1079 401 1104 vett.
421 1070 586 1104 Nostram
604 1071 792 1105 lectionem

119 1136 189 1170 prae
205 1136 240 1158 se
252 1123 319 1157 fert
335 1123 413 1157 cod.
429 1124 579 1169 scriptus
592 1124 792 1157 Pulmanni.

119 1198 169 1203 —-
186 1177 354 1221 Regelata.
375 1176 431 1210 Sic
449 1185 489 1210 ut
509 1177 570 1210 lib.
591 1177 646 1210 ΙΠ
658 1203 668 1219 ,
683 1178 792 1223 epigr.

119 1242 209 1263 xcur
224 1256 232 1272 ,
250 1229 415 1275 virgineae
434 1242 559 1263 manus
576 1230 698 1264 attritu
718 1242 795 1275 quae

120 1282 203 1328 legit
234 1291 292 1316 aut
320 1281 383 1316 diu
417 1282 580 1316 tractavit
606 1283 768 1316 calefacta
787 1309 795 1324 ‚

119 1336 179 1368 lib.
195 1336 243 1377 V,
264 1336 372 1381 epigr.
393 1348 545 1370 xxxvnx.
560 1335 796 1382 ——Equidem

120 1387 330 1422 crediderim
349 1387 516 1422 incidisse
534 1389 593 1422 hic
609 1389 740 1422 Nostro
759 1389 796 1422 in

121 1449 274 1475 mentem
294 1440 338 1475 de
357 1440 494 1475 annulis
523 1441 583 1487 qui
609 1454 628 1475 e
652 1442 795 1475 succino

122 1494 327 1528 mulieribus
342 1494 556 1528 usitatissimi
571 1503 606 1528 et
621 1495 707 1528 tanti
725 1496 798 1528 fere

122 1548 281 1582 aestimati
299 1548 420 1592 quanti
439 1560 481 1581 ex
497 1560 583 1582 auro
602 1556 636 1582 et
653 1547 799 1594 gemmis

122 1600 246 1634 ornati.
266 1601 333 1634 ΕΙ).

177 1667 211 1699 7.
227 1654 329 1698 Nigri
343 1654 477 1687 Falerni
484 1668 497 1694 ;
514 1653 607 1699 nigri
627 1654 721 1687 enirn
739 1666 798 1687 co-

123 1706 207 1741 loris
229 1706 439 1750 Falernum3
460 1715 494 1741 et
512 1706 549 1740 id
565 1719 654 1751 saepe
669 1707 799 1741 Noster

125 1759 261 1804 ingerit.
285 1758 342 1792 Sic
363 1760 423 1793 lib.
444 1761 553 1798 VIII,
575 1760 684 1805 epigr.
709 1773 768 1793 Lvr
788 1784 798 1799 ‚

123 1825 172 1845 vs.
196 1817 239 1853 14
258 1824 265 1845 :
287 1830 301 1842 ιι
317 1813 514 1847 Marmorea
533 1812 684 1846 fundens
701 1813 799 1859 nigra

124 1865 268 1898 Falerna
288 1878 406 1898 manu.
423 1883 436 1895 »
457 1867 589 1899 Rursus
611 1865 720 1911 ejusd.
739 1866 798 1898 lib.

125 1918 235 1963 epigr.
249 1930 391 1955 Lxxvu,
412 1931 463 1952 vs.
484 1920 502 1952 5
525 1930 533 1951 ε
552 1937 565 1949 «ι
580 1917 737 1952 Candida
751 1918 802 1951 ni-

124 1978 283 2017 grescant
297 1972 416 2004 vetulo
431 1972 592 2016 crystalla
603 1972 764 2005 Falerno.
783 1988 796 2001 a

126 2023 335 2058 filu—Sed
354 2025 459 2069 longe,
479 2033 543 2058 etc.
567 2023 687 2058 Odora
708 2025 802 2057 enim

128 2089 189 2122 per
222 2089 337 2110 aerem
358 2076 485 2111 diffusa
515 2078 666 2123 gratiora
689 2086 771 2111 sunt
794 2090 800 2109 :

127 2129 272 2175 propius
301 2139 417 2164 autem
450 2129 590 2164 admota
615 2131 805 2164 obstruunt

126 2183 329 2216 sensorium.

182 2237 214 2270 8.
239 2235 406 2276 Sicanias,
432 2243 497 2269 etc.
532 2236 664 2270 Siculas
692 2248 771 2282 apes
791 2263 799 2276 ,

129 2287 301 2321 mellificia
322 2287 485 2332 Hyblaea,
502 2301 543 2322 ex
558 2289 684 2334 quibus
704 2301 802 2322 nem-

128 2353 172 2386 pe
192 2341 367 2386 optimum
384 2341 496 2374 mellis
511 2353 631 2386 genuS.

182 2407 217 2437 9.
232 2394 339 2427 Cosmi
353 2395 505 2435 redolent,
519 2402 585 2428 etc.
596 2394 805 2440 Myropolae,

127 2447 222 2480 hisce
259 2447 476 2492 temporibus
506 2447 690 2480 notissimi.
723 2445 802 2481 Vid.

130 2500 189 2533 lib.
206 2501 239 2540 Ι,
253 2500 363 2545 epigr.
385 2501 803 2534 Lxxxv111.—Alal1astm.

130 2552 280 2596 Pyxides
301 2553 538 2598 unguentariae
557 2567 599 2587 ex
622 2554 803 2587 alabastro.

131 2628 178 2632 —
204 2607 235 2639 F
235 2609 341 2651 (mique
372 2608 519 2640 Deorum.
557 2607 684 2641 Sacella
716 2607 807 2641 scili-

445 897 453 923 :
481 880 663 924 nimium
686 881 818 937 scire,
837 880 1018 935 Sabine,
1040 880 1176 940 cupis.

852 1026 906 1052 cet
919 1044 928 1060 ,
949 1030 1086 1064 araeque
1103 1017 1216 1051 multo
1235 1018 1338 1050 thure
1360 1017 1529 1052 ardentes.

910 1082 964 1104 10.
986 1072 1079 1104 Lam
1094 1071 1235 1104 exhibet
1250 1071 1439 1104 Pulmanni
1451 1070 1528 1105 cod.

857 1141 871 1154 α
886 1124 988 1157 Subit
1000 1149 1009 1163 ,
1026 1124 1250 1170 scripseritne
1277 1124 1430 1158 fortassis
1448 1124 1529 1157 His-

853 1189 964 1223 panus
985 1185 1104 1211 noster
1132 1177 1200 1222 Qui
1233 1177 1324 1209 modo
1349 1177 1496 1210 dividuis.
1511 1194 1524 1206 ›-

855 1230 906 1262 De
922 1231 1077 1276 lfooy.—
1087 1229 1252 1264 Solebant
1272 1239 1351 1264 ante
1373 1230 1534 1263 solennes

856 1290 913 1316 aut
934 1283 1133 1328 magnificas
1160 1283 1281 1329 epulas
1310 1283 1470 1316 coronari
1499 1291 1533 1316 et

855 1336 1042 1381 unguentis
1072 1348 1209 1369 comam
1235 1336 1365 1381 largius
1388 1336 1533 1381 perfun-

855 1387 939 1422 dere
964 1397 998 1422 et
1019 1389 1132 1423 Graeci
1151 1398 1186 1423 et
1203 1390 1361 1423 Romani.
1382 1389 1533 1422 Ditiores

857 1450 970 1475 autem
983 1450 1077 1487 patet
1086 1441 1340 1476 delicatissimis
1350 1450 1383 1475 et
1392 1442 1534 1487 optimae

858 1503 951 1528 notae
966 1496 1153 1540 unguentis
1164 1486 1278 1541 qualia
1293 1503 1374 1528 sunt
1386 1494 1517 1528 nardus
1527 1521 1536 1535 ‚

859 1560 1054 1590 amomum,
1067 1548 1305 1582 malobathrus
1317 1548 1451 1593 Syrius,
1467 1556 1532 1581 etc.

859 1613 939 1634 usos
960 1613 1053 1643 esse;
1073 1600 1242 1635 servanda
1270 1613 1354 1646 ergo
1377 1601 1538 1647 religiose

860 1654 963 1687 lectio
976 1654 1143 1700 vulgaris,
1155 1663 1189 1688 et
1204 1654 1349 1687 Antonii
1363 1654 1536 1699 conjectio

859 1706 1066 1752 respuenda.
1090 1728 1142 1735 -—
1169 1708 1328 1740 Divitibus
1357 1706 1470 1740 nardo
1505 1716 1537 1739 et

860 1769 1039 1805 unguento
1061 1759 1238 1794 delibutis.

918 1812 975 1846 13.
998 1813 1061 1849 Nil
1075 1821 1194 1859 p1·aete1·
1219 1813 1309 1845 basia
1329 1813 1442 1846 dicam.
1471 1813 1536 1845 Alii

860 1866 973 1911 qualis
986 1865 1095 1899 codex
1108 1866 1294 1899 Pulmann.
1310 1875 1344 1899 et
1355 1864 1438 1899 edit.
1455 1866 1541 1899 Bar·

863 1919 933 1952 hou.
955 1936 968 1948 u
986 1919 1022 1952 Si
1036 1927 1181 1964 propter
1195 1919 1289 1952 basia
1306 1917 1432 1952 dicam.
1454 1936 1467 1947 »
1486 1939 1537 1945 —

861 1973 987 2005 Jurasti'
999 1999 1009 2014 ,
1040 1974 1167 2005 nimium
1198 1972 1341 2006 scilicet.
1371 1989 1383 2001 n
1411 1972 1539 2005 Sensus

863 2033 938 2058 est:
961 2025 998 2058 Si
1029 2037 1162 2058 nomen
1189 2023 1414 2059 solummodo
1450 2023 1538 2057 scire

864 2077 962 2122 cupis
984 2078 1164 2111 basiorum
1186 2090 1311 2119 causa,
1334 2077 1449 2110 dicam
1468 2089 1475 2109 :
1500 2076 1536 2111 id

864 2132 978 2177 ipsum
1000 2131 1187 2164 confirmas
1203 2132 1403 2176 juramento
1418 2143 1427 2171 ;
1444 2143 1465 2163 o
1482 2130 1539 2164 Sa—

864 2184 965 2224 bine,
1001 2183 1104 2217 altius
1140 2182 1274 2229 aliquid
1299 2184 1537 2228 juramentum

863 2236 957 2270 istud
978 2236 1212 2282 premit:aliis
1233 2236 1366 2277 verbis,
1381 2236 1448 2270 hoc.
1469 2244 1537 2278 est,

864 2302 983 2323 amore
1015 2290 1088 2335 ejus
1120 2288 1278 2335 deperis3
1302 2289 1420 2334 itaque
1452 2290 1541 2323 absit

868 2341 983 2375 dicam
1005 2355 1145 2375 nomen.

919 2399 975 2435 14.
987 2395 1067 2428 suro
1083 2396 1141 2428 tibi
1151 2393 1230 2429 edd.
1247 2402 1334 2428 vett.
1345 2403 1379 2428 et
1393 2395 1540 2429 Farnab.

864 2448 989 2481 ,lm-asti
1000 2448 1105 2482 habet
1120 2448 1193 2482 MS.
1212 2445 1400 2481 Pulmahn.
1418 2449 1539 2482 ——Ni-

866 2503 957 2534 mium
971 2503 1050 2534 scir-t·
1063 2528 1070 2541 ,
1095 2510 1158 2535 etc.
1176 2500 1319 2547 Aliquid
1341 2501 1430 2534 ultra
1449 2501 1541 2534 basia

866 2555 980 2600 cupis,
995 2556 1053 2600 qui
1069 2553 1112 2588 de
1130 2555 1230 2600 pueri
1244 2555 1388 2588 nomine
1403 2555 1537 2600 quaeris.

871 2604 951 2642 vid.
972 2616 1046 2642 not.
1068 2607 1110 2641 ad
1131 2620 1216 2641 vers.
1239 2620 1342 2653 praee.
1545 2611 1551 2615 ’“
