1978 3305
507 222 604 279 384
697 263 703 269 .
875 227 938 270 Μ.
965 228 1105 270 VAL.
1143 228 1538 273 MARTIALIS

718 313 806 368 Qui
832 313 982 357 Musas
1007 313 1189 358 colimus
1218 316 1466 360 severiores.

508 435 606 477 cujus
636 432 852 466 accusativus
882 433 1095 479 plerumque
1125 447 1184 468 ex·
1244 447 1338 469 seros
1352 452 1383 475 n,
1399 448 1465 482 pro
1482 453 1496 465 κ
1513 422 1615 469 ffceat
1632 437 1734 470 nobis
1758 449 1822 471 nos
1845 450 1918 471 esse

508 497 645 529 pressus
673 485 736 527 sit,
767 497 919 531 eumque
945 486 1182 532 supplendum
1245 488 1402 522 miseros.
1419 489 1599 522 n—Nobis
1615 501 1677 521 non
1694 490 1776 524 licet.
1788 490 1919 524 Eadem

509 550 581 570 esse
592 562 602 578 ‚
621 536 740 571 docuit
759 538 920 572 Dukerus
937 537 982 572 ad
998 539 1073 572 Liv.
1091 540 1188 581 XLI,
1245 540 1384 574 lleentia
1397 541 1448 574 uti
1465 541 1567 575 nobis
1581 541 1692 587 poetis
1701 543 1834 576 Latinis
1845 556 1917 576 nou

511 590 576 630 36,
599 592 632 623 6.
655 590 730 624 Cic.
745 591 861 636 Ligar.
877 609 891 620 κ
908 591 1009 625 liceat
1031 604 1103 626 esse
1121 593 1186 626 mi·
1247 593 1341 627 licet.

1115 728 1304 784 XIII.

1035 885 1103 912 DF.
1156 864 1392 914 EODEM*

578 998 625 1040 Sl
649 996 775 1040 daret
795 1006 1029 1040 autumnus
1055 997 1161 1040 mihi
1188 1014 1378 1053 nomen,
1400 989 1608 1057 Οπώρινος
1635 1015 1799 1051 essem;

648 1066 839 1110 Horrida
866 1067 900 1110 si
922 1067 1089 1110 brumae
1116 1067 1255 1111 sidera
1271 1104 1282 1122 ⁷
1303 1068 1559 1128 Χειμέρινος·

577 1138 733 1181 Dictus
761 1137 816 1180 ab
844 1138 992 1180 aestivo
1017 1138 1178 1197 Θέρινος
1208 1138 1285 1181 tibi
1312 1154 1460 1181 mense
1485 1154 1696 1182 vocarer:

645 1209 862 1268 Tempora
890 1208 961 1252 cui
985 1224 1146 1251 nomen
1174 1225 1309 1252 verna
1334 1208 1518 1264 dedere,
1541 1210 1635 1269 quis
1661 1208 1756 1253 est?

559 1336 681 1374 *Idem
692 1349 743 1374 est
752 1349 998 1385 argumentum
1013 1354 1051 1375 ac
1062 1353 1184 1387 praece-
1245 1341 1361 1375 Colin.
1374 1341 1512 1386 Gryph.
1523 1341 1636 1375 Pulm.
1645 1342 1754 1386 Lung.
1767 1349 1832 1375 etc.
1846 1342 1920 1373 milei

506 1394 621 1427 dentis
641 1394 848 1439 epigramm.
869 1395 967 1439 cujus
987 1393 1045 1427 adi
1063 1403 1183 1428 notam
1243 1407 1343 1427 mense
1370 1407 1523 1433 vocarer,
1547 1394 1770 1439 improbante
1791 1394 1919 1427 Fax-na-

507 1447 668 1493 primam.
1243 1447 1314 1480 bio.
1329 1447 1534 1480 Lectionem
1552 1455 1705 1481 nostram
1721 1447 1856 1492 primus
1868 1459 1920 1480 re-

561 1513 585 1533 1.
605 1493 779 1545 ὀπώρινος.
795 1498 837 1532 Id
858 1507 907 1532 est
923 1525 932 1539 ‚
950 1501 1182 1534 Autumnalis.
1244 1500 1398 1545 ponebat
1420 1500 1596 1533 Domitius
1615 1499 1833 1534 Calderinus.

563 1566 595 1586 2.
612 1553 812 1598 Χειμέρινος.
836 1553 1025 1585 Hibernus.
1299 1558 1333 1593 4,
1365 1553 1446 1596 Quis
1470 1561 1515 1585 est
1530 1557 1548 1584 2²
1567 1546 1697 1597 Ιῖάρινος
1729 1553 1917 1594 nimirum,

562 1605 744 1651 3.Θέρινος.
757 1604 1064 1639 AEstivus.—-Ald.
1080 1606 1180 1639 Junt.
1244 1606 1312 1639 hoc
1332 1613 1401 1646 est,
1428 1605 1564 1639 Vernus.

1125 1743 1292 1798 XIV.

1063 1894 1127 1921 DF.
1168 1893 1366 1922 EODEM.

575 2013 755 2056 NOMEN
782 2010 939 2066 habes,
968 2011 1105 2053 teneri
1133 2009 1250 2070 quod
1282 2019 1481 2070 tempora
1511 2018 1736 2070 nuncupat
1761 2010 1885 2063 anni,

644 2083 794 2138 Quum
824 2081 956 2124 breve
982 2082 1207 2141 Cecropiae
1236 2096 1313 2123 ver
1342 2079 1608 2140 populantur
1635 2096 1760 2141 apes,-

574 2154 768 2207 Nomen,
793 2149 985 2195 Acidalia
1013 2152 1170 2194 meruit
1194 2150 1309 2211 quod
1335 2150 1546 2193 arundine
1576 2151 1717 2211 pingi,

564 2301 595 2321 1.
610 2288 642 2320 T
639 2289 721 2320 αισι-ι’
739 2289 825 2320 armi.
845 2285 885 2319 ld
903 2295 954 2320 est
966 2286 1073 2327 veris3
1088 2285 1181 2331 quod
1301 2299 1332 2318 2.
1357 2286 1462 2330 Quum
1494 2285 1593 2318 hau-e.
1621 2285 1698 2318 Hoc
1722 2293 1792 2326 est,
1819 2284 1921 2318 flores

507 2350 541 2374 vt
561 2353 623 2386 per
651 2340 800 2373 similem
822 2341 1009 2385 περίφρασιν
1035 2337 1184 2372 Ovidius
1243 2339 1335 2372 veris
1357 2365 1365 2379 ‚
1399 2339 1458 2384 qui
1499 2338 1653 2371 breviter
1691 2346 1919 2372 marcescunt.

507 2395 648 2426 Metam.
663 2393 724 2426 lib.
744 2393 824 2433 XV,
844 2405 931 2432 201,
952 2392 1182 2437 Pythagoram
1243 2392 1323 2425 Lib.
1346 2392 1381 2424 ΙΙ
1395 2417 1404 2431 ,
1424 2391 1533 2436 epigr.
1557 2403 1638 2424 xm‘r
1653 2417 1662 2431 ‚
1685 2390 1776 2424 idem
1799 2390 1902 2424 dixit.

509 2445 689 2486 inducens,
703 2446 872 2491 significat
885 2458 892 2478 :
907 2463 918 2475 «ι
931 2446 1017 2478 Nam
1032 2454 1141 2485 tener,
1151 2455 1183 2478 et
1300 2444 1331 2477 3.
1349 2444 1502 2477 Acidalia
1516 2444 1778 2489 arundinepingi.
1789 2442 1918 2478 Cnidio

508 2500 660 2540 lactens,
690 2499 863 2544 puerique
888 2498 1084 2531 simillimus.
1110 2511 1183 2531 oevo
1244 2496 1402 2531 calamo?
1421 2510 1464 2530 :in
1490 2497 1663 2530 columbae
1684 2509 1814 2541 penna,
1843 2508 1919 2541 quae

508 2553 599 2585 Vere
617 2565 709 2585 novo
726 2560 775 2585 est
791 2565 914 2585 annus.
932 2570 944 2580 ι·
968 2552 1034 2584 En.
1055 2572 1105 2577 —
1118 2552 1184 2584 No·
1250 2551 1395 2583 veneris
1411 2549 1506 2584 avis?
1523 2562 1564 2583 an
1584 2562 1698 2595 penna
1717 2561 1777 2582 seu
1798 2549 1917 2594 sagitta

508 2618 575 2637 men
594 2605 697 2638 hahes.
710 2605 825 2638 Earini
848 2617 975 2637 nomen
992 2617 1008 2637 a
1027 2617 1105 2637 vere
1127 2603 1186 2637 de·
1246 2602 1450 2648 Cupidinis,
1471 2602 1619 2636 Veneris
1643 2602 1735 2635 filii?
1757 2601 1836 2635 vide
1857 2601 1917 2634 lib.

507 2657 766 2691 ductun1.Vide
785 2657 857 2690 duo
877 2656 1022 2703 praeced.
1047 2657 1155 2703 epigr.
1246 2657 1319 2697 Vl,
1341 2656 1450 2702 epigr.
1473 2667 1562 2697 xru,
1585 2668 1631 2689 vs.
1655 2656 1686 2687 5.
