1978 3305
365 233 955 280 EPIGRAMMATUM
994 233 1118 275 LIB.
1160 232 1246 273 IX.

1411 227 1507 289 455)

687 389 927 446 XCIII.

582 548 647 575 AD
686 544 1004 575 coNnYLUM.
1023 524 1040 541 *

175 676 290 732 QUAE
320 672 434 717 mala
465 673 551 716 sint
581 671 773 724 domini,
794 685 889 729 quae
915 670 1027 712 servi
1054 668 1284 711 commoda
1309 670 1471 723 nescis,

245 742 462 804 Condyle,
481 742 555 802 qui
579 756 755 785 servum
782 747 824 782 te
855 739 989 799 gemis
1015 754 1107 782 esse
1133 737 1219 781 diu.

175 817 264 858 Dat
292 814 369 857 tibi
400 827 575 856 securos
601 810 694 854 vilis
717 807 950 870 tegeticula
976 825 1174 858 somnos;

246 881 432 944 Pervigil
462 884 506 925 in
538 881 687 942 pluma
711 880 866 935 Caius,
895 895 1018 935 ecce,
1043 879 1172 938 jacet.

177 955 307 998 Caius
334 970 359 996 a
384 954 524 1014 prima
548 949 862 995 tremebundus
888 948 983 993 luce
1009 948 1168 993 salutat
1500 969 1512 991 5

245 1027 328 1068 Tot
354 1023 554 1067 dominos
579 1040 587 1065 :
615 1031 658 1065 at
682 1030 751 1073 tu,
776 1019 995 1080 Condyle‚
1025 1036 1105 1063 nec
1133 1018 1372 1062 dominum.

178 1093 310 1152 Quod
335 1093 466 1137 debes
481 1128 492 1149 ‚
515 1094 617 1147 Cai,
642 1091 797 1146 redde,
823 1091 961 1150 inquit
984 1089 1174 1133 Phoebus
1189 1124 1199 1143 ‚
1230 1098 1273 1132 et
1297 1087 1412 1131 illinc

252 1165 491 1208 Cinnamus
515 1181 523 1206 ι
545 1163 631 1207 hoc
657 1161 784 1215 dicit,
809 1159 1029 1221 Condyle‚
1058 1176 1187 1203 nemo
1214 1159 1306 1202 tibi.

178 1237 405 1278 Tortorem
435 1232 619 1276 metuis?
638 1231 855 1293 podagra,
884 1231 1179 1291 cheragraque
1211 1237 1379 1272 secatur

249 1305 399 1358 Caius;
425 1313 466 1347 et
494 1302 639 1347 mallet
665 1302 845 1345 verbera
874 1300 989 1344 mille
1016 1301 1116 1361 pati.

162 1441 177 1454 ¹
208 1442 400 1475 Dominum
431 1454 521 1487 saepe
554 1441 785 1474 infeliciorem

110 1508 228 1537 servo,
253 1494 356 1529 docet
384 1495 420 1527 in
444 1495 602 1540 personis
631 1492 786 1539 Condyli

114 1548 226 1590 servi,
245 1556 279 1582 et
294 1547 369 1581 Caii
389 1546 537 1581 domini.

170 1613 199 1634 1.
223 1601 295 1634 Pro
313 1602 410 1633 nescis
425 1601 586 1634 Pulman.
607 1599 685 1633 cod.
701 1599 787 1644 legit

113 1656 241 1700 qum-is,
260 1662 294 1687 et
311 1667 379 1686 cum
395 1666 461 1698 pro
481 1655 543 1699 qui.

167 1707 199 1740 3.
223 1707 383 1739 Lecticula
407 1706 478 1740 alii.
508 1725 559 1732 ν-
590 1706 622 1737 T
620 1705 785 1749 egeticula.

111 1760 222 1805 Teges
247 1759 341 1792 enim
368 1767 479 1793 storea
501 1769 562 1792 seu
584 1765 693 1791 matta
712 1765 783 1795 est,

112 1812 208 1845 unde
226 1811 489 1846 diminutivum.

168 1870 200 1905 4.
230 1866 375 1910 Pervigil
398 1868 430 1898 in
452 1864 575 1910 pluma.
604 1863 788 1896 Exsomnis

114 1927 218 1951 nocte
241 1927 332 1959 tota,
354 1918 412 1952 cui
434 1930 527 1952 curae
546 1929 708 1950 somnum
728 1928 787 1949 ne-

114 1979 206 2016 gant.
226 1993 277 1998 -—
298 1971 406 2004 Caius.
427 1971 600 2004 Dominus
627 1978 718 2002 tuus.
736 1990 789 1995 —

115 2025 250 2058 Notum
280 2022 318 2057 id
353 2024 388 2056 in
420 2022 629 2057 caerimoniis
660 2034 788 2055 nomen

115 2076 279 2117 domino,
299 2085 337 2110 ut
355 2085 390 2110 et
413 2076 496 2110 Caia
515 2075 676 2109 dominae.
701 2076 768 2108 En.

171 2132 205 2164 6.
227 2131 289 2163 Tot
306 2129 457 2163 dominos.
474 2130 570 2171 Quot
588 2140 714 2174 nempe
732 2127 790 2160 ha-

116 2183 175 2215 het
185 2191 361 2228 patronos.

173 2248 206 2280 7.
223 2236 340 2281 Inquit.
356 2234 484 2276 «Quod
506 2243 635 2276 tentas,
658 2247 722 2280 pro
742 2236 790 2266 ἰη-

118 2290 187 2332 quit
205 2287 351 2333 legendo
367 2288 438 2320 Ιιὶηε
459 2290 522 2327 ait,
543 2288 647 2321 unice
664 2286 791 2320 admit-

118 2339 263 2373 tendum
294 2340 470 2374 arbitror:
501 2340 682 2374 considera
707 2352 791 2372 vero

120 2394 319 2427 varietatem
341 2391 419 2426 cod.
447 2393 584 2426 Thuan.
611 2393 646 2426 in
669 2391 791 2426 eodem

117 2459 222 2480 versu
239 2446 298 2492 qui
320 2459 384 2491 pro
398 2445 470 2486 Cai,
493 2445 572 2478 Caio
590 2445 790 2479 substituit:

117 2499 318 2533 discrimine
331 2502 410 2532 satis
426 2499 576 2544 ingenti,
595 2497 655 2531 sed
670 2509 793 2530 vereor

121 2551 206 2586 utid
217 2561 308 2586 recte
317 2552 429 2586 sensui
446 2551 684 2585 convenerit.»
700 2553 793 2583 Ano-

120 2617 246 2650 nymus
259 2604 404 2652 quidam
415 2605 450 2638 in
467 2605 530 2650 Ep.
546 2604 631 2638 Crit.
647 2602 691 2636 ad
709 2605 791 2636 Ant.

121 2658 159 2689 de
176 2659 276 2705 Roqr.
293 2657 333 2691 Id
351 2668 463 2692 autem
484 2657 656 2690 Antonius
674 2657 722 2690 sic
739 2669 793 2689 ex-

846 1441 990 1473 tulerat:
1006 1457 1019 1469 ι(
1036 1439 1094 1472 Nil
1113 1437 1307 1484 quidquam
1323 1437 1379 1470 hic
1394 1445 1522 1470 temere

845 1493 1061 1526 mutaverim.
1087 1491 1155 1525 Sed
1176 1492 1245 1524 hoc
1265 1490 1356 1532 scio,
1374 1502 1447 1523 non
1468 1502 1521 1523 se—

845 1546 913 1579 mel
927 1546 1097 1579 Veterum
1107 1545 1195 1586 loca,
1204 1543 1378 1589 imperitis
1389 1542 1500 1576 dicam
1512 1568 1522 1585 ,

846 1611 889 1632 an
914 1596 1221 1643 imprudentibus?
1246 1609 1319 1630 non
1343 1597 1522 1630 observata

845 1651 1010 1697 synizesi,
1024 1651 1128 1684 fuisse
1141 1650 1327 1695 depravata
1342 1661 1349 1682 ε
1362 1648 1435 1683 vid.
1445 1661 1522 1694 quae

845 1711 942 1738 notat
960 1704 1114 1749 ampliss.
1131 1703 1312 1744 Vonkius,
1331 1702 1426 1735 Lect.
1445 1703 1521 1735 Lat.

846 1758 892 1796 ΙΙ,
909 1759 941 1790 6.
954 1755 1021 1790 Sed
1033 1756 1074 1789 ad
1089 1757 1267 1789 Nostrum.
1278 1755 1416 1787 Vellem
1426 1754 1524 1800 equi-

846 1809 925 1843 dem
939 1810 1027 1843 alius
1040 1817 1149 1855 poetae
1160 1805 1327 1847 (Cornicis
1341 1808 1435 1841 enim
1449 1820 1521 1840 non

846 1863 1053 1896 inusitatum
1069 1877 1075 1894 z
1091 1861 1288 1896 vid.Wasii
1305 1861 1426 1894 Senar.
1439 1873 1468 1894 c.
1485 1855 1524 1905 9)

847 1916 1047 1961 exemplum
1062 1923 1283 1948 succurreret
1293 1917 1340 1946 ait
1349 1913 1526 1959 monosyl-

847 1969 916 2001 labi
929 1982 937 2010 3
957 1968 1080 2014 quovis
1094 1969 1244 2014 pignore
1257 1966 1505 2001 contenderem
1517 1992 1526 2006 ‚

847 2022 1025 2067 scripsisse
1043 2022 1185 2054 Poetain
1205 2020 1303 2063 Quod
1313 2020 1417 2059 debes,
1441 2019 1521 2057 Cui,

849 2075 942 2107 redde
953 2102 962 2115 ,
982 2075 1053 2106 hinc
1070 2077 1116 2107 ait
1130 2074 1281 2114 Phoebus,
1299 2081 1328 2105 e!
1344 2073 1432 2105 illinc
1446 2071 1524 2104 Cin·

849 2141 968 2161 namus.
996 2128 1041 2160 Et
1065 2127 1175 2161 cuivis
1204 2126 1306 2172 paulo
1333 2124 1526 2158 accuratius

848 2180 1051 2226 inspicienti
1064 2179 1246 2225 apparebit
1259 2205 1267 2219 ,
1281 2179 1351 2210 Ιιὶηε
1364 2180 1412 2210 ait
1425 2178 1525 2211 facile

850 2247 867 2267 a
893 2234 1000 2267 sciolo
1024 2233 1167 2266 librario
1198 2232 1234 2265 in
1265 2234 1366 2277 inquit
1395 2231 1523 2263 mutari

849 2287 1014 2332 potuisse.
1030 2287 1236 2331 Quanquam
1250 2284 1380 2324 neseio,
1396 2296 1439 2316 an
1453 2296 1524 2316 non

849 2340 914 2372 sub
940 2344 985 2384 τῷ
1013 2339 1148 2371 Plzoebus
1172 2338 1266 2371 aliud
1292 2349 1420 2370 nomen
1441 2348 1527 2382 pro-

853 2392 970 2437 priu‘m
995 2391 1237 2436 dissyllabum,
1260 2403 1276 2423 a
1307 2389 1417 2423 vocali
1445 2389 1527 2422 inci·

851 2445 949 2490 piens
960 2469 969 2483 ‚
991 2444 1106 2478 lateat.
1127 2462 1191 2473 ιι-
1208 2442 1340 2476 ΡΙιωύιω·
1356 2451 1387 2474 et
1406 2441 1522 2475 Cimm-

852 2511 928 2530 mus.
947 2497 1197 2530 Foeneratores.

907 2563 940 2593 9.
975 2551 1148 2582 Tortorem.
1180 2550 1209 2582 A
1237 2561 1308 2595 quo
1338 2546 1525 2594 aliquando

853 2603 1002 2648 vapulas.
1036 2625 1086 2628 —
1119 2603 1271 2647 Podagra
1302 2602 1526 2647 cheragraque.

854 2657 939 2697 Qnae
965 2664 1046 2689 sunt
1074 2665 1205 2689 atroces
1232 2656 1265 2688 in
1289 2655 1525 2688 membrorum
