1978 3305
353 248 938 293 EPIGRAMMATUM
974 246 1100 290 LIB.
1139 248 1225 289 IX.

1384 248 1481 301 413

283 337 419 380 Vovit
447 352 527 396 pro
559 335 699 380 reditu
728 337 810 379 viri
839 333 1061 385 Philaenis,

283 405 408 450 Illam
434 405 617 467 lingeret
641 416 691 450 ut
714 405 857 467 puella
883 403 1086 465 simplex,

285 476 431 532 Quam
455 486 582 521 castae
607 493 780 537 quoque
807 476 994 536 diligunt
1017 474 1207 525 Sabinae;

283 547 492 607 Dispersa
518 557 609 590 rate
630 547 824 590 tristibus
849 544 1049 607 procellis
1065 580 1076 599 ,

284 617 457 661 Mersus
482 617 705 672 fluctibus,
728 617 997 675 obrutusque
1022 624 1181 674 ponto,

286 686 353 729 Ad
377 696 530 730 votum
555 686 777 730 Diodorus
800 686 1002 730 enatavit.

284 757 326 798 O
349 756 499 799 tardus
522 756 649 800 nimis
671 766 716 799 et
739 757 862 817 piger
886 752 1086 799 maritus!

283 827 379 870 Hoc
409 842 434 869 a
459 825 584 870 litore
614 827 647 870 si
677 826 821 887 puella
846 835 1000 869 votum

281 896 467 941 Fecisset
494 912 616 952 mea,
641 898 840 958 protinus
870 896 1088 940 redissem.

129 1033 147 1067 5
155 1060 162 1067 .
173 1033 313 1067 Sabinae.
325 1034 460 1067 Sabinae
473 1034 610 1068 ferninae
621 1035 663 1068 ab
674 1047 750 1068 om-

74 1086 177 1120 nibus
206 1087 408 1121 auctoribus
441 1086 594 1121 audiunt
626 1096 726 1121 castae
740 1114 750 1129 ,

75 1139 261 1185 simplices.

132 1205 187 1226 10.
211 1193 285 1225 Hoc
303 1196 335 1225 in
365 1193 454 1225 litat-e
475 1193 512 1226 in
539 1193 750 1238 quibusdam

810 1043 893 1069 vett.
913 1035 1066 1076 Caetera,
1088 1033 1183 1066 nulla
1203 1042 1253 1067 est
1274 1034 1484 1068 varietas.—

811 1088 849 1122 Si
868 1088 988 1133 puella.
1018 1086 1182 1120 Ostendit
1209 1087 1361 1132 puellam
1388 1100 1484 1120 suam

811 1139 991 1173 immunda
1016 1140 1147 1173 femora
1166 1140 1314 1181 habere,
1335 1149 1368 1173 et
1393 1139 1484 1173 indi-

811 1206 892 1239 gere
911 1201 1083 1239 purgante
1102 1193 1233 1238 lingua.
1250 1194 1444 1226 Donnrms.

680 1334 891 1389 XLII.

577 1490 632 1517 IN
672 1489 986 1519 PONTICUM.

76 1616 304 1669 PONTICE,
327 1614 445 1675 quod
472 1630 696 1675 nunquam
723 1614 878 1670 futuis,
905 1613 980 1657 sed
1007 1613 1159 1674 pellice
1186 1613 1291 1657 laeva

145 1687 317 1739 Uteris,
342 1695 385 1728 et
405 1686 567 1729 Veneri
592 1685 725 1728 servit
754 1685 893 1728 amica
921 1700 1100 1739 manus,

76 1758 172 1799 Hoc
196 1755 303 1799 nihil
329 1773 422 1800 esse
446 1754 602 1817 putas?
625 1754 762 1800 scelus
793 1765 881 1811 est,
905 1754 1012 1798 mihi
1036 1753 1187 1805 crede,
1215 1755 1288 1799 sed
1314 1757 1485 1817 ingens,

145 1827 373 1883 Quantum
405 1828 478 1870 vix
502 1827 646 1870 animo
677 1826 868 1887 concipis
894 1827 985 1886 ipse
1009 1835 1097 1869 tuo.

75 1899 244 1958 Nempe
270 1896 401 1941 semel
428 1897 583 1952 futuit,
611 1906 839 1958 generaret
862 1897 1068 1940 Horatius
1094 1906 1142 1939 ut
1165 1907 1272 1948 tres;

146 1968 267 2011 Mars
292 1966 446 2023 semel,
471 1977 518 2011 ut
541 1969 736 2028 geminos
760 1967 839 2011 Ilia
861 1977 980 2011 casta
1002 1967 1138 2010 daret.

77 2039 237 2082 Omnia
265 2038 537 2099 perdiderat,
563 2040 598 2082 si
623 2038 919 2082 masturbatus
945 2047 1127 2098 uterque

145 2109 398 2153 Mandasset
426 2109 627 2153 manibus
659 2109 814 2170 gaudia
841 2108 956 2152 foeda
987 2109 1088 2152 suis.

134 2264 148 2285 1
157 2278 165 2284 .
180 2253 298 2285 Pelliee
309 2253 401 2285 laeva.
418 2253 632 2298 Diogeniaua
645 2254 752 2287 uteris

77 2305 234 2346 Venere,
254 2305 314 2350 qui
340 2307 391 2338 τὸν
410 2303 443 2338 δ’
462 2299 613 2350 Ῠμέναιον
636 2299 751 2339 ἤειδεν

75 2359 228 2403 παλάμῃ,
247 2355 367 2396 Λαίδος
388 2360 419 2391 οὐ
437 2360 575 2401 χατέων.
592 2359 754 2404 Agathias

75 2411 136 2444 lib.
157 2411 228 2443 VII
249 2411 480 2456 Anthologiae.
505 2410 612 2452 Quod
643 2411 754 2451 idem,

74 2464 183 2497 refert
199 2463 351 2497 Galenus
365 2464 505 2502 lib.VI,
520 2464 590 2508 περὶ
610 2468 672 2496 τῶν
694 2478 753 2497 πε-

75 2518 235 2550 πονθότων
247 2517 367 2549 τόπων.
380 2516 570 2562 Innuitque
583 2517 655 2562 ipse
671 2517 754 2549 Dio-

74 2582 178 2614 genes
202 2569 367 2609 Luciani,
384 2571 413 2602 ἐν
437 2570 517 2603 Βίων
547 2574 752 2614 φιλοσεφικῶν

76 2624 205 2667 πράσει.

134 2676 166 2708 5.
180 2675 298 2720 Nempe
307 2677 523 2718 semelfictm't,
543 2683 605 2708 etc.
620 2676 669 2708 Ex
684 2687 754 2707 uno

812 2265 996 2298 congressu
1015 2253 1123 2297 geniti
1142 2260 1221 2285 sunt
1241 2253 1417 2297 trigemini
1437 2254 1485 2287 illi

812 2306 966 2345 Horatii,
981 2305 1041 2350 qui
1055 2313 1122 2338 tres
1137 2305 1311 2338 Curiatios
1323 2306 1487 2351 singulari

813 2358 858 2392 de
878 2370 916 2391 re
934 2359 1088 2390 Romana
1110 2358 1297 2391 certamine
1325 2361 1487 2393 commis-

814 2424 886 2451 sos,
902 2419 1068 2455 regnante
1084 2411 1190 2443 Tullo
1207 2411 1355 2444 Hostilio
1367 2438 1375 2453 ,
1391 2412 1487 2446 devi-

814 2472 937 2497 cerunt
959 2476 966 2496 :
989 2475 1029 2495 ex
1051 2476 1120 2495 uno
1139 2464 1247 2507 geniti
1270 2465 1438 2499 Romulus
1454 2475 1488 2500 et

814 2518 963 2556 Remus,
986 2517 1105 2549 Romae
1126 2515 1336 2550 conditores.

869 2582 904 2613 7.
934 2568 1141 2608 Perdiderat,
1178 2583 1243 2614 pro
1265 2570 1486 2616 perdidisset.

816 2622 1034 2655 Mamm-batus
1052 2630 1188 2667 uterque.
1211 2623 1259 2655 Ut
1279 2631 1328 2656 tu‚

871 2678 904 2709 8.
925 2675 990 2707 Alii
1011 2675 1147 2720 legunt.
1165 2676 1286 2717 gaudia
1303 2690 1395 2709 ,τινι-ιι.
