1978 3305
342 218 924 263 EPIGRAMMATUM
966 219 1090 261 LIR.
1132 220 1185 262 X.
1381 217 1474 280 573

214 309 366 352 Monte
398 316 538 359 creat,
563 305 722 366 rapidis
751 322 877 366 quem
910 305 1008 349 Salo
1039 307 1172 367 cingit
1200 308 1342 367 aquis3

147 378 315 438 Ecquid
340 377 433 421 laeta
452 377 578 436 juvat
603 377 733 420 vestri
758 392 834 419 vos
858 374 992 435 gloria
1020 374 1157 419 vatis?

214 449 330 492 Nam
357 447 488 491 decus
517 456 558 490 et
588 462 745 490 nomeu
762 481 772 500 ‚

804 445 1003 506 fal'ssssqUC
1031 456 1174 490 Vestra
1204 463 1362 490 sumus.

135 519 240 567 ,Nec
269 534 346 562 sua
371 517 466 579 plus
495 517 623 560 debet
649 517 766 560 tenui
788 517 962 559 Verona
994 515 1189 565 Catullo,

216 589 377 648 Meque
403 586 506 630 velit
525 587 609 630 dici
632 603 719 629 nou
744 587 884 629 minus
907 585 975 629 illa
999 603 1138 629 suum.

149 659 351 715 Quatuor
375 658 555 700 accessit
576 657 794 717 trigesima
818 655 1028 699 messibus
1054 666 1199 705 aestas,

220 730 284 772 Ut
313 728 402 772 sine
429 743 496 770 me
520 727 669 770 Cereri
698 726 857 770 rustica
887 724 970 769 liba
1003 725 1126 770 datis.

150 799 313 842 Moenia
340 797 444 840 dum
470 795 651 840 colimus
676 795 861 839 dominae
886 795 1179 856 pulcherrima
1204 798 1376 846 Romae,

219 869 448 911 Mutavere
475 882 592 910 meas
618 865 728 909 Itala
753 882 886 926 regna
911 882 1072 910 comas.

151 938 360 998 Excipitis
384 937 585 981 reducem
614 935 782 997 placida
805 938 838 980 si
862 946 1026 991 mente,
1049 938 1268 987 veniinus;

221 1009 386 1069 Aspera
410 1009 444 1051 si
469 1008 614 1067 geritis
643 1007 797 1060 corda,
824 1007 962 1050 redire
988 1005 1098 1050 licet.

82 1144 272 1191 pendulam
292 1145 460 1190 appellat,
490 1153 527 1177 ut
547 1145 615 1177 alto
635 1153 754 1177 monte

83 1199 183 1231 sitam
196 1197 299 1231 fuisse
313 1197 503 1242 intelligas3
517 1197 565 1230 sic
579 1197 687 1242 epigr.
705 1198 756 1229 in-

84 1250 259 1296 sequenti,
270 1258 303 1283 et
315 1250 376 1282 lib.
390 1250 406 1282 I
416 1276 424 1290 ,
438 1251 546 1294 epigr.
558 1263 579 1282 L
590 1275 598 1290 ,
613 1251 680 1293 jam
696 1250 753 1282 cit.

138 1317 170 1336 2.
187 1303 329 1347 Rapidus
356 1301 435 1335 edd.
455 1302 626 1336 Schrevel.
655 1302 753 1334 Bau-l».

84 1355 198 1389 Maitt.
214 1356 302 1400 Quos
315 1353 396 1388 edd.
413 1363 518 1388 vett.«
535 1355 634 1397 Quem
645 1355 756 1388 Scriv.

85 1418 119 1442 et
138 1407 212 1441 MS.
236 1416 364 1441 noster.
382 1425 395 1437 n
426 1407 567 1441 Famab.
595 1407 652 1440 Sic
672 1407 757 1441 dant

86 1459 190 1494 codd.
210 1461 395 1494 Pulmann.
418 1461 553 1494 Beverl.
579 1478 592 1489 τι
607 1460 675 1493 Pro
692 1464 759 1493 cin-

85 1517 135 1557 git
151 1514 382 1559 conjiciebam
401 1516 550 1556 stringit:
564 1526 635 1546 non
652 1526 759 1559 urgeo

87 1574 214 1599 tamen.
230 1583 242 1595 n
269 1567 320 1599 De
339 1567 439 1612 Rooy.

143 1619 176 1652 3.
202 1619 330 1666 Ecquid
344 1620 430 1651 laeta.
451 1618 543 1652 Vide
560 1618 619 1651 lib.
642 1620 669 1652 Ι.
688 1619 760 1665 epi-

87 1684 242 1716 gramma
264 1684 352 1705 an.
372 1673 400 1703 A
417 1671 519 1706 claris
538 1672 649 1717 poetis
671 1672 762 1704 mul-

91 1732 165 1757 tum
184 1724 404 1758 illustrantur
421 1725 589 1758 civitates-

145 1779 178 1810 5.
203 1778 313 1810 Tenui.
337 1776 461 1810 Nitido
474 1803 482 1817 ,
506 1777 613 1810 culto.
626 1777 762 1810 Volunt

91 1829 147 1862 alii
178 1830 377 1863 tenuemhic
405 1842 476 1863 esse
496 1831 688 1875 elegantem
708 1831 762 1863 vel

89 1883 221 1921 levem,
250 1883 490 1928 λεπτόγραφον,
519 1882 613 1928 quod
645 1895 764 1916 versus

90 1935 254 1975 leviores,
277 1943 415 1969 teneros
428 1961 436 1977 ‚
453 1943 486 1968 et
503 1934 766 1969 delicatissimos

91 1987 479 2032 scripserit.—Verona.
491 1988 547 2021 Sic
568 1989 638 2021 fere
651 1988 711 2022 lib.
730 1989 762 2028 I,

92 2040 201 2085 epigr.
224 2053 326 2073 anr.

870 1157 902 1187 7.
920 1144 1080 1176 Mensibus
1093 1143 1170 1177 cod.
1187 1144 1323 1176 Beverl.
1335 1167 1385 1170 —
1400 1146 1488 1188 Qua-

816 1205 887 1229 tuor
918 1200 1067 1236 accessit,
1090 1205 1154 1230 etc.
1178 1197 1254 1229 Jam
1284 1210 1345 1242 per
1373 1211 1489 1236 xxxiv,

816 1258 1019 1287 autumnos,
1039 1249 1166 1294 quibus
1185 1263 1245 1282 vos
1265 1262 1358 1284 sacra
1377 1251 1488 1284 facitis

817 1302 957 1343 Cereri,
979 1302 1076 1335 abfui
1093 1315 1110 1335 a
1123 1302 1242 1340 vobis,
1264 1303 1401 1348 vixique
1418 1305 1488 1336 Ro-

818 1368 893 1388 mae.
910 1355 1029 1400 Epigr.
1051 1367 1120 1400 seq.
1142 1368 1191 1388 vs.
1214 1370 1247 1399 9.

873 1410 905 1442 8.
931 1408 1059 1440 Rustica
1081 1408 1156 1440 liba.
1181 1408 1269 1449 Quae
1294 1409 1423 1441 fiebant
1450 1422 1488 1442 ex

820 1461 925 1499 lacte,
952 1472 1101 1499 sesamo,
1129 1469 1163 1493 et
1182 1461 1283 1493 melle
1301 1473 1308 1494 :
1327 1462 1488 1495 Cererem

820 1525 904 1546 vero
926 1521 962 1545 ut
985 1513 1124 1559 frugum
1147 1513 1378 1548 inventricem
1402 1516 1492 1548 cole-

821 1568 904 1599 bant
923 1567 1055 1599 rustici.

875 1633 908 1662 9.
920 1619 1065 1651 Dominae
1079 1646 1088 1659 ,
1104 1628 1169 1652 etc.
1188 1619 1266 1653 Lib.
1280 1620 1367 1661 ΧΠ,
1383 1621 1491 1665 epigr.

821 1683 892 1704 vn1
906 1683 912 1703 :
927 1687 939 1697 -‹
953 1672 1143 1705 Terrarum
1159 1673 1230 1705 Dea
1248 1672 1474 1718 gentiumque
1484 1698 1493 1711 ,

823 1726 943 1757 Roma.
959 1741 972 1753 ι»
988 1723 1070 1757 Vid.
1089 1737 1230 1770 quoque
1246 1725 1307 1758 lib.
1325 1727 1360 1767 I,
1373 1739 1429 1771 ep.
1445 1739 1493 1759 ιν,

881 1790 937 1810 10.
962 1777 1123 1810 Mutavere
1139 1791 1232 1811 meas.
1253 1778 1329 1812 Hoc
1350 1788 1418 1820 est,
1441 1791 1494 1812 ca-

824 1842 875 1862 nae
898 1830 994 1863 factae
1013 1838 1094 1863 sunt
1113 1843 1196 1864 meae
1215 1843 1333 1864 comae.

883 1895 938 1915 12.
956 1884 1081 1928 Aspera
1093 1911 1102 1923 ‚
1127 1892 1192 1917 etc.
1214 1884 1263 1917 Ut
1280 1892 1400 1929 postea
1417 1897 1495 1917 cum

825 1935 1004 1969 stomacho
1019 1946 1182 1982 expertus
1196 1945 1261 1977 est;
1274 1937 1299 1969 si
1313 1949 1415 1969 verus
1427 1937 1498 1982 ipse

826 1989 862 2021 in
878 1989 1024 2033 epistola
1038 1989 1098 2022 lib.
1114 1990 1197 2022 XII.
1213 1989 1387 2022 Ultimum
1402 1989 1498 2023 disti-

824 2041 914 2074 chon
934 2042 1039 2087 vulgo
1059 2042 1263 2085 abjudicant
1280 2043 1445 2075 Martiali.

717 2174 873 2232 CIV.

622 2325 688 2352 AI)
728 2304 979 2353 LIBRUM*

307 2443 325 2483 I
358 2451 507 2484 nostro
535 2457 700 2493 come5‚
724 2442 735 2484 i
766 2440 928 2492 libelle,
956 2441 1109 2486 Flacco

151 2577 164 2587 ¹*
181 2577 292 2610 Mittit
307 2577 434 2610 librum
453 2577 493 2609 ad
513 2577 674 2610 Flaccum
690 2578 775 2611 aini-

98 2641 197 2670 cum‚
219 2642 321 2675 quein
351 2632 383 2663 in
415 2630 615 2675 Hispaniam
646 2631 773 2663 iturum

836 2586 972 2617 mouet,
992 2579 1041 2611 uti
1063 2587 1196 2613 veteres
1216 2582 1345 2615 amicos
1368 2587 1500 2620 salutes

896 2644 922 2663 ι.
951 2631 1077 2663 Flm-w.
1102 2633 1139 2665 In
1159 2632 1359 2678 Hispaniam
1379 2637 1480 2672 ituro.
