1978 3305
242 246 304 287 M.
319 245 452 288 VAL.
475 246 797 291 MARTIALIS
820 247 1157 290 EPIGRAMM.
1181 249 1288 291 LlB.
1309 249 1388 291 IX.
1439 247 1536 309 373

205 333 313 375 ILLE
340 347 433 376 EGO
458 347 554 376 SUM
582 348 725 377 NULLI
749 349 985 378 NUGARUM
1011 349 1167 378 LAUDE
1193 349 1450 391 SECUNDU8;

278 402 425 458 QUEM
447 418 544 447 NON
568 418 791 459 MlRARIS,
812 419 894 448 SED
920 419 1067 459 PUTO,
1089 419 1263 448 LECTOR
1279 440 1290 459 7
1315 420 1454 449 AMAS.

207 472 429 517 MAJORES
453 488 645 517 MAJORA
669 488 849 518 SONENT
872 491 880 516 :
905 489 1016 518 MIHI
1041 490 1197 518 PARVA
1221 490 1440 527 LOQUUTO

275 542 489 586 SUFFlCIT
512 559 561 586 IN
584 557 788 587 VESTRAS
815 559 936 588 SAEPE
962 560 1133 588 REDIRE
1157 559 1333 589 MANUS.

139 678 232 712 idem
244 679 360 712 fuerit.
372 681 462 713 Utut
471 690 537 721 est,
551 680 722 714 Martialis
731 680 813 713 ima-

138 731 255 776 ginem
272 732 330 765 ille
353 733 390 765 in
410 745 470 766 sua
488 733 700 766 bibliotheca
721 733 812 766 inter

138 784 410 817 clarissimorum
451 793 634 830 poetarum
679 785 811 831 effigies

141 837 381 871 collocaverat.

194 890 227 922 5.
249 890 308 922 Ille
323 902 392 934 ego.
410 890 555 923 Avitum
571 899 670 935 rogat
684 899 725 924 ut
739 891 812 924 haec

138 951 291 986 quatuor
318 943 475 976 carmina
504 944 697 977 subscribat
726 943 813 977 ima·

138 994 210 1038 gini
231 994 338 1040 ipsius
350 1021 359 1037 ‚
378 1008 483 1040 quam
502 996 594 1029 inter
613 996 707 1029 viros
723 1008 812 1041 prae-

872 681 984 714 claros
1017 680 1219 726 ponendam
1248 683 1285 714 in
1323 695 1383 715 sua
1416 683 1544 717 biblio-

872 733 971 766 theca
991 741 1181 767 curaverat.

924 781 962 820 8.
997 785 1144 819 Juntina
1175 795 1293 820 nostra
1325 787 1361 819 in
1390 789 1544 833 margine

871 839 1013 871 exhibet
1039 851 1047 871 :
1077 856 1091 868 «
1114 839 1281 872 Miaomzs
1310 851 1450 873 MAJORA
1483 853 1544 874 Ju-

875 904 964 924 vmw
977 917 987 932 ,
1011 891 1082 924 sive
1104 904 1257 925 CANENT.
1275 909 1288 921 n
1307 893 1383 925 Hoc
1399 894 1546 938 propius

872 942 1005 977 accedit
1040 943 1085 976 ad
1113 945 1293 978 literarum
1327 945 1475 978 formam
1509 947 1544 979 in

873 1009 958 1030 voce
977 1009 1128 1030 somnam.

415 1276 732 1306 MAaTiALls
770 1277 1029 1306 TURANIO
1068 1278 1171 1307 suo
1210 1259 1274 1307 s.*

211 1402 338 1455 Avn,
365 1401 425 1443 mi
445 1401 647 1456 Turani‚¹
672 1400 805 1444 frater
830 1403 1060 1445 carissime.
1083 1403 1412 1463 Epigrainina,²
1433 1405 1550 1465 quod

142 1480 263 1513 extra
290 1470 487 1514 ordinem
517 1473 775 1532 paginarum
798 1480 887 1526 est,
911 1471 966 1515 ad
989 1473 1242 1515 Stertinium
1266 1473 1549 1518 clarissimum

143 1541 285 1583 virum
306 1542 580 1601 scripsimus,
600 1542 674 1602 qui
696 1542 930 1602 imaginem
951 1558 1093 1585 meam
1108 1532 1121 1556 3
1144 1560 1305 1603 ponere
1332 1545 1375 1587 in
1397 1544 1551 1589 biblio-

142 1611 270 1654 theca
294 1627 371 1655 sua
396 1611 544 1655 voluit.
566 1613 634 1655 De
654 1628 741 1673 quo
763 1612 1040 1656 scribendum
1063 1613 1141 1656 tibi
1163 1615 1334 1674 putavi,
1357 1631 1411 1657 ne
1429 1616 1551 1676 igno—

144 1697 285 1738 rares,
304 1683 560 1739 Avitusniste
580 1683 675 1743 quis
698 1692 940 1727 vocaretur.
957 1682 1066 1726 Vale
1081 1718 1092 1739 ,
1113 1693 1156 1726 et
1174 1700 1279 1745 para
1298 1684 1550 1745 hospitium.

179 1818 193 1830 '¹
203 1836 215 1848 a
224 1820 436 1852 Auctoritate
447 1819 607 1853 codicum
617 1820 697 1854 freti
705 1833 818 1867 neque

144 1872 291 1905 consilio
320 1872 435 1905 minus
463 1873 503 1905 P.
533 1872 713 1914 Scriverii,
734 1874 818 1918 Epi-

145 1925 248 1957 stolio
267 1933 349 1970 post
376 1925 589 1970 epigramma
610 1925 654 1959 ad
673 1926 818 1960 Avitum

145 1976 308 2010 dedimus
337 1977 527 2011 secundum
555 1979 692 2020 locum3
723 1978 818 2025 quod

145 2038 259 2064 tamen
282 2031 420 2063 nullum
439 2031 546 2064 habet
567 2031 601 2064 iu
625 2031 817 2065 Bodleiano

146 2083 292 2128 aliisque
310 2083 520 2128 quibusdam
535 2084 636 2117 MSS.
646 2101 659 2114 n
676 2084 816 2118 Fiam-

146 2137 410 2169 rima—Abest
432 2137 537 2169 etiam
548 2137 585 2169 in
601 2136 723 2170 codice
736 2138 819 2170 Pul-

146 2189 267 2221 manni
290 2200 300 2221 ε
322 2188 383 2222 sed
406 2190 561 2234 primum
588 2198 682 2222 tenet
704 2191 820 2223 locum

147 2241 185 2273 in
200 2240 280 2274 Ald.
296 2241 394 2274 Junt.
416 2242 530 2275 Colin.
548 2242 687 2287 Gryph.
706 2243 819 2276 Plant.

148 2293 292 2326 Junian.
313 2294 422 2338 Lang.
449 2295 574 2339 Delph.
602 2303 666 2328 etc.
693 2296 821 2329 Inscri-

149 2345 242 2391 ptio,
255 2346 416 2378 Martialis
436 2347 577 2379 Turanio
594 2360 650 2379 suo
667 2347 703 2381 S.
724 2347 822 2381 deest

149 2399 186 2431 in
221 2397 299 2431 Ald.
334 2399 434 2431 Junt.
466 2399 584 2432 Colin.
616 2399 756 2445 Gryph.
789 2408 823 2433 et

149 2451 258 2496 Lan-g.
284 2451 447 2483 illartialis
479 2452 633 2484 Torram'o
656 2465 711 2484 suo
735 2454 822 2485 salu-

152 2512 210 2536 tem
232 2504 269 2536 in
290 2504 401 2536 Plant.
423 2503 564 2536 Juniau.
588 2512 622 2536 et
644 2505 770 2550 Delph.

210 2569 238 2589 1.
266 2557 406 2588 Toranni
427 2556 463 2588 in
484 2555 564 2589 edd.
588 2565 673 2590 vett.

209 2622 239 2642 2.
264 2609 483 2653 Epigramma.
517 2611 671 2655 Sequens
699 2622 825 2655 nempe

152 2670 345 2706 separatum
375 2674 392 2694 a
416 2662 577 2707 reliquis,
610 2662 657 2696 ita
689 2671 723 2695 ut
751 2662 824 2707 pri-

876 1834 973 1854 mum
994 1822 1098 1867 hujus
1117 1821 1198 1854 libri
1218 1822 1261 1854 sit
1279 1822 1318 1854 de
1341 1823 1452 1867 templo
1472 1823 1552 1855 Fla-

879 1876 936 1906 ‹siae
948 1877 1051 1918 gentis
1065 1887 1076 1907 .·
1090 1874 1297 1907 Stertinium
1310 1887 1396 1908 vero
1409 1875 1552 1908 Avitum

879 1926 982 1960 etiam
1003 1927 1171 1960 nominat.

934 1980 968 2012 3.
997 1981 1169 2024 Imaginem
1199 1993 1308 2013 meam.
1338 1980 1448 2013 Moris
1479 1988 1552 2013 erat

878 2033 1042 2077 antiqui,
1068 2032 1255 2066 doctorum
1282 2033 1440 2066 virorum
1467 2032 1552 2065 ima-

878 2085 975 2130 gines
983 2085 1018 2118 in
1028 2086 1248 2118 bibliothecis
1257 2084 1484 2131 ponere.'Vid.
1498 2085 1553 2118 Ci-

879 2150 960 2171 cero
979 2137 1022 2171 ad
1041 2139 1196 2171 Atticum
1213 2138 1273 2171 lib.
1297 2139 1365 2177 IV,
1385 2137 1484 2183 epist.
1502 2149 1550 2170 ix.

878 2191 958 2223 Juv.
971 2199 1033 2224 sat.
1043 2203 1096 2224 vn
1106 2216 1115 2231 ,
1131 2204 1174 2235 29
1187 2202 1194 2223 :
1208 2191 1294 2231 “Qui
1307 2190 1389 2223 facis
1403 2191 1438 2223 in
1449 2202 1555 2235 parva

880 2243 1042 2275 sublimia
1061 2244 1212 2276 carmina
1232 2243 1333 2281 cella,
1354 2243 1403 2275 Ut
1428 2241 1553 2287 dignus

880 2296 998 2329 venias
1016 2295 1153 2328 hederis
1173 2304 1207 2329 et
1226 2295 1375 2340 imagine
1394 2307 1519 2328 macra.
1536 2312 1550 2324 »ι

881 2347 988 2380 —Ad
1001 2349 1097 2380 hunc
1112 2360 1244 2381 morem
1258 2347 1399 2393 respicit
1413 2348 1555 2381 Flaccus

885 2394 972 2442 (lib.
996 2401 1031 2442 Ι,
1052 2409 1113 2432 sat.
1137 2399 1212 2440 ιν),
1239 2400 1412 2432 Fannium
1436 2399 1555 2433 ridens

884 2452 944 2497 qui
958 2453 1143 2498 imaginem
1163 2453 1236 2497 ipse
1249 2465 1345 2485 suam
1356 2478 1364 2494 ‚
1379 2461 1418 2485 ut
1431 2453 1556 2498 optimi

884 2513 918 2537 et
949 2504 1220 2550 splendidissimi
1244 2505 1350 2545 vatis,
1370 2506 1407 2539 in
1428 2505 1555 2538 Palati-

884 2570 962 2590 nam
982 2558 1230 2591 bibliothecam
1243 2556 1432 2592 detulerat:
1449 2576 1462 2587 n
1478 2559 1557 2592 bea-

886 2618 940 2643 tus
953 2610 1105 2644 Fannius
1127 2611 1220 2644 ultro
1243 2611 1372 2644 Delatis
1389 2611 1499 2656 capsis
1522 2618 1555 2643 et

886 2663 1054 2708 imagine!
1076 2681 1088 2693 n
1114 2664 1181 2696 En.

1266 2729 1354 2796 24³
