1978 3305
364 237 953 282 EPIGRAMMATUM
990 238 1117 280 LlB.
1144 238 1260 279 VII.

1418 251 1511 295 277

183 328 351 371 Caetera
377 324 548 368 lascivis
572 323 751 368 donavit
774 340 905 386 poma
930 322 1083 385 puellis

247 393 449 439 Mentula
475 394 667 440 custodis
691 393 913 439 luxuriosa
938 395 1034 439 Dei.

165 533 199 569 4.
219 528 387 568 Mentula,
416 535 479 561 etc.
509 528 589 573 Ipse
619 527 782 572 Priapus,

112 593 218 627 quem
238 582 295 615 vel
317 581 411 615 illius
433 581 497 615 suh
518 580 634 626 effigie
659 580 783 625 saepius

111 634 227 680 pinxit
263 634 423 680 improba
450 633 655 679 antiquitas;
677 644 782 678 quem

842 527 962 560 Φάλλον
973 552 981 567 ,
1001 527 1109 559 immo
1125 533 1160 559 et
1175 519 1343 570 ἰθύφαλλον
1362 524 1519 557 nomina-

842 579 904 612 vit.
932 577 1016 612 Vid.
1041 578 1104 611 lib.
1130 579 1171 620 Ι,
1195 578 1304 624 epigr.
1334 589 1457 615 mvr,
1484 584 1519 610 et

842 632 903 665 lib.
921 632 974 664 VI
988 656 997 672 ‚
1017 631 1126 676 epigr.
1146 643 1233 664 xnx
1255 638 1289 664 et
1309 642 1436 664 Lxxnr.

710 765 911 822 XCII.

590 919 647 946 IN
690 896 1045 945 BACCARAM.*

180 1047 227 1091 Sl
252 1045 357 1107 quid
381 1061 491 1106 opus
513 1044 667 1099 fuerit,
691 1044 774 1087 scis
795 1058 864 1086 me
885 1058 976 1085 non
999 1058 1092 1085 esse
1109 1037 1356 1103 ‘rogandum
1370 1078 1380 1098 ,

250 1117 320 1160 Bis
348 1115 473 1159 nobis
498 1114 626 1169 dicis,
650 1116 859 1168 Baccara,
880 1122 1033 1173 terque
1060 1111 1140 1156 die.

181 1185 385 1248 Appellat
414 1185 551 1247 rigida
575 1185 708 1229 tristis
735 1200 805 1227 me
829 1200 939 1228 voce
968 1182 1213 1238 Secundus;

249 1256 408 1312 Audis,
436 1255 511 1300 sed
531 1256 692 1311 nescis,
716 1257 930 1309 Baccara,
953 1253 1058 1314 quid
1082 1254 1136 1297 sit
1157 1270 1278 1314 opus.

180 1328 334 1374 Pensio
364 1336 406 1370 te
436 1342 585 1371 coram
615 1326 778 1387 petitur
802 1323 1004 1385 clareque
1028 1323 1283 1385 palamque;

248 1397 408 1453 Audis,
434 1396 509 1441 sed
533 1397 696 1451 nescis,
721 1397 935 1448 Baccara,
957 1394 1062 1455 quid
1090 1395 1144 1438 sit
1172 1411 1293 1456 opus.

181 1469 286 1512 Esse
311 1484 472 1528 queror
497 1466 747 1529 gelidasque
773 1466 881 1510 mihi
906 1466 1114 1526 tritasque
1140 1464 1357 1521 lacernas3

250 1538 408 1594 Audis,
436 1538 511 1583 sed
535 1538 673 1582 nescis
688 1573 700 1594 ‚
728 1539 942 1592 Baccara,
966 1535 1072 1597 quid
1102 1536 1156 1580 sit
1180 1552 1303 1597 opus.

180 1610 278 1652 Hoc
307 1626 418 1670 opus
447 1619 533 1665 est,
559 1608 703 1653 subito
729 1607 807 1652 fias
837 1617 887 1651 ut
913 1606 1052 1651 sidere
1077 1615 1247 1662 mutus3

250 1679 409 1724 Dicere
434 1696 488 1723 ne
513 1680 675 1740 possis,
699 1680 911 1733 Baoeare,
934 1677 1038 1738 quid
1068 1678 1121 1721 sit
1150 1693 1273 1738 opus.

164 1818 179 1831 *
192 1821 233 1852 Iu
248 1832 377 1853 vanum
387 1819 633 1866 promissorem
644 1844 653 1859 ,
665 1827 700 1852 et
714 1819 788 1863 poi-

110 1872 213 1906 licitis
230 1871 393 1914 divitem3
413 1880 472 1905 aut
489 1871 608 1916 potius
628 1871 664 1903 in
682 1869 784 1904 dissi-

109 1926 327 1959 mulatorem.
353 1925 440 1959 Veri
465 1925 559 1958 enim
584 1923 687 1957 amici
712 1932 783 1960 est,

108 1978 214 2015 etiam
232 1991 304 2012 non
322 1978 460 2024 roganti
479 1989 694 2011 succurrere.

167 2044 199 2065 1.
222 2032 260 2065 Si
276 2032 354 2078 quid
372 2044 448 2077 opus
460 2032 564 2074 fuerit
581 2030 637 2063 tibi
656 2030 783 2063 Bever-

110 2083 208 2118 landi
225 2084 300 2118 MS.

167 2137 201 2172 3.
227 2137 392 2183 Appellat.
419 2135 585 2171 creditor
608 2136 739 2170 scilicet
765 2148 784 2169 a

111 2201 167 2227 me
185 2191 292 2235 exigit
310 2190 434 2224 foenus.

166 2247 199 2284 4.
218 2243 324 2279 Audis
339 2251 371 2275 et
387 2245 484 2276 nescis
498 2241 608 2276 codex
624 2242 786 2276 Pulman-

110 2294 148 2328 ni
170 2307 178 2328 :
204 2296 263 2328 alii
289 2296 428 2341 legunt:
457 2303 488 2328 et
514 2298 610 2329 nescit
637 2295 784 2329 Baccara

111 2348 189 2392 quid
204 2351 246 2381 sit
265 2361 340 2394 opus
350 2354 369 2380 9
386 2349 450 2381 Illa
468 2348 562 2381 enim
581 2348 784 2394 saepiuscule

109 2399 245 2435 dixerat
263 2401 431 2443 Martiali,
451 2401 536 2435 Pete
547 2426 556 2442 ‚
570 2402 598 2434 si
617 2399 703 2447 quid
719 2401 783 2434 tibi

110 2466 210 2499 opus.

167 2507 200 2541 5.
222 2508 339 2540 Pensio
359 2520 414 2540 cur
432 2520 450 2538 a
470 2519 516 2539 me
530 2509 650 2551 petitar-
672 2505 783 2539 codex

111 2559 307 2594 Pulmanni.
315 2561 494 2593 —Pensi0.
503 2557 647 2592 AEdium
658 2571 784 2604 nempe

846 1816 1113 1851 conductarum.
1129 1816 1208 1850 Lib.
1224 1818 1278 1850 III
1290 1843 1298 1858 ,
1311 1830 1365 1863 ep.
1380 1830 1467 1859 xxx,
1485 1818 1518 1850 3.

899 1874 933 1904 6.
955 1870 1061 1904 Audis
1083 1878 1116 1902 et
1134 1873 1232 1903 nescis
1247 1870 1477 1904 Pulmannus.

898 1935 932 1967 9.
953 1923 988 1956 F
987 1926 1034 1955 ias
1056 1931 1091 1955 ut
1105 1923 1215 1957 sidere.
1233 1922 1404 1958 Sideratio
1423 1936 1518 1957 mor-

842 1977 908 2009 bus
921 1984 972 2009 est
982 2002 992 2017 ‚
1003 1988 1076 2021 quo
1087 1976 1175 2009 laesae
1185 1976 1326 2010 arbores
1336 1985 1496 2010 arescunt
1511 1990 1520 2010 ;

842 2029 926 2062 hinc
937 2027 1156 2063 siderationis
1174 2042 1304 2062 nomen
1316 2030 1520 2063 translatum

843 2090 894 2116 est
911 2081 955 2115 ad
969 2081 1149 2115 hominem
1161 2107 1170 2123 ,
1188 2083 1284 2128 cujus
1301 2095 1430 2128 corpus
1446 2095 1520 2116 are-

842 2135 916 2168 scit.
928 2135 1054 2168 Sensus
1065 2144 1115 2169 est
1127 2147 1134 2169 :
1149 2134 1271 2169 Sidere
1283 2148 1444 2180 percussa
1462 2144 1519 2169 tua

840 2188 960 2233 lingua
976 2196 1117 2222 arescat.
1136 2187 1235 2221 Idem
1252 2187 1344 2221 dixit
1364 2188 1426 2222 lib.
1444 2189 1499 2221 XI
1511 2215 1521 2229 ‚

842 2241 952 2286 epigr.
968 2253 1082 2274 Lxxxv
1097 2253 1106 2274 z
1125 2240 1268 2274 «SIdere
1284 2252 1446 2286 percussa
1468 2250 1519 2276 est

843 2294 961 2328 subito
982 2293 1068 2334 tibi,
1087 2293 1201 2333 Zoile,
1222 2294 1351 2339 lingua.
1372 2311 1385 2323 n

901 2360 959 2380 10.
979 2347 1094 2379 Dicere
1112 2359 1167 2378 nec
1187 2349 1288 2391 possis
1312 2347 1519 2381 Beverlandi

843 2398 918 2433 MS.
939 2418 991 2425 —-
1012 2399 1102 2443 Quid
1117 2401 1159 2431 sit
1176 2412 1263 2444 opus.
1287 2399 1340 2433 Ne
1361 2401 1519 2446 proferas

843 2452 916 2485 haec
925 2452 1030 2484 verba
1041 2477 1049 2492 ‚
1059 2451 1186 2497 quibus
1195 2453 1425 2487 circumvenis
1435 2455 1520 2488 ami-

845 2517 921 2545 cos,
943 2504 1005 2549 qui
1029 2503 1178 2538 credunt
1198 2513 1232 2539 te
1252 2506 1318 2539 tuis
1340 2508 1521 2552 promissis

844 2565 1024 2591 staturum.

1194 2727 1278 2779 18³
