1978 3305
434 241 1020 285 EPIGRAMMATUM
1058 243 1183 285 LlB.
1223 244 1276 284 X.

1465 240 1562 296 485

298 328 483 373 Urbano
515 328 679 372 releves
704 326 813 372 colla
839 339 1014 389 perusta
1036 331 1154 391 jugo.

227 402 243 442 l
265 435 275 453 ‚
301 414 478 459 precor,
499 408 542 442 et
563 408 678 442 totos
699 399 825 442 avida
849 409 948 443 cute
972 400 1172 444 combibe
1196 398 1318 443 soles.

297 470 443 526 Quam
476 468 691 512 formosus
717 469 821 524 eris,
844 469 948 513 dum
972 471 1226 531 peregrinus
1251 466 1354 513 eris!

227 540 284 582 Et
310 541 456 582 venies
481 537 589 583 albis
614 556 703 583 non
727 540 1056 599 cognoscendus
1085 541 1253 594 amicis,

298 609 555 669 Livebitque
585 609 668 653 tuis
700 608 857 669 pallida
890 609 1016 653 turba
1049 607 1187 670 genis!

222 679 332 732 Sed,
351 680 421 722 via
446 695 575 739 quem
601 678 789 732 dederit,
812 680 951 739 rapiet
974 681 1061 724 cito
1088 681 1229 723 Roma
1255 678 1470 731 colorem,

298 748 462 793 Niliaco
488 748 639 792 redeas
661 758 710 792 tu
730 748 829 792 licet
850 764 927 792 ore
946 751 1079 809 niger.

158 867 246 901 facio
271 867 503 908 desiderium,
533 881 602 914 quo
629 868 750 914 flagras
774 881 833 902 rus

158 919 285 962 eundi,
305 928 345 953 ut
361 921 511 954 libenter
533 921 643 954 sinam
662 929 696 955 te
716 922 811 954 abire
824 948 833 962 ,

157 981 200 1006 ut
214 985 341 1018 nempe
356 974 504 1019 negotiis
517 982 621 1020 atque
636 973 760 1008 officiis
774 986 833 1007 ur-

157 1025 258 1059 banis
271 1024 499 1071 defatigatum
512 1034 545 1059 te
557 1038 705 1061 recrees.
720 1026 833 1065 «Colla

152 1087 295 1122 perusta,
317 1077 355 1112 id
370 1087 438 1118 est,
460 1079 576 1112 attrita
594 1080 737 1113 urbanis
755 1080 834 1113 offi-

158 1130 230 1166 ciis.
250 1131 446 1177 Saepissime
468 1132 561 1165 enim
583 1146 670 1165 urere
689 1145 834 1178 usurpa·

160 1191 218 1216 tuf
233 1196 300 1229 pro
317 1198 445 1218 vexare.

213 1249 248 1280 7.
268 1236 416 1270 Combibe
432 1238 522 1271 soles.
539 1238 615 1271 Hoc
631 1247 681 1271 est
701 1250 708 1270 z
731 1239 835 1283 Apri-

159 1289 288 1322 cationi
307 1302 408 1331 vaca,
429 1302 534 1335 quam
551 1290 623 1324 cuti
639 1289 835 1324 colorzuidae

159 1341 327 1387 optimam
343 1355 414 1376 esse
432 1342 622 1377 credebant
641 1343 796 1377 Veteres.

214 1396 249 1428 8.
270 1395 375 1440 Quum
395 1409 462 1441 pro
481 1396 555 1429 dum
573 1395 651 1430 cod.
674 1396 833 1429 Pulman.

160 1455 193 1480 et
211 1446 247 1480 id
267 1447 410 1481 videtur
425 1449 543 1494 legisse
558 1448 780 1483 Calderinus.

215 1514 248 1545 9.
269 1502 411 1545 Agnosc.
430 1502 588 1534 Pulman.
608 1501 687 1536 cod.
707 1510 742 1536 et
754 1502 832 1536 Ald.

159 1552 260 1586 Junt.
282 1554 394 1587 Colin.
418 1567 484 1600 pro
511 1555 835 1599 Gegania—Albis

162 1608 280 1639 amicis.
292 1606 368 1639 Hoc
381 1615 447 1648 est,
461 1608 534 1640 sole
555 1620 625 1640 non
651 1609 811 1642 coloratis
823 1635 832 1649 ,

161 1666 284 1703 utpote
302 1660 364 1704 qui
384 1660 418 1692 in
442 1661 528 1693 urbe
548 1661 755 1701 manserint;
779 1662 832 1694 vel

163 1711 253 1744 refer
265 1710 308 1744 ad
325 1720 419 1757 togas
437 1700 709 1746 candiJasNide
722 1713 782 1747 lib.
802 1715 834 1754 I,

164 1764 269 1809 epigr.
294 1777 373 1805 LVI,
398 1778 445 1798 vs.
473 1770 524 1805 1'4'·
546 1766 612 1798 Vel
638 1767 772 1811 potius,
798 1776 833 1799 ut

893 869 999 902 refert
1031 868 1226 910 Heraldus‚
1257 865 1315 901 διὰ
1344 870 1569 913 σκιατραφίαν,

892 922 960 955 hoe
989 929 1059 962 est,
1087 930 1234 967 propter
1258 921 1365 954 vitam
1397 933 1504 967 quam
1532 922 1566 954 in

893 974 1017 1008 umbra
1035 973 1211 1008 ducebant
1227 974 1384 1007 Veteres.

952 1040 1006 1061 10.
1040 1027 1240 1072 Livebitque,
1283 1035 1349 1060 etc.
1383 1025 1568 1071 Libabitque

895 1088 1016 1113 tuas....
1029 1093 1128 1124 genas
1145 1078 1226 1113 edd.
1243 1087 1327 1113 vett.
1345 1087 1378 1111 et
1396 1079 1522 1123 Delph.
1534 1087 1568 1111 et

894 1132 996 1165 Farn.
1023 1131 1121 1178 quod
1147 1144 1287 1178 quoque
1316 1131 1462 1177 exponit
1496 1131 1567 1163 He-

893 1184 1021 1219 raldus.
1047 1204 1059 1215 a
1074 1185 1248 1219 Gruterus
1266 1197 1311 1218 ex
1336 1183 1410 1217 MS.
1435 1183 1569 1229 Anglic.

894 1238 978 1283 legit
987 1238 1167 1284 Livebitque
1180 1240 1250 1271 tuis.
1265 1263 1272 1270 .
1288 1263 1296 1271 .
1306 1239 1396 1282 genis
1407 1249 1418 1270 :
1429 1236 1463 1269 h.
1475 1248 1506 1270 e.
1520 1236 1571 1268 in·

894 1290 1038 1324 videbit.
1070 1292 1187 1324 Recte.
1213 1309 1225 1319 »
1263 1289 1417 1323 Sclerevel.
1448 1289 1493 1321 Et
1521 1289 1570 1322 sic

895 1344 1079 1377 Pulmaun.
1095 1342 1374 1377 cod.—Pallida
1392 1341 1494 1374 turba.
1514 1340 1571 1374 Ob

894 1396 1049 1442 vigilias,
1078 1404 1111 1428 et
1136 1396 1251 1429 officia
1279 1395 1409 1428 urbana
1429 1419 1438 1436 ,
1468 1402 1572 1438 atque

894 1450 997 1482 vitam
1014 1449 1248 1482 umbratilem.

953 1514 1005 1535 11.
1031 1503 1076 1535 Te
1105 1502 1181 1534 duce
1219 1513 1305 1546 quem
1337 1500 1458 1533 dederis
1492 1498 1568 1532 cod.

895 1555 1082 1588 Pulmann.
1113 1555 1250 1587 Dederec
1279 1552 1359 1587 edd.
1395 1552 1570 1586 Schrevel.

893 1608 1006 1642 Maitt.
1030 1608 1177 1640 Farnab.

950 1673 962 1693 1
974 1674 1002 1694 2.
1024 1660 1153 1693 Niliaco
1170 1659 1287 1691 redeas.
1306 1658 1459 1704 ,Egyptii
1479 1657 1569 1690 enim

898 1722 976 1746 suut
998 1713 1095 1746 fusci.
1116 1711 1220 1746 Unde
1239 1712 1343 1756 vulgo
1372 1710 1570 1744 dictitatum

900 1767 1010 1811 poetis
1029 1778 1036 1799 z
1062 1784 1073 1795 «
1086 1766 1194 1798 Fusca
1215 1764 1336 1811 Syene.
1357 1782 1368 1792 »

779 1901 960 1959 XIII.

686 2054 751 2082 AD
791 2031 1056 2082 Tuccium*

239 2166 389 2222 QUUM
418 2164 745 2210 cathedralicios
775 2174 918 2225 portet
947 2164 1022 2208 tibi
1053 2162 1189 2207 rheda
1217 2162 1459 2209 ministros,

224 2290 302 2325 *Ad
319 2294 445 2326 Cottam
461 2293 598 2326 Thuan.
617 2293 740 2331 codex,
760 2306 825 2338 pro
838 2320 846 2332 ‚

177 2347 310 2378 Tuccam
324 2372 332 2385 ,
355 2354 387 2378 et
410 2345 505 2378 Cotta
527 2346 619 2379 infra
635 2359 686 2379 vs.
708 2359 764 2379 10.

224 2419 276 2423 —
303 2398 453 2431 Tuccam
477 2399 684 2444 opulentum
712 2406 746 2431 et
773 2398 849 2430 feli-

172 2463 267 2491 cem,
289 2464 330 2484 eo
352 2451 525 2483 infelicem
546 2450 729 2496 praedicat,
753 2449 849 2495 quod

173 2515 266 2537 suam
279 2504 476 2537 felicitatem
490 2502 749 2549 ignoret.Quod
761 2503 851 2535 mul-

175 2557 218 2589 tis
243 2569 307 2590 usu
334 2556 452 2596 venit,
477 2564 517 2589 ut
541 2565 614 2589 tum
637 2557 788 2602 primum
818 2568 853 2588 se

175 2610 293 2643 beatos
308 2618 497 2654 agnoscant
511 2636 519 2651 ‚
538 2622 649 2655 quum
667 2607 855 2642 beatitudi-

178 2663 228 2694 ni>-
249 2664 414 2706 jacturam
433 2663 554 2696 fecere.

966 2304 993 2324 1.
1010 2291 1268 2325 Cotatlzredratos
1285 2289 1363 2323 cod.
1376 2289 1510 2322 Beverl.
1525 2289 1591 2322 Ca-

910 2345 1067 2377 tlzedratos
1080 2345 1161 2376 Vat.
1180 2343 1298 2375 Prwdu
1315 2355 1380 2388 pro
1395 2342 1490 2374 rheda
1508 2341 1586 2374 cod.

912 2398 1044 2430 Beverl.
1067 2418 1120 2422 —
1141 2396 1402 2429 Catlzedralicios.
1425 2395 1498 2428 Hoc
1516 2403 1564 2427 est
1582 2419 1589 2427 .

911 2463 1038 2494 pueros
1073 2449 1193 2482 molles
1225 2457 1328 2494 atque
1353 2448 1592 2481 effeminatos.

913 2503 1008 2548 quasi
1026 2502 1169 2535 feminas
1183 2527 1190 2541 ‚
1209 2514 1278 2534 non
1298 2501 1410 2541 viros;
1431 2499 1595 2534 cathedra

914 2556 1006 2588 enim
1024 2554 1233 2588 feminarum
1255 2561 1327 2587 erat
1346 2554 1488 2599 propria
1502 2565 1508 2585 :
1522 2551 1593 2584 vid.

916 2608 974 2640 lib.
995 2609 1060 2646 IV,
1083 2607 1191 2652 epigr.
1217 2607 1436 2640 LxX1x.Juv.
1459 2614 1518 2638 snt.
1539 2618 1573 2637 vi
1589 2630 1596 2642 ,

919 2675 962 2699 ¹³2
988 2673 994 2693 :
1023 2679 1033 2688 vv
1056 2662 1179 2693 famam
1203 2667 1458 2703 contempserat
1487 2659 1569 2690 olim
1589 2683 1594 2693 ,

1300 2724 1388 2773 151³
