1978 3305
454 229 550 276 338

828 227 890 269 Μ.
914 225 1056 269 VAL.
1098 222 1491 267 MARTIALIS

661 316 781 359 Dum
806 313 952 373 jussus
979 310 1138 372 repetit
1166 308 1278 371 pilos
1302 308 1502 364 eosdem,

660 386 858 429 Censura
887 380 1052 443 speculi
1081 396 1263 424 manum
1294 388 1495 440 regente,

658 453 950 514 Expingitque
980 461 1152 507 cutem,
1181 450 1370 510 facitque
1398 448 1574 509 longam

664 524 873 568 Detonsis
897 521 1212 584 epaphaeresim
1236 518 1426 581 capillis3

659 594 873 638 Barbatus
904 593 1012 637 mihi
1044 601 1197 636 tonsor
1226 600 1292 635 est
1322 604 1535 633 reversus,

448 731 644 779 AEquandas
656 730 751 764 semel
761 730 807 762 ad
813 742 912 775 genas
925 727 1031 763 codd.
1046 728 1128 762 Vat.

450 793 485 818 et
500 785 654 818 Florent.

503 840 537 870 6.
560 838 647 870 Dum
661 837 768 881 justus
792 837 903 880 repetit
917 834 1129 868 Farnabius:

449 912 499 916 —
516 891 606 923 Pilos
621 889 753 922 eosdem.
772 888 911 921 Scilicet
922 911 932 929 ‚
953 885 1038 920 dum
1054 885 1129 930 ⁸ite-

450 956 528 976 rum
552 951 655 988 atque
675 941 804 974 iterum
825 940 942 974 barbae
962 939 1046 972 Rufi
1064 951 1130 971 no·

448 995 606 1029 vaculam
634 992 808 1028 admovet.
840 993 916 1026 Hoc
942 999 1017 1032 est,
1043 989 1128 1024 dum

450 1048 560 1081 nimio
580 1046 698 1081 studio
717 1045 762 1080 ad
787 1045 919 1092 speculi
946 1055 1129 1078 censuram

451 1102 541 1146 pilos
563 1113 659 1134 nunc
676 1100 757 1140 hos,
780 1111 876 1132 nunc
895 1097 973 1131 illos
996 1096 1131 1130 cautius

453 1154 606 1199 castigat.

507 1208 540 1241 8.
558 1207 783 1251 E.2·pungitque
801 1204 837 1237 in
859 1201 938 1236 Ald.
952 1203 1051 1236 Junt.
1067 1201 1133 1235 Co-

1188 727 1250 760 lin.
1263 725 1403 771 Gryph.
1417 725 1525 769 Lang.
1540 731 1606 757 etc.
1619 721 1702 757 vide
1712 723 1865 760 1ib.V11‚

1189 779 1300 825 epigr.
1333 789 1482 812 Lxxx111.
1513 777 1732 823 Expingitque
1758 775 1868 811 codex

1190 831 1389 866 Pulmanni.

1243 895 1276 928 9.
1297 885 1444 917 Detonsis
1463 882 1678 928 oploplteresin
1695 882 1732 915 in
1747 880 1870 916 codice

1188 937 1374 970 Thuaneo.
1391 956 1442 962 ——
1457 935 1706 980 Epaphaeresim.
1727 936 1809 969 Non
1825 935 1870 969 si-

1190 989 1284 1030 mul,
1303 988 1364 1022 sed
1378 989 1471 1021 lenta
1484 987 1711 1030 detonsione,
1729 988 1771 1022 ab
1790 990 1869 1022 ἑπα-

1190 1043 1308 1087 φαιρέω
1320 1067 1330 1084 ,
1346 1043 1471 1086 insuper
1484 1040 1628 1073 detraho.

1250 1106 1307 1128 10.
1327 1094 1500 1128 Barbatus.
1519 1093 1595 1127 Hoc
1612 1093 1720 1127 verbo
1737 1092 1872 1127 diutius

1193 1160 1210 1180 a
1234 1147 1326 1180 Rufo
1346 1146 1530 1180 detentum
1550 1146 1654 1181 fuisse
1675 1146 1806 1180 Rufum
1826 1145 1871 1179 si-

1193 1200 1336 1246 gnificat
1353 1200 1469 1233 Poeta.

1021 1287 1024 1290 >
1071 1333 1246 1388 LIII.

964 1484 1015 1512 IN
1056 1483 1363 1512 CATULLAM.

664 1607 1021 1648 FORMOSJSSIMA
1051 1617 1147 1662 quae
1178 1600 1323 1657 fuere,
1343 1600 1411 1645 vel
1438 1611 1562 1656 sunt,

666 1673 751 1719 Sed
782 1672 988 1716 vilissima
1013 1688 1110 1732 quae
1135 1671 1282 1728 fuere,
1302 1670 1371 1716 vel
1403 1681 1525 1729 sunt,

665 1747 706 1787 O
732 1759 863 1804 quam
885 1753 927 1788 te
949 1742 1044 1786 fieri
1059 1777 1071 1798 ‚
1091 1741 1286 1798 Catulla,
1306 1740 1463 1786 vellem

664 1817 920 1859 Formosam
951 1814 1121 1870 minus,
1141 1821 1218 1857 aut
1248 1814 1384 1873 magis
1414 1810 1640 1874 pudicam!

508 1963 533 1984 1.
549 1950 800 1986 Formosissima,
812 1954 877 1979 etc.
887 1946 964 1980 Hoc
977 1954 1027 1979 est
1037 1971 1046 1987 ‚
1059 1959 1081 1979 o
1095 1954 1132 1979 tu

455 2003 612 2036 omnium
633 2000 842 2034 feminarum
862 2011 938 2044 quae
955 2007 1016 2032 aut
1039 2011 1135 2032 nunc

455 2065 556 2097 sunt,
585 2063 644 2088 aut
672 2053 755 2086 olim
785 2052 930 2085 fuerunt
955 2051 1135 2085 formosis-

455 2110 560 2150 sima,
578 2106 639 2142 sed
657 2114 691 2139 et
706 2105 871 2139 vilissima
888 2098 986 2149 (quia
1007 2104 1137 2138 scilicet

455 2162 619 2195 omnibus
645 2155 868 2204 prostituta)!
893 2166 961 2190 tarn
986 2169 1063 2190 rara
1085 2165 1135 2190 est

455 2213 642 2248 concordia
662 2212 782 2245 formae
799 2219 902 2256 atque
921 2209 1111 2256 pudicitiae.

515 2281 544 2308 1,
562 2282 593 2300 2.
609 2267 736 2299 Noster
751 2263 810 2296 hic
829 2272 930 2308 poeta
953 2263 1132 2296 Catullum

455 2320 619 2366 exprimit
641 2318 721 2364 qui,
741 2317 857 2351 Carm.
878 2316 1013 2358 XLIX,
1029 2310 1133 2359 (edit.

460 2366 652 2419 Vulpian.)
670 2369 713 2404 ad
734 2370 941 2404 Ciceronem
960 2382 967 2401 :
987 2386 1000 2399 κ
1018 2369 1135 2402 Diser-

457 2426 587 2459 tissime
623 2422 766 2457 Romuli
807 2430 976 2468 nepotum
995 2447 1004 2462 ,
1036 2422 1135 2463 Quot

456 2487 554 2519 sunt,
573 2485 729 2523 quotque
747 2475 863 2516 fuere,
879 2475 999 2508 Marce
1017 2475 1134 2515 Tulli,

454 2532 622 2576 Quotque
638 2537 715 2576 post
735 2528 808 2562 aliis
823 2536 926 2562 crunt
943 2527 977 2560 iu
993 2527 1104 2561 annis.
1116 2545 1128 2557 n

453 2585 576 2617 Cicero
594 2583 666 2629 ipsc
678 2581 822 2615 Decimo
836 2581 947 2614 Bruto
959 2581 1114 2614 scribens
1123 2606 1131 2620 ‚

452 2637 510 2668 lib.
540 2637 609 2672 XI,
627 2635 725 2680 epist.
752 2634 861 2667 famil.
884 2646 942 2673 αι,
966 2633 1057 2666 hanc
1080 2634 1132 2666 lo-

1196 1945 1327 1992 quendi
1344 1946 1515 1979 rationem
1536 1944 1742 1979 adhibuerat
1761 1958 1768 1978 :
1788 1962 1802 1976 ι
1814 1946 1872 1979 Dii

1198 1999 1253 2032 isti
1285 1998 1427 2043 Segulio
1458 1999 1676 2033 malefaciant
1690 2025 1699 2040 ,
1736 1998 1871 2032 homini

1197 2052 1412 2097 nequissimo
1433 2051 1593 2085 oninium
1613 2052 1674 2097 qui
1697 2052 1871 2097 sunt,qui

1198 2105 1340 2138 fuerunt
1357 2128 1367 2143 ‚
1404 2104 1463 2150 qui
1500 2104 1608 2138 futuri
1645 2113 1738 2138 sunt.
1771 2121 1784 2134 ι
1818 2105 1871 2138 Ita

1196 2158 1341 2190 Plautus
1372 2155 1537 2191 Bacchid.
1560 2159 1635 2191 Act.
1652 2158 1698 2197 V,
1726 2170 1759 2195 ι,
1785 2169 1817 2198 1;
1837 2165 1871 2190 et

1196 2211 1298 2244 Persa
1310 2237 1318 2251 ‚
1333 2212 1409 2243 Act.
1421 2211 1467 2246 V.
1487 2223 1503 2243 π
1517 2235 1527 2250 ,
1546 2222 1577 2251 ι;
1595 2211 1641 2244 ita
1658 2210 1796 2251 Livius,
1807 2210 1870 2244 lib.

1195 2264 1315 2296 XXIX
1329 2289 1338 2304 ‚
1358 2275 1433 2308 cap.
1455 2275 1512 2308 27.
1524 2263 1592 2297 En.

1250 2320 1282 2356 [ι.
1306 2318 1344 2349 Ιιι
1365 2315 1576 2363 quibusdam
1594 2324 1678 2350 vett.
1699 2325 1755 2348 aut
1773 2318 1871 2348 minus

1190 2369 1338 2414 pudicam
1352 2381 1364 2408 ,·
1378 2377 1410 2402 et
1423 2369 1472 2402 sic
1486 2368 1520 2401 in
1535 2368 1656 2403 codice
1670 2368 1868 2402 Pulmanni.

1195 2443 1246 2448 —
1260 2423 1302 2455 Et
1323 2435 1364 2455 cx
1378 2422 1442 2455 hac
1460 2422 1607 2456 lectione
1623 2434 1744 2455 sensus
1762 2421 1872 2455 exori-

1196 2484 1255 2508 tur
1274 2475 1412 2509 acutior
1431 2474 1594 2520 quidem,
1617 2486 1738 2508 verum
1754 2473 1816 2520 qui
1835 2482 1870 2507 ct

1195 2528 1390 2562 Martialem
1402 2528 1517 2562 minus
1531 2528 1658 2574 sapiat;
1671 2539 1784 2573 neque
1797 2526 1870 2560 ullo

1193 2580 1300 2614 modo
1324 2590 1413 2615 stare
1432 2581 1540 2627 possit
1561 2593 1640 2614 cum
1662 2592 1784 2620 versu,
1805 2579 1873 2612 Sed

1199 2634 1347 2666 vilissima
1367 2648 1435 2679 qua·
1457 2636 1547 2674 fian-rc·
1560 2661 1568 2671 ,
1590 2634 1645 2666 'vel
1662 2641 1742 2666 sune.
1759 2634 1826 2666 ΕΠ.
