1978 3305
440 236 503 264 20

815 217 876 258 M.
900 216 1037 259 VAL.
1079 215 1173 257 MA
1189 215 1346 257 RTIA
1362 216 1469 258 LIS

510 305 593 349 Sed
620 314 710 347 toto
741 303 861 364 legor
891 302 999 346 orbe
1027 301 1252 362 frequens,
1275 311 1320 345 et
1346 301 1525 356 dicitur,
1547 303 1628 345 Hic
1655 312 1738 355 est3

580 373 796 433 Quodque
822 373 927 416 cinis
953 372 1125 431 paucis,
1149 371 1234 415 hoc
1258 371 1364 414 mihi
1391 371 1478 414 vita
1503 371 1632 415 dedit.

513 448 565 488 At
593 453 666 487 tua
689 443 882 487 centenis
907 441 1166 484 incumbunt
1191 451 1305 485 tecta
1331 439 1566 495 columnis,

578 516 634 557 Et
662 513 882 556 libertinas
907 527 1007 555 arca
1038 510 1227 572 flagellat
1250 527 1378 572 opes3

508 585 754 645 Magnaque
779 581 956 627 Niliacae
982 582 1115 625 servit
1146 581 1221 625 tibi
1251 580 1376 642 gleba
1399 582 1584 642 Syenes;

575 653 745 696 Tondet
772 664 815 696 et
841 652 1092 695 innumeros
1119 650 1286 696 Gallica
1316 653 1473 695 Parma
1505 667 1669 712 greges.

507 725 602 766 Hoc
623 739 726 783 ego,
751 731 885 783 tuque
906 738 1078 766 sumus:
1101 721 1176 765 sed
1197 721 1315 782 quod
1337 738 1455 776 sum,
1477 738 1565 765 non
1588 731 1711 782 potes
1733 738 1848 776 esse3

573 794 638 836 Tu
663 792 780 852 quod
803 808 870 845 es,
891 808 914 835 e
940 791 1104 853 populo
1130 791 1310 852 quilibet
1339 808 1431 837 esse
1460 801 1615 853 potest.

438 933 502 979 legi
519 945 591 966 non
608 931 756 972 sufficit,
775 939 810 964 et
831 930 974 965 sedeant
986 930 1044 963 hic
1062 931 1110 963 le-

437 998 570 1020 nonum
591 985 711 1030 pueri,
733 996 961 1030 quocumque
985 983 1021 1016 in
1045 984 1113 1016 for-

438 1040 516 1073 nice
529 1037 618 1072 nati.
642 1037 707 1071 Hic
730 1035 873 1083 plaudat
896 1035 1002 1069 nitidi
1026 1048 1112 1081 prae-

438 1091 537 1126 conis
555 1091 647 1125 filius
659 1116 669 1132 ‚
690 1090 780 1123 inter
798 1089 980 1134 Pinnirapi
1001 1089 1112 1122 cultos

432 1147 582 1190 juvenes
595 1168 604 1186 ,
621 1144 836 1188 juvenesque
864 1142 1022 1175 lanistae:
1054 1142 1113 1176 Sic

436 1197 576 1231 libitum
611 1208 720 1235 vano,
749 1196 812 1241 qui
840 1207 903 1228 nos
930 1194 1112 1235 distinxit,

439 1250 584 1284 Othoni.
602 1266 615 1279 υ
648 1249 819 1282 Libertini
850 1256 885 1281 et
919 1248 1114 1292 mancipia,

443 1314 622 1349 praecones
631 1326 640 1344 ,
652 1309 715 1335 etc.
730 1300 855 1343 ‚modo
868 1301 934 1334 illis
946 1313 1001 1334 res
1016 1308 1114 1342 esset,

441 1356 528 1389 XIV
552 1353 693 1388 ordines
725 1362 967 1399 occuparunt,
995 1353 1111 1398 ejectis

441 1409 483 1442 iis
503 1408 563 1454 qui
583 1407 735 1453 equestri
758 1407 835 1440 loco
855 1406 929 1440 nati
944 1432 953 1447 ‚
968 1415 1111 1452 propter

440 1460 619 1495 defectum
639 1472 760 1493 census
776 1467 810 1492 et
826 1459 999 1504 inopiam,
1020 1459 1111 1492 tueri

439 1513 644 1560 dignitatem
666 1524 740 1545 non
770 1519 945 1557 poterant.
966 1512 1040 1544 Hoc
1061 1520 1111 1545 ta-

442 1579 522 1600 men
545 1565 696 1610 intellige
726 1577 800 1598 non
831 1577 951 1598 omnes
980 1565 1112 1610 equites

441 1619 602 1653 habuisse
626 1630 755 1663 equum
767 1643 776 1658 ‚
792 1618 846 1650 vel
872 1630 1014 1651 censum
1027 1643 1036 1659 ,
1057 1617 1113 1650 vel

444 1674 500 1718 jus
532 1671 650 1705 annuli
681 1668 828 1703 ferendi.
848 1671 939 1715 Lege
963 1670 1113 1703 Fabrnm

445 1726 535 1759 Sem.
547 1725 582 1757 11
594 1750 603 1765 ‚
621 1725 641 1755 6
654 1749 664 1764 ,
677 1722 721 1756 de
737 1723 804 1756 hoe
817 1735 942 1768 genere
957 1723 1114 1768 equitum

447 1786 481 1812 et
500 1777 544 1811 de
560 1777 636 1822 lege
657 1775 817 1809 Othonis.
838 1775 956 1808 Rader.

501 1832 535 1865 3.
560 1831 710 1869 Dicitur,
735 1829 784 1861 hic
804 1837 860 1861 est.
880 1828 996 1873 Digito
1025 1841 1119 1861 mon-

446 1892 547 1918 stror.
568 1881 727 1915 Persius:
751 1898 764 1910 «ι
783 1881 971 1914 Pulchrum
994 1890 1043 1915 est
1071 1880 1120 1914 di-

447 1937 540 1978 cier,
561 1935 628 1968 Hic
644 1943 704 1968 est.
728 1951 740 1962 n
762 1934 828 1967 En.

505 1993 536 2029 4.
553 1987 706 2033 Quodque
715 1988 806 2026 cinis,
818 1995 881 2020 etc.
899 1986 954 2020 Sic
968 1987 1028 2019 lib.
1046 1986 1121 2025 ΙΙΙ,

450 2041 696 2088 epigrammate
721 2051 801 2072 xcxx
834 2051 841 2073 :
878 2057 891 2069 κ
920 2039 993 2072 Ore
1026 2039 1121 2084 legor

448 2095 581 2135 multo,
606 2100 800 2138 notumque
823 2105 886 2138 pcr
907 2090 1036 2138 oppida
1063 2105 1122 2125 no-

450 2159 531 2180 men
549 2146 629 2180 Non
646 2153 840 2190 exspectato
856 2144 916 2178 dat
931 2145 1017 2178 mihi
1035 2145 1122 2178 sama

449 2212 534 2245 rogo
552 2217 564 2228 n
579 2212 588 2240 ;
601 2207 635 2232 et
650 2197 815 2238 Ovidius,
831 2198 936 2232 Trist.
955 2198 1019 2239 IV,
1037 2198 1122 2243 eleg.

456 2265 499 2285 ιο
521 2266 528 2284 z
555 2253 639 2284 “Tu
669 2251 756 2284 mihi
781 2249 877 2296 quod
901 2263 1018 2284 rarum
1048 2259 1122 2292 est,

450 2305 531 2338 vivo
562 2304 711 2337 sublime
738 2302 865 2338 dedisti
891 2304 1051 2345 Nomen,
1080 2304 1123 2337 ab

452 2358 624 2403 exsequiis
641 2355 735 2402 quod
755 2355 838 2390 dare
858 2357 946 2391 fama
968 2357 1067 2390 solet.
1090 2375 1103 2386 ..

506 2415 539 2445 (ὶ.
574 2410 759 2442 tibertinus.
794 2411 908 2455 Prope
938 2411 1123 2444 immensas

1171 930 1406 976 interpretare
1421 956 1431 972 ‚
1463 931 1581 976 quales
1618 929 1850 976 possederunt

1171 983 1287 1016 liberti
1316 983 1583 1028 locupletissimi
1611 984 1793 1017 Narcissus
1819 991 1852 1015 et

1171 1036 1281 1069 Pallas
1296 1061 1305 1076 ,
1332 1035 1481 1070 Claudio
1503 1045 1692 1081 regnante,
1715 1045 1750 1069 et
1774 1036 1851 1069 Cri-

1172 1089 1294 1134 spinus
1309 1088 1414 1122 etiam
1430 1114 1439 1129 ‚
1459 1101 1564 1134 quem
1583 1089 1730 1133 exagitat
1748 1089 1853 1121 Juve-

1172 1141 1282 1183 nalis,
1299 1150 1361 1175 sat.
1376 1154 1402 1174 1.
1416 1163 1469 1168 —-
1484 1142 1743 1187 At·caflagellat.
1760 1142 1853 1186 Opes

1173 1206 1250 1240 quae
1271 1194 1329 1227 vix
1352 1194 1530 1228 contineri
1550 1203 1697 1240 possunt
1717 1194 1752 1227 in
1776 1206 1853 1227 area

1173 1260 1240 1292 qua
1261 1246 1526 1293 quodammodo
1555 1247 1851 1294 comprimuntur.

1174 1300 1250 1333 Hoc
1281 1300 1388 1333 verbo
1415 1301 1485 1345 jam
1515 1313 1597 1333 usus
1628 1309 1680 1333 est
1707 1300 1769 1334 lib.
1796 1301 1854 1341 Il,

1175 1353 1285 1398 epigr.
1302 1365 1388 1395 xxx;
1408 1361 1441 1385 et
1459 1353 1521 1386 lib.
1541 1354 1606 1393 IV,
1625 1353 1736 1398 epigr.
1757 1365 1852 1386 xmt.

1227 1418 1261 1450 7.
1275 1406 1460 1452 Illagnaque
1474 1406 1624 1439 Niliacoe.
1640 1407 1753 1451 Syene
1770 1406 1855 1438 urbs

1173 1459 1316 1504 AEgypti
1333 1457 1512 1504 quondam
1526 1459 1755 1492 nobilissima.
1772 1459 1851 1491 Lib.

1173 1513 1211 1552 I,
1236 1512 1345 1557 epigr.
1365 1523 1446 1545 LxxI
1470 1520 1504 1544 et
1524 1523 1670 1545 Lxxxvn
1698 1523 1707 1545 z
1730 1512 1852 1556 glebam

1177 1563 1265 1597 dixit
1283 1577 1350 1609 pro
1362 1564 1480 1607 funda.

1229 1618 1262 1650 8.
1295 1617 1426 1651 Gallica
1450 1617 1580 1649 Parma.
1611 1616 1706 1649 Urbs
1733 1615 1856 1650 Gallia:

1175 1670 1358 1715 Cisalpinae
1373 1668 1417 1703 ad
1432 1668 1578 1705 Padum,
1596 1668 1657 1702 ubi
1674 1669 1750 1702 lana
1765 1669 1855 1715 opti-

1176 1735 1245 1755 ma.
1274 1722 1352 1756 Lib.
1377 1724 1433 1764 II,
1457 1722 1566 1767 epigr.
1598 1733 1710 1763 xm113
1735 1730 1769 1755 et
1793 1722 1854 1755 lib.

1178 1776 1278 1812 XIV,
1301 1775 1409 1821 epigr.
1442 1775 1511 1808 155
1533 1786 1540 1807 :
1567 1791 1579 1804 α
1596 1774 1664 1808 Vel
1682 1787 1787 1820 quam
1807 1787 1856 1808 se-

1178 1828 1293 1874 posito
1310 1827 1355 1861 (le
1373 1840 1474 1872 grege
1491 1828 1612 1860 Parma
1630 1826 1740 1861 dedit.
1754 1845 1768 1857 n
1784 1828 1855 1861 Ho-

1180 1880 1237 1914 die
1256 1882 1386 1914 Parme.

1235 1946 1269 1977 9.
1301 1934 1374 1966 Hoc
1399 1946 1468 1977 ego.
1501 1933 1576 1977 Ego
1609 1931 1751 1978 quidem
1781 1945 1855 1966 sum

1181 1986 1285 2031 inops
1302 2012 1312 2027 ,
1347 1994 1380 2019 at
1413 1986 1627 2019 carminibus
1655 1986 1794 2027 clarus;
1820 1994 1858 2019 tu

1183 2047 1316 2073 tantum
1348 2038 1455 2072 dives.
1483 2060 1534 2064 ——
1562 2038 1638 2072 Non
1663 2047 1752 2084 potes
1783 2052 1857 2072 esse.

1182 2092 1261 2125 Non
1292 2092 1455 2136 intelligit
1485 2091 1655 2124 Martialis
1685 2091 1860 2125 Callistra-

1182 2153 1255 2178 tum
1274 2157 1292 2177 a
1305 2153 1507 2190 paupertate
1524 2156 1624 2190 posse
1637 2156 1710 2177 esse
1720 2157 1859 2190 semper

1182 2198 1376 2231 immunem
1397 2219 1407 2234 ,
1441 2196 1502 2230 sed
1533 2197 1688 2231 nobilem
1719 2205 1857 2243 poetam

1184 2251 1283 2284 illum
1306 2250 1452 2283 evadere
1476 2263 1575 2296 posse
1594 2258 1708 2294 negat.

1241 2317 1294 2338 10.
1329 2304 1360 2336 li
1390 2304 1508 2348 populo
1539 2303 1680 2348 quilibet.
1717 2303 1861 2347 Ignarus

1183 2356 1276 2390 enim
1296 2365 1329 2390 ct
1346 2356 1495 2402 quilibet
1515 2368 1554 2389 ex
1573 2356 1693 2401 plebe,
1718 2367 1789 2389 rem
1815 2356 1861 2388 fa-

1183 2422 1260 2443 cere
1282 2421 1376 2443 sumn
1401 2417 1524 2454 potest.
