1978 3305
392 238 978 281 EPIGRAMMATUM
1016 238 1143 280 LIB.
1184 237 1270 279 IX.
1435 237 1535 299 [¹39

703 404 965 460 LXVII.

630 571 696 599 AD
735 570 1036 599 FABULLUM.

196 703 334 745 Uxofl
364 717 497 761 quum
525 700 601 743 tibi
627 701 680 743 sit
708 699 898 744 formosa
914 734 924 754 ‚
950 699 1136 760 pudica,
1159 700 1324 761 puella,

265 772 368 828 Quo
390 771 469 814 tibi
493 780 696 814 natorum
716 770 838 830 jura,
858 769 1058 825 Fabulle,
1081 770 1243 814 trium?

195 841 326 898 Quod
357 842 464 902 petis
490 857 515 884 a
541 850 691 884 nostro
718 839 899 902 supplex
922 841 1203 901 Dominoque
1223 842 1427 903 Deoque,

264 913 330 955 Tu
356 911 478 955 dabis
502 913 592 972 ipse
615 911 715 967 tibi,
738 912 771 954 si
796 920 920 971 potes
944 911 1145 972 arrigere.

179 1067 213 1088 2.
232 1055 322 1100 Quid
344 1057 401 1088 tibi
424 1057 498 1098 alii,
521 1065 559 1089 ut
581 1065 631 1090 est
658 1057 694 1089 in
715 1056 795 1089 Ald.
857 1057 956 1102 cujus
981 1064 1228 1101 argumentum
1258 1057 1330 1089 fere
1353 1054 1448 1089 idem
1473 1065 1536 1090 est.

123 1107 237 1142 Colin.
258 1108 395 1155 Gryph.
416 1110 543 1155 Delph.
569 1118 634 1142 etc.
648 1110 795 1153 —Qum
913 1110 947 1142 3.
961 1110 1157 1156 Dominoque
1177 1110 1317 1155 Demque,
1336 1108 1393 1142 Sic
1415 1109 1536 1142 Domi-

123 1160 198 1194 Hoc
211 1169 278 1203 est,
293 1174 459 1207 quorsum
477 1163 541 1195 tibi
554 1175 641 1208 opus
655 1171 705 1195 est
719 1163 797 1208 jure
859 1162 990 1195 tianum
1009 1162 1196 1208 appellavit
1209 1161 1391 1195 dominum
1402 1188 1411 1203 ‚
1424 1162 1533 1198 lib.V‚

123 1213 230 1246 trium
250 1214 465 1248 liberorum?
485 1214 529 1248 de
551 1227 623 1261 quo
641 1216 713 1260 jam
735 1227 793 1249 co·
858 1215 968 1261 epigr.
991 1226 1075 1248 vn1.

121 1266 218 1311 piose
243 1268 345 1301 nobis
367 1266 501 1301 dictum
523 1268 586 1302 lib.
608 1268 664 1308 II,
685 1268 792 1314 epigr.
909 1273 943 1309 ,4.
963 1269 1012 1301 Τιι
1030 1268 1142 1307 dabis,
1164 1276 1227 1301 etc.
1241 1267 1326 1301 Vid.
1345 1267 1407 1301 lib.
1420 1268 1510 1300 VIII
1525 1294 1534 1308 ‚

121 1331 195 1358 xcx,
216 1328 250 1352 et
270 1320 450 1358 lib.VIII‚
472 1321 676 1367 epigramm.
696 1333 793 1361 xxx1,
854 1321 963 1366 epigr.
984 1333 1079 1354 xxxi.
1121 1363 1124 1370 ἱ

676 1473 978 1528 LXVIII.

602 1641 655 1669 IN
695 1620 1038 1669 AESCHYLUMf

188 1783 466 1826 LASCIVAM
487 1789 579 1824 tota
602 1780 773 1842 possedi
793 1789 922 1824 nocte
943 1778 1131 1841 puellam
1147 1815 1158 1835 ‚

259 1852 394 1912 Cujus
419 1851 633 1912 nequitias
659 1852 834 1895 vincere
861 1867 991 1894 nemo
1014 1859 1172 1912 potest.

187 1924 340 1967 Fessus
360 1921 476 1966 mille
497 1922 638 1966 modis
653 1957 664 1978 ‚
687 1921 794 1965 illud
814 1920 979 1982 puerile
1000 1922 1182 1982 poposci
1199 1938 1210 1975 ;

258 1994 370 2036 Ante
398 2009 549 2054 preces
580 2002 713 2049 totas,
739 1993 967 2054 primaque
999 1992 1133 2036 verba
1163 1990 1293 2035 dedit.

184 2063 435 2124 Improbius
458 2063 663 2124 quiddam
689 2063 919 2124 ridensque
942 2062 1190 2123 rubensque
1212 2063 1386 2123 rogavi3
1514 2077 1526 2101 :³

254 2133 451 2179 Pollicita
471 2144 536 2178 est
555 2133 672 2178 nulla
698 2134 919 2178 luxuriosa
948 2149 1083 2177 mora.

167 2274 240 2311 *In
266 2277 461 2311 exhibenda
487 2279 591 2324 hujus
618 2278 789 2324 epigram·
851 2278 942 2310 illud.
960 2295 972 2306 u
998 2276 1054 2310 Sic
1075 2289 1121 2308 res
1146 2276 1218 2308 illas
1244 2274 1332 2308 dixit
1352 2276 1531 2310 Arnobius

115 2330 216 2363 matis
241 2330 391 2363 lectione
418 2343 634 2377 nequaquam
655 2331 791 2364 variant
850 2331 886 2363 τὸ
908 2327 1066 2374 ἀνδρεῖον.
1093 2328 1309 2361 Dicebantur
1340 2328 1529 2375 aliquando

114 2384 324 2416 membranae
347 2392 404 2417 aut
426 2384 506 2417 libri
531 2383 786 2430 typographici.
851 2383 947 2415 mulla
972 2382 1050 2422 illa,
1074 2380 1110 2414 id
1142 2389 1213 2422 est,
1247 2381 1382 2415 lascivae
1404 2382 1471 2415 illae
1495 2391 1529 2416 et

171 2437 204 2470 3.
225 2436 312 2469 Illud
323 2436 444 2481 puerile
458 2439 597 2482 poposci.
618 2437 786 2481 λίψ-ιμήν
849 2436 1020 2468 obscoeuae
1044 2435 1254 2479 voluptates.
1272 2434 1316 2467 Et
1337 2435 1497 2469 Catullus
1519 2447 1526 2467 ς

114 2490 233 2531 ἐκεῖνο,
252 2490 320 2525 &a
340 2491 518 2532 πάσχωσιν
540 2490 565 2522 οἱ
582 2486 710 2527 παῖδες.
731 2489 787 2522 Sic
853 2506 865 2517 a
888 2488 959 2520 Ubi
992 2487 1050 2520 illa
1080 2487 1186 2520 multa
1217 2495 1285 2520 tarn
1317 2488 1436 2533 jocosa
1466 2488 1528 2521 fie-

113 2554 202 2587 saepe
215 2541 283 2576 hoc
294 2554 492 2588 pronomen
507 2542 662 2588 ponitur,
677 2542 786 2574 relato
847 2542 941 2574 bant.
952 2540 1084 2574 »Graeci
1096 2544 1204 2573 ταῦτα
1213 2540 1268 2572 vel
1283 2541 1388 2574 ἐκεῖνα
1403 2539 1527 2574 eodem

113 2594 370 2629 subintellecto.
392 2595 551 2629 Catullus
567 2607 574 2628 :
598 2612 610 2625 ‹-
631 2594 675 2627 Et
694 2607 786 2640 quae-
848 2592 971 2627 modo.
989 2594 1196 2626 Hmnnns.

112 2646 265 2681 rendum
282 2646 378 2682 unde
393 2647 486 2682 unde
502 2648 591 2682 foret
604 2647 787 2682 nervosius
905 2646 936 2680 5.
950 2646 1137 2692 Imp-obius,
1151 2654 1217 2680 etc.
1227 2645 1299 2679 Ore
1313 2647 1526 2693 morigerari.

1234 2709 1321 2761 28⁴
