1978 3305
383 260 964 305 EPIGRAMMATUM
1003 260 1126 302 LIB.
1166 260 1219 302 X.

1422 257 1515 319 507

256 350 382 392 Forte
406 347 545 392 malus
571 346 681 392 livor
703 347 859 392 dixerit
883 364 975 391 esse
1004 362 1145 397 meos,

187 420 249 462 Ut
272 418 400 473 facis,
426 434 451 461 a
476 418 598 462 nobis
624 418 770 478 abigas
794 434 802 459 :
832 434 911 461 nec
942 416 1128 461 scribere
1156 431 1414 476 quemquam

258 487 378 531 Talia
403 488 640 532 contendas
662 489 876 541 carmina,
897 488 969 548 qui
993 486 1160 547 legitur.

193 560 320 602 Hunc
351 574 524 602 servare
548 558 727 602 modum
758 559 895 601 nostri
920 573 1080 600 novere
1107 555 1261 607 libelli,

260 630 442 673 Parcere
470 629 686 689 personis,
713 628 856 672 dicere
881 627 935 670 de
961 627 1087 669 vitiis.

123 768 174 793 est
197 771 204 792 :
228 759 290 793 sed
311 760 368 794 hic
388 760 536 793 sumitur
560 772 625 804 pro
650 758 795 793 maledi-

124 812 238 846 centia
249 838 259 854 ,
274 825 376 858 quam
392 821 505 846 atrum
521 824 695 845 venenum
710 811 797 845 dixit

123 864 185 898 lib.
204 865 293 906 VII,
312 865 418 910 epigr.
441 877 555 904 Lxxn,
578 873 613 898 et
635 864 798 898 Horatius

127 917 160 958 1,
182 929 235 958 lv,
261 930 329 950 100
351 935 364 947 «
387 917 495 961 nigrae
519 929 660 951 succum
683 917 798 963 loligi-

128 969 191 1003 nis.
212 987 224 998 ι
247 969 340 1003 Vide
356 970 457 1003 etiam
470 971 559 1011 Vll,
579 971 686 1015 epigr.
708 983 775 1004 χιι.

183 1023 216 1055 6.
236 1023 347 1055 Lector
378 1023 494 1056 dixeris
523 1023 665 1056 exhibet
691 1022 799 1057 codex

132 1074 347 1109 Reverlandi.

185 1141 219 1171 7.
246 1127 406 1173 Stringere
430 1127 533 1162 codd.
562 1129 743 1162 Pulmann.
769 1137 804 1161 et

854 759 988 792 Beverl.
1012 756 1227 792 Consulend.
1251 757 1369 790 Heins.
1395 755 1440 790 ad
1461 758 1527 790 Ov.

856 812 956 845 Pom.
976 811 1030 851 ΙΙ,
1049 822 1121 849 vn,
1147 810 1206 843 33.

911 866 944 898 8.
965 863 1033 907 Qui
1048 863 1173 907 legitur.
1193 861 1261 894 Cui
1281 862 1370 894 fama
1387 863 1478 894 favet
1498 871 1531 894 et

858 918 987 956 lector,
1008 915 1074 949 hoc
1096 923 1166 955 est,
1188 915 1248 960 qui
1268 914 1406 959 legitur.

916 981 972 1002 10.
986 969 1123 1001 Parcere
1133 970 1285 1013 personis.
1303 968 1335 1000 N
1339 967 1471 1000 ominet
1490 975 1534 999 ta-

860 1035 940 1055 men
954 1033 1044 1067 saepe
1055 1047 1064 1062 ‚
1082 1034 1154 1054 non
1171 1020 1260 1053 veris
1276 1019 1408 1053 idcirco
1425 1020 1536 1052 nomi-

861 1075 983 1115 uibus;
1006 1082 1040 1107 et
1059 1073 1131 1107 istis
1148 1072 1291 1118 quidem
1308 1072 1480 1106 abstinere
1500 1084 1533 1104 se

861 1130 932 1171 jam
944 1126 1032 1160 dixit
1046 1149 1056 1166 ‚
1072 1126 1217 1172 epistola
1232 1125 1311 1159 libri
1327 1126 1351 1158 l.

693 1256 976 1310 XXXIV.

451 1405 520 1433 An
559 1403 833 1432 CAESAREM
872 1384 1226 1431 TRAJANUM.*

211 1525 270 1567 Di
299 1523 377 1566 tibi
405 1523 510 1566 dent
535 1522 768 1583 quidquid,
797 1523 999 1583 princeps
1023 1523 1231 1582 Trajaue,
1255 1523 1430 1565 mere-ris
1447 1557 1456 1573 ,

281 1595 336 1636 Et
363 1602 453 1636 rata
483 1603 718 1654 perpetuo,
739 1609 834 1653 quae
858 1592 1072 1646 tribuere,
1091 1592 1246 1643 velint3

213 1664 301 1719 Qui
328 1679 404 1707 sua
432 1664 619 1707 restituis
643 1663 828 1724 spoliato
846 1664 944 1723 jura
972 1673 1178 1724 patrono3

283 1734 467 1777 Libertis
498 1733 617 1778 exsul
647 1750 734 1777 non
760 1734 841 1777 erit
864 1732 933 1777 ille
962 1735 1059 1777 suis.

216 1805 385 1865 Dignus
417 1821 484 1858 es,
509 1813 557 1848 ut
582 1805 719 1864 possis
745 1813 884 1848 totum
916 1820 1088 1847 servare
1118 1803 1344 1855 cliente1n;

189 1934 362 1970 'Coesarem
371 1937 539 1970 omittunt
554 1936 722 1971 editiones
734 1945 816 1970 vett.

150 1998 184 2023 et
198 1990 324 2035 Delph.
338 1990 500 2024 Nostram
517 1990 705 2024 lectionem
722 1989 820 2024 exhi-

151 2043 234 2076 bent
279 2041 360 2076 edd.
401 2042 577 2076 Schrevel.
606 2043 755 2076 Farnab.
788 2051 822 2077 et

153 2095 340 2134 Maittaire,·
369 2104 404 2129 et
425 2096 474 2129 sic
500 2094 663 2142 deinceps
692 2096 823 2129 Barhotc

153 2157 187 2181 et
206 2148 276 2181 alii.
296 2149 418 2182 ——Jus
431 2157 662 2194 patronorum
680 2149 722 2182 ab
738 2149 823 2193 imp.

153 2201 303 2246 Trajano
318 2201 482 2235 Romanis
498 2200 673 2235 redditum
686 2228 695 2243 ,
707 2200 826 2235 laudat

158 2254 339 2287 Martialis.

214 2318 245 2340 2.
269 2307 318 2339 Et
333 2315 403 2339 rata
416 2317 574 2352 perpetuo.
588 2333 596 2340 .
612 2334 618 2340 .
633 2333 639 2339 .
658 2308 762 2339 velint.
783 2307 827 2339 Et

159 2367 270 2392 ratum
287 2359 395 2392 velint
411 2359 489 2399 Dii,
509 2358 602 2405 quod
623 2360 686 2393 tibi
705 2367 827 2393 contu-

160 2412 250 2451 lere,
266 2412 464 2457 imperium.

218 2464 249 2497 3.
273 2465 339 2508 Qui
365 2478 423 2497 sua
437 2467 524 2509 jura.
551 2466 636 2506 Quae
659 2465 831 2510 praecipue

162 2516 356 2550 consistunt
374 2518 409 2550 in
429 2518 545 2562 operis
565 2526 598 2550 et
620 2518 832 2550 successione

164 2570 396 2602 libertorum:
419 2570 636 2603 Domitianus
664 2583 745 2603 vero
774 2584 832 2615 pii-

167 2630 285 2655 tronos
305 2623 371 2656 hoc
389 2624 466 2668 jure
484 2624 698 2667 spoliaverat.

224 2679 253 2714 s!-
265 2676 296 2708 E
298 2676 371 2708 xsul
384 2678 511 2709 nouerit
528 2677 578 2708 illc
594 2679 666 2709 suia.
681 2676 698 2709 J
706 2688 764 2709 ure
778 2688 838 2708 suo

878 1937 1046 1982 spoliatus
1076 1945 1241 1983 tanquam
1270 1939 1487 1983 proscriptus
1521 1946 1555 1970 vt

880 1990 985 2024 exsul.
1000 1991 1311 2025 Proscribebantur
1327 2003 1410 2023 vero
1433 1999 1552 2036 patro-

881 2042 939 2085 ni,
968 2055 1074 2088 quum
1097 2043 1164 2077 illis
1181 2045 1235 2089 jus
1260 2051 1466 2088 patronatus
1486 2044 1554 2077 eri-

881 2103 1043 2141 peretur,
1072 2105 1111 2129 ut
1142 2109 1183 2129 ex
1215 2097 1420 2129 libertorum
1453 2097 1556 2130 bonis

882 2149 1058 2182 semissem
1086 2161 1130 2181 ne
1157 2150 1352 2194 acciperent
1383 2160 1390 2181 :
1419 2149 1466 2182 ita
1490 2149 1557 2182 im-

882 2202 1027 2247 proprie
1039 2202 1202 2234 vocathic
1213 2203 1375 2234 exsulem.
1387 2202 1438 2235 De
1451 2203 1560 2235 clien—

885 2255 979 2287 tibus
998 2262 1031 2287 et
1050 2255 1205 2298 patronis
1224 2254 1281 2287 hic
1300 2267 1371 2287 non
1393 2267 1474 2299 ago3
1495 2255 1561 2288 alia

888 2307 981 2339 enim
995 2310 1157 2351 suutjura
1171 2316 1397 2352 patronorum
1412 2308 1447 2340 in
1458 2308 1562 2341 clien-

891 2368 960 2398 tes,
986 2359 1051 2392 alia
1079 2360 1114 2392 in
1139 2360 1280 2393 libertos
1309 2373 1316 2393 ;
1343 2373 1417 2394 non
1449 2361 1562 2394 omnis

890 2412 996 2445 cliens
1010 2412 1155 2445 libertus
1168 2435 1177 2449 ,
1200 2413 1313 2447 (nn-‚lis
1331 2421 1443 2446 [amen
1459 2413 1564 2447 liber-

892 2474 945 2497 tus
964 2465 1080 2497 cliens.
1103 2466 1218 2498 Rader.

948 2518 979 2550 5.
999 2519 1137 2552 Tot-tum.
1151 2519 1431 2562 Jos.Scaligerin
1450 2519 1565 2552 Morc-

898 2579 970 2603 tum
993 2569 1035 2603 ad
1057 2583 1103 2603 vs.
1128 2571 1185 2604 32.
1208 2594 1257 2597 ⁷—
1284 2572 1394 2603 Totum
1416 2572 1567 2605 clientem.

900 2623 972 2656 Hoc
994 2632 1042 2656 est
1056 2649 1065 2663 ‚
1083 2624 1192 2657 civem
1215 2625 1406 2657 Romanum
1427 2625 1568 2669 integrae

902 2688 968 2708 ⁵11ae
980 2675 1137 2721 dignitati
1155 2677 1350 2712 restituere,
1366 2689 1467 2722 quem
1484 2691 1570 2710 nun-
