1978 3305
464 228 560 274 288
837 227 898 270 M.
926 226 1067 269 VAL.
1107 225 1498 268 MARTIALIS

463 317 574 359 riare
595 314 888 368 tentavimus3
908 328 963 355 ne
988 309 1146 355 caelesti
1167 309 1441 354 verecundiae
1467 319 1552 355 tuae
1574 309 1723 355 laudes
1751 323 1872 368 suas,

463 401 559 446 quae
582 383 748 428 facilius
769 393 811 426 te
834 382 1016 443 fatigare
1045 390 1251 442 possunt,
1270 396 1399 441 quam
1427 396 1507 424 nos
1534 381 1712 436 satiare,
1732 383 1872 426 omnis

463 471 615 498 versus
645 450 898 514 ingereret.¹
933 452 1148 509 Quamvis
1186 459 1332 494 autem
1359 449 1714 511 Epigrammata²
1747 467 1872 495 seve-

464 524 641 569 rissimis
670 539 872 584 quoque,
898 531 943 566 et
973 537 1186 582 supremae
1219 510 1434 565 fortunae³
1462 521 1568 565 viris
1602 523 1684 564 ista
1715 522 1874 582 scripta

465 596 550 639 sint
563 629 575 649 ,
595 603 645 637 ut
673 594 895 637 mimicam
908 590 924 612 ²⁸
943 592 1181 636 verborum
1203 589 1424 635 licentiam
1446 590 1675 635 affectasse
1694 591 1874 634 videan-

465 675 564 718 tur3
585 680 667 725 ego
690 673 837 707 tamen
858 653 966 707 illis⁵
986 679 1076 706 non
1096 662 1272 723 permisi
1291 671 1381 705 tam
1401 660 1561 705 lascive
1583 659 1725 722 loqui,
1744 673 1874 722 quam

465 734 618 779 solent.
649 735 800 791 Quum
833 749 934 794 pars
964 731 1060 776 libri
1088 742 1133 777 et
1166 732 1306 792 major
1334 741 1378 776 et
1406 730 1560 775 melior
1586 731 1642 774 ad
1672 731 1876 792 majesta-

467 816 555 849 tem
577 805 688 849 sacri
710 805 897 848 nominis
918 804 982 847 tui
1007 802 1191 863 allegata
1216 803 1293 859 sit,
1318 802 1565 846 meminerit
1589 818 1679 845 non
1703 802 1784 845 nisi
1811 818 1877 845 re-

467 865 662 937 ligionis⁶
686 874 988 935 purificatione
1020 872 1255 917 lustratus⁷
1287 871 1495 917 accedere
1524 872 1580 915 ad
1610 870 1773 933 templa
1799 871 1877 915 de-

468 947 583 990 bere.
618 944 752 1002 Quod
782 955 831 989 ut
866 943 1187 988 custoditurum
1224 959 1294 986 me
1331 941 1484 987 lecturi
1518 944 1679 997 sciant,
1708 943 1753 985 in
1785 942 1879 1003 ipso

469 1015 600 1060 libelli
620 1015 750 1076 hujus
776 1005 946 1059 limine8
966 1013 1163 1075 profiteri
1187 1013 1443 1065 brevissimo
1464 1012 1628 1073 placuit
1645 1013 1880 1073 Epigram-

469 1097 597 1131 mate.

530 1237 562 1258 1.
585 1223 702 1257 Omnes
728 1235 836 1256 versus
866 1225 1043 1267 ingererent
1066 1220 1146 1255 Ald.

471 1278 491 1311 J
496 1285 569 1310 unt.
587 1286 621 1310 et
631 1275 939 1315 Colin.-—Omnis,
952 1280 1017 1308 etc.
1035 1274 1150 1308 Omne

476 1331 701 1376 epigramma.

530 1396 561 1416 2.
584 1383 736 1426 Quamvis
751 1388 852 1413 autem
866 1407 875 1420 ,
894 1389 958 1414 etc.
981 1379 1067 1413 Vid.
1089 1379 1151 1413 lib.

475 1438 539 1477 IV,
560 1435 660 1481 epist.
681 1447 719 1468 1v
732 1460 741 1476 ,
763 1441 798 1467 et
818 1433 879 1466 lib.
897 1435 944 1475 V,
966 1433 1066 1479 epist.
1086 1444 1151 1474 111,

475 1489 582 1522 Plinii
599 1486 755 1521 Secundi
772 1499 836 1520 sua
856 1486 1052 1521 excusantis
1067 1485 1153 1519 hen-

477 1541 692 1587 decasyllaba
700 1567 707 1574 .

528 1595 562 1627 3.
600 1594 735 1627 Summae
769 1593 914 1636 sortunae
943 1592 980 1625 in
1011 1591 1154 1637 quibus·

475 1647 568 1689 dam,
584 1654 617 1680 et
632 1647 680 1680 sic
691 1644 812 1679 codice
823 1645 1031 1687 Pulmanni;
1047 1644 1152 1678 unice

477 1713 558 1735 sane
574 1698 835 1733 admittendum
847 1723 857 1741 ,
867 1699 896 1732 si
906 1698 1014 1732 Tullii
1034 1706 1068 1731 et
1082 1697 1155 1731 Ma·

476 1754 573 1788 ronis
593 1765 729 1786 coaevus
749 1760 882 1785 noster.
902 1751 1081 1785 En.-‹-Et
1100 1764 1154 1784 su-

474 1820 592 1852 prema>
594 1807 748 1849 fortnnae.
760 1805 856 1846 Quos
867 1804 961 1838 viros
971 1812 1156 1838 enumerat

478 1860 613 1893 Plinius
623 1857 742 1905 junior
753 1857 865 1898 lib.V‚
877 1857 976 1903 epist.
991 1869 1056 1897 111,
1068 1855 1154 1890 dum

480 1911 633 1946 ostendit
663 1912 911 1957 epigrammata
937 1909 1082 1955 quidem
1105 1909 1154 1942 la-

483 1966 575 1999 sciva
587 1992 596 2007 ,
618 1963 679 1998 sed
695 1964 978 2010 gravissimorum
997 1964 1154 1996 virorum

481 2019 643 2064 exemplo
659 2030 694 2051 se
714 2017 902 2062 scripsisse.

538 2076 571 2112 4.
600 2071 762 2104 Μὶηιὶεαηι
783 2069 838 2103 vel
859 2070 1014 2102 inimicam
1044 2066 1156 2101 codex

482 2124 664 2158 Pulmanni
682 2124 808 2165 habet,
830 2130 865 2155 et
887 2121 1047 2166 ambigua
1071 2121 1156 2154 scri-

481 2187 594 2223 ptura.
614 2175 705 2210 Vide
729 2189 793 2210 nos
814 2174 858 2209 ad
885 2174 1013 2209 Catull.
1037 2175 1153 2208 Carm.

483 2231 612 2271 LXIV,
650 2231 720 2264 288
751 2238 786 2262 et
816 2230 900 2272 ²89·
919 2227 989 2260 Alii
1018 2227 1155 2272 legunt,

485 2287 629 2322 mimam;
648 2281 745 2316 unde
765 2284 890 2314 nimiam
912 2281 947 2314 in
969 2279 1048 2313 edd.
1073 2288 1154 2313 vett.

485 2336 562 2369 Ald.
591 2337 689 2369 Junt.
719 2344 753 2368 et
775 2335 892 2369 Colin.
921 2354 973 2360 —-
994 2333 1157 2366 Mimicam

485 2386 651 2430 [nimiaml.
671 2389 786 2430 Quam
813 2389 849 2421 in
881 2386 1029 2420 mimicis
1053 2394 1085 2419 et
1104 2387 1158 2431 jo-

483 2454 562 2475 cose
579 2452 610 2475 et
632 2442 778 2475 licenter
794 2449 873 2474 ante
888 2441 1057 2473 Caesarem
1080 2439 1160 2472 acti-

1208 1229 1340 1263 tatum,
1361 1215 1416 1254 vel
1442 1221 1513 1254 hoc
1547 1220 1680 1266 conjice
1708 1219 1825 1266 quod,
1855 1221 1884 1254 si

1208 1274 1378 1307 Plautinis
1413 1281 1445 1306 et
1473 1277 1608 1306 numeris
1639 1274 1671 1306 ei
1704 1273 1822 1306 salibus
1846 1285 1884 1307 ea

1210 1326 1415 1360 contulisses
1433 1352 1443 1368 ‚
1477 1326 1515 1359 in
1549 1326 1605 1359 his
1637 1326 1815 1372 gravitatis
1852 1334 1886 1359 et

1210 1379 1450 1413 sanctimoniae
1467 1379 1621 1413 multum
1641 1378 1796 1412 dixisses.
1815 1379 1886 1413 Ne-

1211 1445 1280 1478 que
1295 1445 1380 1466 vero
1394 1441 1474 1478 post
1490 1432 1660 1466 Caesarem
1681 1431 1886 1478 imperanti-

1210 1486 1288 1525 bus,
1298 1485 1353 1518 his
1364 1486 1426 1530 qui
1438 1496 1502 1531 per
1515 1485 1710 1530 spectacula
1720 1498 1740 1518 a
1752 1485 1886 1530 populo

1211 1547 1245 1572 et
1271 1537 1478 1571 humillimis
1510 1539 1565 1582 jus
1597 1536 1819 1570 redimebant
1848 1537 1886 1570 in

1212 1590 1335 1624 altiora
1344 1590 1601 1636 proutlibitum
1617 1589 1783 1624 saeviendi
1797 1615 1806 1632 ,
1819 1603 1889 1623 ενα-

1210 1652 1298 1689 gatae
1309 1644 1419 1684 sraena
1437 1643 1572 1677 licentiae
1592 1643 1685 1677 ullus
1702 1638 1795 1677 obex
1822 1655 1887 1689 op-

1212 1698 1428 1743 ponebatur.

1269 1749 1303 1784 5.
1327 1751 1446 1783 Tamen
1468 1750 1543 1782 illis.
1568 1748 1889 1795 Epigrammatibus

1214 1815 1341 1848 nempe
1349 1828 1358 1844 ,
1365 1803 1492 1848 quibus
1501 1802 1716 1836 conveniunt
1727 1802 1887 1836 lasciviae.

1270 1860 1304 1890 6.
1323 1856 1399 1890 Non
1424 1857 1485 1888 nisi
1502 1855 1649 1899 religiosa
1673 1853 1778 1889 codd.
1792 1855 1887 1888 Vatt.

1215 1909 1372 1942 Florent.
1389 1917 1423 1943 et
1441 1908 1645 1949 Pulmanni3
1664 1916 1698 1941 et
1712 1908 1760 1941 sic
1778 1906 1889 1941 edidit

1216 1961 1366 1996 Sci-iver.
1377 1983 1425 1988 -—-
1436 1962 1511 1995 Non
1529 1963 1593 1993 nisi
1605 1961 1775 2006 religionis.
1797 1962 1890 1994 Deus

1215 2015 1308 2048 enim
1325 2022 1376 2048 est
1394 2014 1626 2047 Domitianus.
1643 2014 1722 2047 Lib.
1738 2014 1785 2054 V,
1800 2014 1888 2059 epig.

1214 2079 1296 2101 vm.
1323 2069 1415 2100 Deos
1441 2076 1556 2100 autem
1582 2066 1679 2100 adire
1709 2079 1782 2100 non
1809 2067 1891 2100 licet

1215 2120 1285 2154 nisi
1303 2128 1463 2166 purgato.

1270 2186 1304 2218 7.
1327 2174 1504 2207 Lustratos.
1528 2173 1661 2206 Beverl.
1684 2171 1758 2206 MS'.
1795 2171 1891 2218 quod

1217 2226 1320 2259 etiam
1340 2227 1491 2271 conject.
1513 2225 1710 2267 Gruterus,
1727 2223 1891 2259 dubitan-

1217 2288 1269 2312 ter
1288 2291 1384 2312 vero.

1272 2332 1306 2366 8.
1334 2333 1371 2365 ln
1406 2334 1473 2377 ipso
1506 2332 1610 2364 libello
1649 2332 1739 2376 liujus
1773 2333 1894 2364 nominc

1220 2384 1299 2418 Ald.
1330 2386 1430 2418 Jum.
1458 2385 1573 2418 Colin.
1597 2385 1734 2430 Gry-pli.
1763 2386 1794 2416 in
1823 2386 1890 2428 ipso

1220 2439 1317 2471 libelli
1333 2438 1422 2483 liujus
1439 2440 1537 2471 omine
1559 2435 1762 2471 Beverlandi
1780 2435 1852 2470 MS.
