1978 3305
444 225 541 282 348
813 226 874 269 Μ.
907 226 1048 270 VAL.
1090 226 1482 271 MARTIALIS

1028 375 1271 433 LXIII.

1007 531 1075 559 DE
1135 530 1301 560 AULO.

510 658 793 701 THESTYLON
823 653 961 699 Aulus
989 664 1132 711 amat,
1153 654 1229 699 sed
1258 670 1340 699 nec
1366 654 1510 698 minus
1539 651 1663 697 ardet
1686 651 1857 708 Alexim

584 726 782 770 Forsitan
810 735 853 770 et
880 735 1081 770 nostrum
1110 725 1170 770 sic
1194 725 1476 786 Hyacinthon
1502 733 1630 768 amat.

514 799 533 840 Ι
560 813 678 840 nunc
705 806 749 841 et
774 796 948 852 dubita,
969 805 1089 840 vates
1114 812 1171 840 an
1196 794 1348 857 diligat
1374 796 1514 856 ipsos,

583 865 770 911 Delicias
798 876 947 911 vatum
970 883 1105 927 quum
1133 882 1256 910 meus
1280 865 1418 910 Aulus
1449 873 1576 909 amet.

500 1013 517 1033 2
527 1025 534 1033 .
554 1001 703 1034 Forsitan
718 1009 748 1034 et
763 1008 902 1034 nostrum
918 1012 999 1033 nunc
1014 999 1051 1033 in
1066 1011 1123 1032 co·
1238 1004 1270 1040 4.
1295 999 1447 1032 Delicias.
1469 998 1545 1032 Hoc
1562 1006 1613 1031 est
1625 1022 1634 1039 ,
1652 1008 1780 1043 pueros
1798 994 1861 1029 de-

444 1052 521 1087 dice
537 1053 736 1089 Pulmanni.
1182 1051 1323 1094 licatos,
1340 1051 1401 1097 qui
1418 1050 1551 1085 deliciae
1565 1057 1766 1096 poetarum.

1042 1187 1273 1245 LXIV.

966 1345 1027 1374 IN
1077 1323 1347 1373 GLYTUM.'‘

660 1471 733 1514 UT
762 1486 939 1531 poscaS‚
971 1468 1122 1531 Clyte,
1149 1485 1335 1522 munus,
1360 1469 1616 1530 exigasque,

662 1542 766 1585 Uno
795 1541 984 1586 nasceris
1010 1537 1145 1584 octies
1175 1540 1219 1583 in
1248 1556 1382 1595 anno,

661 1613 718 1656 Et
748 1611 886 1668 solas,
911 1620 1047 1672 puto,
1074 1620 1217 1654 tresve
1233 1645 1244 1664 ,
1274 1619 1518 1671 quatuorve

660 1683 766 1726 Non
794 1680 1012 1726 natalitias
1038 1681 1173 1725 habes
1198 1680 1432 1726 Kalendas.

663 1754 726 1797 Sit
755 1752 902 1797 vultus
933 1752 1011 1797 tibi
1040 1751 1180 1796 levior
1207 1751 1357 1796 licebit
1856 1769 1869 1793 s

661 1823 791 1868 Tritis
817 1822 955 1867 litoris
984 1822 1092 1867 aridi
1118 1821 1299 1884 lapillis3

664 1894 729 1938 Sit
757 1910 882 1938 moro
912 1909 1038 1938 coma
1069 1894 1235 1954 nigrior
1261 1892 1450 1946 caduco;

506 2028 520 2042 “
534 2032 674 2079 Clytus,
690 2032 814 2078 saepius
828 2040 866 2065 ut
879 2032 922 2065 ab
938 2031 1060 2065 amicis
1074 2043 1133 2064 na·
1193 2039 1362 2076 quatuor,
1386 2030 1494 2064 habes
1518 2030 1683 2064 fictitium
1707 2031 1868 2064 natalem.

453 2086 563 2120 talitia
579 2097 723 2119 munera
746 2085 938 2131 reciperet,
958 2085 1029 2118 fere
1046 2092 1133 2130 quot
1248 2087 1281 2123 ά.
1313 2083 1438 2116 Haben·
1472 2082 1631 2117 calendas
1661 2082 1871 2117 Beverlandi

451 2137 612 2172 kalendis
633 2138 829 2172 celebrabat
850 2138 999 2172 natalem
1015 2150 1129 2171 suum.
1191 2136 1266 2170 MS.
1277 2163 1286 2178 ‚
1305 2144 1525 2182 repugnante
1542 2148 1660 2170 versu.

452 2192 559 2226 Poeta
572 2190 828 2238 impudentiam
839 2191 993 2224 hominis
1005 2190 1131 2236 arguit,
1246 2191 1280 2223 5.
1300 2190 1374 2222 Tibi
1388 2191 1497 2222 loevior
1510 2189 1615 2222 licebit
1629 2190 1665 2222 in
1681 2187 1872 2223 eodem.—

453 2253 488 2278 et
501 2253 622 2278 monet
635 2253 675 2279 ut
689 2244 794 2277 semel
810 2253 887 2290 agat
899 2244 1133 2290 genethliaca,
1191 2242 1242 2276 Sic
1265 2242 1372 2275 vultus
1385 2270 1393 2283 ,
1417 2250 1482 2276 etc.
1505 2241 1558 2276 Sis
1578 2242 1661 2276 licet
1686 2242 1850 2276 imberbis
1864 2269 1874 2284 ,

453 2298 583 2346 alioqui
602 2310 637 2331 se
656 2297 743 2331 nihil
760 2297 945 2331 missurum
960 2321 970 2338 ,
990 2295 1050 2331 sed
1070 2308 1132 2329 ne·
1192 2295 1291 2329 crine
1312 2296 1432 2341 niger,
1448 2304 1547 2329 tener
1565 2304 1599 2329 et
1617 2295 1754 2338 mollis;
1775 2295 1873 2329 Pria-

453 2352 651 2397 glecturum
670 2349 817 2397 perinde
836 2362 874 2384 ac
893 2350 919 2384 si
943 2358 1044 2384 natus
1060 2362 1132 2383 non
1193 2361 1288 2382 mum
1304 2357 1419 2382 tamen
1436 2357 1469 2383 et
1485 2349 1632 2383 Nestora
1648 2349 1750 2382 annis
1766 2360 1873 2394 supe-

454 2404 575 2438 fuisset
594 2416 760 2450 unquam.
779 2403 896 2437 Rader.
1193 2414 1270 2436 rare
1297 2401 1446 2443 videris,
1473 2402 1536 2449 qui
1560 2402 1663 2436 toties
1691 2401 1874 2436 celebraris

511 2470 543 2490 α.
562 2457 710 2491 Nasceris
727 2458 831 2490 octies.
849 2456 926 2489 Hoc
942 2464 1012 2496 est,
1036 2464 1132 2489 nata·
1194 2455 1358 2489 natalem.

455 2509 569 2542 litium
588 2509 681 2542 (lieni
702 2509 810 2543 octies
830 2510 1001 2550 celebras,
1021 2517 1059 2542 ut
1081 2517 1133 2542 to·
1250 2521 1282 2553 7.
1302 2508 1396 2541 Mor-0
1424 2511 1546 2552 nigrior
1574 2509 1701 2541 caduco.
1723 2507 1798 2541 Hoc
1824 2516 1874 2540 est

458 2562 521 2595 iios
543 2575 685 2596 munt-ra
709 2562 868 2609 accipias.
1196 2569 1334 2595 maturo
1348 2587 1358 2602 ‚
1378 2560 1553 2607 quidquid
1576 2561 1671 2594 enim
1693 2568 1871 2593 maturum

509 2615 764 2659 3.Snl‹1sputo‚
783 2623 847 2648 etc.
871 2614 1023 2661 Singulis
1044 2628 1135 2648 nien-
1195 2623 1321 2660 sponte
1349 2613 1491 2648 decidit.
1519 2613 1584 2647 Adi
1611 2614 1671 2646 lib.
1700 2614 1736 2652 1,
1763 2614 1871 2659 epigr.

453 2669 567 2707 silius,
593 2669 744 2713 excepti>
776 2677 910 2702 tantuin
939 2669 1048 2702 tribus
1077 2677 1135 2701 ’.ιιιῐ
1199 2680 1336 2706 Luni,
1362 2680 1410 2700 vs·
1436 2668 1466 2699 5.
